{"host":"jq8d8epkoknfq6em","time":1613492220,"event":{"mods":["AchievementEnabler","BaseMod","Colored Map","Colored Powertips","Highlight Path","Minty Spire (QoL Compilation)","Quick Restart","Relic Stats","StSLib"],"gold_per_floor":[19,35,49,67,82,110,188,213,263,263,263],"floor_reached":10,"language":"ENG","playtime":8286,"items_purged":[],"score":140,"play_id":"c92150c9-0edd-4b3b-8353-f9df9a2ac586","local_time":"20210216171700","is_ascension_mode":true,"campfire_choices":[],"circlet_count":0,"master_deck":["AscendersBane","Strike_R","Strike_R","Strike_R","Strike_R","Strike_R","Defend_R","Defend_R","Defend_R","Defend_R","Bash","Bludgeon","Headbutt","Shrug It Off","Impervious","Battle Trance","Battle Trance","Shrug It Off"],"relics":["Burning Blood","The Courier","Bag of Marbles","Dream Catcher"],"acts_visited":["Exordium"],"potions_floor_usage":[4,8],"damage_taken":[{"damage":6,"enemies":"2 Louse","floor":1,"turns":3},{"damage":5,"enemies":"Small Slimes","floor":2,"turns":3},{"damage":1,"enemies":"Cultist","floor":3,"turns":3},{"damage":0,"enemies":"Blue Slaver","floor":4,"turns":2},{"damage":22,"enemies":"3 Louse","floor":5,"turns":3},{"damage":30,"enemies":"Lagavulin","floor":6,"turns":6},{"damage":17,"enemies":"3 Sentries","floor":8,"turns":8},{"damage":32,"enemies":"Lagavulin","floor":10,"turns":5}],"seed_played":"-3046506698630768825","potions_obtained":[{"floor":1,"key":"DistilledChaos"},{"floor":2,"key":"Fire Potion"}],"is_trial":false,"path_per_floor":["M","M","M","M","M","E","?","E","T","E"],"character_chosen":"IRONCLAD","items_purchased":[],"campfire_rested":0,"item_purchase_floors":[],"current_hp_per_floor":[68,69,74,75,59,35,35,24,24,0,0],"gold":263,"neow_bonus":"THREE_RARE_CARDS","is_daily":false,"chose_seed":false,"campfire_upgraded":0,"win_rate":0.0,"timestamp":1613492220,"path_taken":["M","M","M","M","M","E","?","E","T","E"],"items_purchased_type":[],"build_version":"2020-12-22","purchased_purges":0,"victory":false,"max_hp_per_floor":[75,75,75,75,75,75,75,75,75,75,75],"relic_stats":{"Dream Catcher":0,"counters":[8,33],"obtain_stats":[{"Dream Catcher":9,"The Courier":6,"Bag of Marbles":8,"Burning Blood":0},{"Dream Catcher":7,"The Courier":6,"Bag of Marbles":7,"Burning Blood":0},{"Dream Catcher":28,"The Courier":20,"Bag of Marbles":28,"Burning Blood":0}],"Burning Blood":37},"card_choices":[{"not_picked":["Brutality","Berserk"],"picked":"Bludgeon","floor":0},{"not_picked":["Rupture","Body Slam"],"picked":"Headbutt","floor":1},{"not_picked":["Headbutt","Twin Strike"],"picked":"Shrug It Off","floor":2},{"not_picked":["Pommel Strike","Sever Soul","Havoc"],"picked":"SKIP","floor":3},{"not_picked":["Armaments","Thunderclap"],"picked":"Impervious","floor":4},{"not_picked":["Warcry","Combust"],"picked":"Battle Trance","floor":5},{"not_picked":["Rampage","Clash"],"picked":"Battle Trance","floor":6},{"not_picked":["Infernal Blade","Iron Wave"],"picked":"Shrug It Off","floor":8}],"player_experience":1034585,"relics_obtained":[{"floor":6,"key":"The Courier"},{"floor":8,"key":"Bag of Marbles"},{"floor":9,"key":"Dream Catcher"}],"event_choices":[{"damage_healed":0,"gold_gain":78,"player_choice":"Gained Gold","damage_taken":0,"max_hp_gain":0,"max_hp_loss":0,"event_name":"Golden Wing","floor":7,"gold_loss":0}],"is_beta":false,"boss_relics":[],"items_purged_floors":[],"is_endless":false,"potions_floor_spawned":[1,2],"killed_by":"Lagavulin","ascension_level":15}}