{"host":"xw5nub7n7iasb503","time":1613460789,"event":{"mods":["BaseMod","Minty Spire (QoL Compilation)"],"gold_per_floor":[109,122,122,138,148,148,183,35,104,162,173,173,173],"floor_reached":12,"language":"ENG","playtime":729,"items_purged":[],"score":80,"play_id":"64d7f5f9-9a6b-4693-9f40-ef94be08e661","local_time":"20210216003309","is_ascension_mode":false,"campfire_choices":[{"data":"Noxious Fumes","floor":6,"key":"SMITH"}],"circlet_count":0,"master_deck":["Strike_G","Strike_G","Strike_G","Strike_G","Defend_G+1","Defend_G","Defend_G","Defend_G","Defend_G+1","Survivor","Neutralize","Noxious Fumes+1","Dodge and Roll","Bane"],"relics":["Ring of the Snake","Boot","Tingsha","TwistedFunnel","Mummified Hand","War Paint"],"acts_visited":["Exordium"],"potions_floor_usage":[5,7,11],"damage_taken":[{"damage":0,"enemies":"Cultist","floor":1,"turns":3},{"damage":3,"enemies":"2 Louse","floor":2,"turns":3},{"damage":0,"enemies":"Small Slimes","floor":4,"turns":3},{"damage":0,"enemies":"3 Louse","floor":5,"turns":1},{"damage":23,"enemies":"Lagavulin","floor":7,"turns":9},{"damage":38,"enemies":"Gremlin Nob","floor":10,"turns":5},{"damage":0,"enemies":"Large Slime","floor":11,"turns":6},{"damage":6,"enemies":"Gremlin Nob","floor":12,"turns":3}],"seed_played":"-2224390874356051069","potions_obtained":[{"floor":1,"key":"Explosive Potion"},{"floor":4,"key":"GhostInAJar"},{"floor":10,"key":"Weak Potion"}],"is_trial":false,"path_per_floor":["M","M","?","M","M","R","E","$","T","?","M","E"],"character_chosen":"THE_SILENT","items_purchased":["TwistedFunnel"],"campfire_rested":0,"item_purchase_floors":[8],"current_hp_per_floor":[70,67,67,67,67,67,44,44,44,6,6,0,0],"gold":173,"neow_bonus":"RANDOM_COMMON_RELIC","is_daily":false,"chose_seed":false,"campfire_upgraded":1,"win_rate":0.0,"timestamp":1613460789,"path_taken":["M","?","?","?","?","R","E","$","T","?","M","E"],"items_purchased_type":["Relic"],"build_version":"2020-12-22","purchased_purges":0,"victory":false,"max_hp_per_floor":[70,70,70,70,70,70,70,70,70,70,70,70,70],"card_choices":[{"not_picked":["Finisher","Outmaneuver","Reflex"],"picked":"SKIP","floor":1},{"not_picked":["Prepared","Acrobatics","Quick Slash"],"picked":"SKIP","floor":2},{"not_picked":["Flechettes","Acrobatics"],"picked":"Noxious Fumes","floor":4},{"not_picked":["Setup","Reflex","Skewer"],"picked":"SKIP","floor":5},{"not_picked":["Well Laid Plans","Blade Dance"],"picked":"Dodge and Roll","floor":7},{"not_picked":["Dagger Spray","Eviscerate"],"picked":"Bane","floor":11}],"player_experience":131051,"relics_obtained":[{"floor":7,"key":"Tingsha"},{"floor":9,"key":"Mummified Hand"},{"floor":10,"key":"War Paint"}],"event_choices":[{"cards_removed":["Strike_G"],"damage_healed":0,"gold_gain":0,"player_choice":"Offered Basic","damage_taken":0,"max_hp_gain":0,"max_hp_loss":0,"event_name":"Bonfire Elementals","floor":3,"gold_loss":0},{"damage_healed":0,"gold_gain":30,"player_choice":"Searched \u00273\u0027 times","damage_taken":0,"max_hp_gain":0,"max_hp_loss":0,"event_name":"Dead Adventurer","floor":10,"gold_loss":0}],"is_beta":false,"boss_relics":[],"items_purged_floors":[],"is_endless":false,"potions_floor_spawned":[1,4,10],"killed_by":"Gremlin Nob","ascension_level":0}}