{"host":"w1l5t0a1l2lkq6my","time":1613464140,"event":{"mods":["Bartender","BaseMod","Lobotomy","LobotomyExtend","Magitek Elite","Minty Spire (QoL Compilation)","StSLib","The Gatherer","Yuyuko"],"gold_per_floor":[115,132,307,382,256,256,256,256],"floor_reached":7,"language":"ENG","playtime":379,"items_purged":["Doubt"],"score":39,"play_id":"c9a6b9ed-7f7b-4543-ae42-e645651a773f","local_time":"20210216012900","is_ascension_mode":false,"campfire_choices":[{"floor":6,"key":"REST"}],"circlet_count":0,"master_deck":["Fantasy Butterflies","Fantasy Butterflies","Fantasy Butterflies","Fantasy Butterflies","Fantasy Butterflies","Dreamy Sakura","Dreamy Sakura","Dreamy Sakura","Dreamy Sakura","Dreamy Sakura","Deathly Ground","Faramita\u0027s Temptation","CrumblingArmor","Dancing Butterflies","FairyFestival","All Wander"],"relics":["Coronal","Yuyuko\u0027s fan","CogitoBucket","LetterFromLob"],"acts_visited":["Exordium"],"potions_floor_usage":[],"damage_taken":[{"damage":31,"enemies":"Jaw Worm","floor":1,"turns":4},{"damage":20,"enemies":"2 Louse","floor":2,"turns":3},{"damage":30,"enemies":"Gremlin Nob","floor":7,"turns":4}],"seed_played":"8021939144112419030","potions_obtained":[{"floor":2,"key":"Fruit Juice"}],"is_trial":false,"path_per_floor":["M","M","?","?","$","R","E"],"character_chosen":"YUYOKO","items_purchased":["Firefly"],"campfire_rested":1,"item_purchase_floors":[5],"current_hp_per_floor":[27,17,17,6,6,18,0,0],"gold":256,"neow_bonus":"","is_daily":false,"chose_seed":false,"campfire_upgraded":0,"win_rate":0.0,"timestamp":1613464140,"path_taken":["M","M","?","?","$","R","E"],"items_purchased_type":["Potion"],"build_version":"2020-12-22","purchased_purges":1,"victory":false,"max_hp_per_floor":[40,40,40,40,40,40,40,40],"card_choices":[{"not_picked":["OSAHOGD","MeatLantern"],"picked":"CrumblingArmor","floor":1},{"not_picked":["Trap Lamp","Bomb"],"picked":"Dancing Butterflies","floor":1},{"not_picked":["Variant","Murderer"],"picked":"FairyFestival","floor":2},{"not_picked":["Bloom","Linger over Flower"],"picked":"All Wander","floor":2}],"player_experience":108003,"relics_obtained":[{"floor":1,"key":"LetterFromLob"}],"event_choices":[{"damage_healed":0,"gold_gain":175,"player_choice":"AGREE","damage_taken":0,"max_hp_gain":0,"max_hp_loss":0,"event_name":"Liars Game","floor":3,"gold_loss":0,"cards_obtained":["Doubt"]},{"damage_healed":0,"gold_gain":75,"player_choice":"Gather Gold","damage_taken":11,"max_hp_gain":0,"max_hp_loss":0,"event_name":"World of Goop","floor":4,"gold_loss":0}],"is_beta":false,"boss_relics":[],"items_purged_floors":[5],"is_endless":false,"potions_floor_spawned":[2],"killed_by":"Gremlin Nob","ascension_level":0}}