{"host":"zk2wr01vh49shv6l","time":1613441370,"event":{"mods":["BaseMod","Hermit","Minty Spire (QoL Compilation)","Replay The Spire","StSLib","The Bug Knight"],"gold_per_floor":[115,125,200,200,213,243,243,25,25,60,60,60,60,74,74,74,74],"floor_reached":16,"language":"PTB","playtime":716,"items_purged":[],"score":113,"play_id":"d4d39d43-e444-40b7-bf43-8546aafbcec0","local_time":"20210216000930","is_ascension_mode":true,"campfire_choices":[{"data":"Flex","floor":7,"key":"SMITH"},{"floor":11,"key":"REST"},{"floor":15,"key":"REST"}],"circlet_count":0,"master_deck":["Strike_R","Strike_R","Strike_R","Strike_R","Strike_R","Defend_R","Defend_R","Defend_R","Defend_R","Bash","Anger+1","Twin Strike","Flex+1","Spot Weakness","True Grit+1","Chrysalis","Chrysalis","Rampage","Clash","Injury","Perfected Strike"],"relics":["Burning Blood","NeowsBlessing","Blue Doll","Snack Pack","Mirror","Golden Idol","Nunchaku"],"acts_visited":["Exordium"],"potions_floor_usage":[6,10,14],"damage_taken":[{"damage":0,"enemies":"2 Louse","floor":1,"turns":1},{"damage":0,"enemies":"Small Slimes","floor":2,"turns":1},{"damage":0,"enemies":"Jaw Worm","floor":5,"turns":1},{"damage":11,"enemies":"Lagavulin","floor":6,"turns":5},{"damage":34,"enemies":"Gremlin Nob","floor":10,"turns":4},{"damage":0,"enemies":"Gremlin Gang","floor":14,"turns":4},{"damage":91,"enemies":"The Guardian","floor":16,"turns":9}],"seed_played":"3302157320940826400","potions_obtained":[{"floor":2,"key":"Energy Potion"},{"floor":6,"key":"Venom Potion"},{"floor":10,"key":"AttackPotion"}],"is_trial":false,"path_per_floor":["M","M","?","?","M","E","R","$","T","E","R","?","T","M","R","B"],"character_chosen":"IRONCLAD","items_purchased":["True Grit+1","Chrysalis","Rampage"],"campfire_rested":2,"item_purchase_floors":[8,8,8],"current_hp_per_floor":[80,80,69,69,75,70,70,70,70,42,66,66,66,74,80,0,0],"gold":74,"neow_bonus":"THREE_ENEMY_KILL","is_daily":false,"chose_seed":false,"campfire_upgraded":1,"win_rate":0.0,"timestamp":1613441370,"path_taken":["M","M","?","?","M","E","R","$","T","E","R","?","?","M","R","BOSS"],"items_purchased_type":["Card","Card","Card"],"build_version":"2020-12-22","purchased_purges":0,"victory":false,"max_hp_per_floor":[80,80,80,80,80,80,80,80,80,80,80,80,80,80,80,80,80],"card_choices":[{"not_picked":["Cleave","True Grit"],"picked":"Anger","floor":1},{"not_picked":["Rupture","Clothesline"],"picked":"Twin Strike","floor":2},{"not_picked":["Intimidate","Defy Death"],"picked":"Flex","floor":5},{"not_picked":["Rage","Disarm"],"picked":"Spot Weakness","floor":6},{"not_picked":["ReplayTheSpireMod:Muscle Training","Metallicize"],"picked":"Clash","floor":10},{"not_picked":["Whirlwind","Armaments"],"picked":"Perfected Strike","floor":14}],"player_experience":203693,"relics_obtained":[{"floor":6,"key":"Blue Doll"},{"floor":9,"key":"Snack Pack"},{"floor":10,"key":"Mirror"},{"floor":13,"key":"Nunchaku"}],"event_choices":[{"damage_healed":0,"gold_gain":75,"player_choice":"Gather Gold","damage_taken":11,"max_hp_gain":0,"max_hp_loss":0,"event_name":"World of Goop","floor":3,"gold_loss":0},{"damage_healed":0,"gold_gain":0,"player_choice":"Grow","damage_taken":0,"max_hp_gain":0,"max_hp_loss":0,"event_name":"Living Wall","floor":4,"gold_loss":0,"cards_upgraded":["Anger"]},{"damage_healed":0,"gold_gain":0,"player_choice":"Take Wound","damage_taken":0,"relics_obtained":["Golden Idol"],"max_hp_gain":0,"max_hp_loss":0,"event_name":"Golden Idol","floor":12,"gold_loss":0,"cards_obtained":["Injury"]}],"is_beta":false,"boss_relics":[],"items_purged_floors":[],"is_endless":false,"potions_floor_spawned":[2,6,10],"killed_by":"The Guardian","ascension_level":1}}