{"host":"mi0eibewekhugwl1","time":1613483489,"event":{"mods":["AchievementEnabler","BaseMod","Colored Map","Colored Powertips","DeckTracker","Keyboard Shortcuts","Minty Spire (QoL Compilation)","Quick Restart","Rare Cards Sparkle","Relic Stats","StSLib","SuperFastMode","everything is the same but u backflip on backflip"],"gold_per_floor":[112,124,124,124,150,150,169,8,33,33,49,49,70,90,90,186,186,204,184,198,22,46,46,67,67,67,82,96,96,21,59,59,59,59],"floor_reached":33,"language":"KOR","playtime":874,"items_purged":["Strike_G","Strike_G"],"score":568,"play_id":"8c1d2f36-580a-49b2-b851-314f18a52654","local_time":"20210216225129","is_ascension_mode":true,"campfire_choices":[{"floor":6,"key":"REST"},{"data":"Predator","floor":12,"key":"SMITH"},{"data":"Footwork","floor":15,"key":"SMITH"},{"floor":23,"key":"REST"},{"floor":25,"key":"REST"},{"floor":32,"key":"REST"}],"circlet_count":0,"master_deck":["AscendersBane","Defend_G","Defend_G","Defend_G","Defend_G","Defend_G","Survivor","Neutralize","Master of Strategy","Predator+1","Footwork+1","PiercingWail","Backflip","Corpse Explosion","Deflect","Noxious Fumes","Leg Sweep","Footwork","Crippling Poison","Infinite Blades+1","Tools of the Trade","Acrobatics","Backflip+1"],"relics":["Ring of the Serpent","Golden Idol","Oddly Smooth Stone","Dream Catcher","Matryoshka","Frozen Egg 2"],"acts_visited":["Exordium","TheCity"],"potions_floor_usage":[16,20,22,22,22,27,31],"damage_taken":[{"damage":13.0,"enemies":"Jaw Worm","floor":1.0,"turns":6.0},{"damage":0.0,"enemies":"Small Slimes","floor":2.0,"turns":4.0},{"damage":0,"enemies":"2 Louse","floor":7,"turns":4},{"damage":5,"enemies":"Red Slaver","floor":11,"turns":8},{"damage":11,"enemies":"2 Fungi Beasts","floor":13,"turns":4},{"damage":0,"enemies":"3 Louse","floor":14,"turns":4},{"damage":34,"enemies":"The Guardian","floor":16,"turns":22},{"damage":18,"enemies":"Spheric Guardian","floor":18,"turns":5},{"damage":35,"enemies":"Chosen","floor":20,"turns":8},{"damage":0,"enemies":"Centurion and Healer","floor":22,"turns":7},{"damage":37,"enemies":"Cultist and Chosen","floor":24,"turns":8},{"damage":3,"enemies":"3 Cultists","floor":27,"turns":4},{"damage":3,"enemies":"Snake Plant","floor":28,"turns":10},{"damage":12,"enemies":"Book of Stabbing","floor":31,"turns":10},{"damage":30,"enemies":"Automaton","floor":33,"turns":10}],"seed_played":"4829949996221420590","potions_obtained":[{"floor":7,"key":"SteroidPotion"},{"floor":13,"key":"DuplicationPotion"},{"floor":16,"key":"EntropicBrew"},{"floor":18,"key":"Regen Potion"},{"floor":20,"key":"Regen Potion"},{"floor":28,"key":"BlessingOfTheForge"}],"is_trial":false,"path_per_floor":["M","M","?","?","T","R","M","$","T","?","M","R","M","M","R","B",null,"M","?","M","$","M","R","M","R","T","M","M","?","?","E","R","B"],"character_chosen":"THE_SILENT","items_purchased":["Footwork","Noxious Fumes"],"campfire_rested":4,"item_purchase_floors":[8,21],"current_hp_per_floor":[31,31,31,31,31,49,49,49,49,54,49,49,38,38,38,4,50,32,32,12,12,27,46,9,28,28,25,22,22,22,10,29,0,0],"gold":59,"neow_bonus":"RANDOM_COLORLESS_2","is_daily":false,"chose_seed":false,"campfire_upgraded":2,"win_rate":0.0,"timestamp":1613483489,"path_taken":["M","M","?","?","?","R","M","$","T","?","M","R","M","M","R","BOSS","M","?","M","$","M","R","M","R","T","?","M","?","?","E","R","BOSS"],"items_purchased_type":["Card","Card"],"build_version":"2020-12-22","purchased_purges":2,"victory":false,"max_hp_per_floor":[66,66,66,60,60,60,60,60,60,65,65,65,65,65,65,65,65,65,65,65,65,65,65,65,65,65,65,65,65,65,65,65,65,65],"relic_stats":{"Dream Catcher":3,"counters":[15,114],"Golden Idol":64,"obtain_stats":[{"Dream Catcher":9,"Matryoshka":26,"Golden Idol":4,"Oddly Smooth Stone":5,"Frozen Egg 2":31,"Ring of the Serpent":17,"Ring of the Snake":0},{"Dream Catcher":3,"Matryoshka":11,"Golden Idol":2,"Oddly Smooth Stone":2,"Frozen Egg 2":14,"Ring of the Serpent":7,"Ring of the Snake":0},{"Dream Catcher":14,"Matryoshka":80,"Golden Idol":10,"Oddly Smooth Stone":10,"Frozen Egg 2":104,"Ring of the Serpent":52,"Ring of the Snake":0}]},"card_choices":[{"not_picked":["Violence","Magnetism"],"picked":"Master of Strategy","floor":0.0},{"not_picked":["Terror","Sucker Punch","Slice"],"picked":"SKIP","floor":1.0},{"not_picked":["Deflect","Slice","Bane"],"picked":"SKIP","floor":2.0},{"not_picked":["Masterful Stab","Prepared"],"picked":"Predator","floor":7},{"not_picked":["Deflect","Outmaneuver"],"picked":"PiercingWail","floor":11},{"not_picked":["Finisher","Prepared"],"picked":"Backflip","floor":13},{"not_picked":["Catalyst","Quick Slash","Setup"],"picked":"SKIP","floor":14},{"not_picked":["Doppelganger","Burst"],"picked":"Corpse Explosion","floor":16},{"not_picked":["Blade Dance","Caltrops"],"picked":"Deflect","floor":18},{"not_picked":["Expertise","Prepared","PiercingWail"],"picked":"SKIP","floor":20},{"not_picked":["Deflect","Caltrops","Expertise+1"],"picked":"SKIP","floor":22},{"not_picked":["A Thousand Cuts","Underhanded Strike"],"picked":"Leg Sweep","floor":23},{"not_picked":["Dagger Spray","PiercingWail"],"picked":"Footwork","floor":24},{"not_picked":["Flying Knee+1","Endless Agony"],"picked":"Crippling Poison","floor":27},{"not_picked":["Blade Dance","Calculated Gamble"],"picked":"Infinite Blades+1","floor":28},{"not_picked":["PiercingWail","Flying Knee+1","Skewer"],"picked":"SKIP","floor":31},{"not_picked":["Masterful Stab","Underhanded Strike"],"picked":"Backflip+1","floor":32}],"player_experience":1808029,"relics_obtained":[{"floor":5,"key":"Oddly Smooth Stone"},{"floor":9,"key":"Dream Catcher"},{"floor":26,"key":"Matryoshka"},{"floor":31,"key":"Frozen Egg 2"}],"event_choices":[{"damage_healed":0,"gold_gain":0,"player_choice":"Fled","damage_taken":0,"max_hp_gain":0,"max_hp_loss":0,"event_name":"Scrap Ooze","floor":3,"gold_loss":0},{"damage_healed":0,"gold_gain":0,"player_choice":"Lose Max HP","damage_taken":0,"relics_obtained":["Golden Idol"],"max_hp_gain":0,"max_hp_loss":6,"event_name":"Golden Idol","floor":4,"gold_loss":0},{"damage_healed":0,"gold_gain":0,"player_choice":"Donut","damage_taken":0,"max_hp_gain":5,"max_hp_loss":0,"event_name":"Big Fish","floor":10,"gold_loss":0},{"damage_healed":0,"gold_gain":0,"player_choice":"Bought 1 Potion","damage_taken":0,"max_hp_gain":0,"max_hp_loss":0,"event_name":"The Woman in Blue","floor":19,"gold_loss":0},{"damage_healed":0,"gold_gain":0,"cards_transformed":["Strike_G","Strike_G"],"player_choice":"Became Test Subject","damage_taken":0,"max_hp_gain":0,"max_hp_loss":0,"event_name":"Drug Dealer","floor":29,"gold_loss":0,"cards_obtained":["Tools of the Trade","Acrobatics"]},{"cards_removed":["Strike_G"],"damage_healed":0,"gold_gain":0,"player_choice":"Gave Gold","damage_taken":0,"max_hp_gain":0,"max_hp_loss":0,"event_name":"Beggar","floor":30,"gold_loss":75}],"is_beta":false,"boss_relics":[{"not_picked":["Runic Dome","Empty Cage"],"picked":"Ring of the Serpent"}],"items_purged_floors":[8,21],"is_endless":false,"potions_floor_spawned":[7,13,14,16,18,20,28],"killed_by":"Automaton","ascension_level":20}}