{"host":"l2lylj0omvglf5x0","time":1613481880,"event":{"mods":["2.2 Compatiblity","BaseMod","Bestiary","Block Reminder","Colored Map","Colored Powertips","Curses Come First","Highlight Path","Keyboard Shortcuts","Minty Spire (QoL Compilation)","Relic Sorter","Relic Stats","Slay the Relics Exporter","StSLib","SuperFastMode"],"gold_per_floor":[359,374,374,391,0,0,0],"floor_reached":6,"language":"ENG","playtime":196,"items_purged":["Strike_B"],"score":50,"play_id":"68a1f70e-e7f5-4bdf-8946-a13f4a652dc3","local_time":"20210216142440","is_ascension_mode":true,"campfire_choices":[],"circlet_count":0,"master_deck":["Strike_B","Strike_B","Strike_B+1","Defend_B","Defend_B","Defend_B+1","Defend_B","Zap","Dualcast","Static Discharge","Fusion","Self Repair"],"relics":["Cracked Core","Symbiotic Virus"],"acts_visited":["Exordium"],"potions_floor_usage":[4],"damage_taken":[{"damage":1,"enemies":"Cultist","floor":1,"turns":3},{"damage":0,"enemies":"Small Slimes","floor":2,"turns":3},{"damage":4,"enemies":"Jaw Worm","floor":4,"turns":4},{"damage":32,"enemies":"3 Sentries","floor":6,"turns":4}],"seed_played":"3082052758208610830","potions_obtained":[{"floor":1,"key":"Weak Potion"},{"floor":2,"key":"Weak Potion"}],"is_trial":false,"path_per_floor":["M","M","?","M","$","E"],"character_chosen":"DEFECT","items_purchased":["Symbiotic Virus","Self Repair"],"campfire_rested":0,"item_purchase_floors":[5,5],"current_hp_per_floor":[49,49,34,30,30,0,0],"gold":0,"neow_bonus":"TWO_FIFTY_GOLD","is_daily":false,"chose_seed":false,"campfire_upgraded":0,"win_rate":0.0,"timestamp":1613481880,"path_taken":["M","M","?","M","$","E"],"items_purchased_type":["Relic","Card"],"build_version":"2020-12-22","purchased_purges":1,"victory":false,"max_hp_per_floor":[75,75,75,75,75,75,75],"relic_stats":{"counters":[4,14],"obtain_stats":[{"Cracked Core":0,"Symbiotic Virus":5},{"Cracked Core":0,"Symbiotic Virus":3},{"Cracked Core":0,"Symbiotic Virus":10}]},"card_choices":[{"not_picked":["FTL","Melter"],"picked":"Static Discharge","floor":1},{"not_picked":["Tempest","Skim"],"picked":"Fusion","floor":2},{"not_picked":["Streamline","Stack","Undo"],"picked":"SKIP","floor":4}],"player_experience":957011,"relics_obtained":[],"event_choices":[{"damage_healed":0,"gold_gain":0,"player_choice":"Entered Light","damage_taken":15,"max_hp_gain":0,"max_hp_loss":0,"event_name":"Shining Light","floor":3,"gold_loss":0,"cards_upgraded":["Strike_B","Defend_B"]}],"is_beta":false,"boss_relics":[],"items_purged_floors":[5],"is_endless":false,"potions_floor_spawned":[1,2],"killed_by":"3 Sentries","ascension_level":8}}