{"host":"Kubo","time":1613498320,"event":{"mods":["BaseMod","Downfall","Minty Spire (QoL Compilation)","Replay The Spire","StSLib"],"gold_per_floor":[119,119,44,44,44,79,93,93,120,137,172,187,187,187,187,287,287,301,301,314,229,244,244,262,287,326,366,233,233,233,249,249,249,249],"floor_reached":33,"language":"ENG","playtime":1362,"items_purged":["Strike_G","downfall:Icky"],"score":334,"play_id":"c48cca88-1fe5-4298-a534-358730c55242","local_time":"20210216185840","is_ascension_mode":true,"campfire_choices":[{"data":"Accuracy","floor":8,"key":"SMITH"},{"data":"Cloak And Dagger","floor":13,"key":"SMITH"},{"data":"Cloak And Dagger","floor":23,"key":"SMITH"},{"data":"Cloak And Dagger","floor":30,"key":"SMITH"},{"data":"Neutralize","floor":32,"key":"SMITH"}],"circlet_count":0,"master_deck":["Strike_G","Strike_G+1","Strike_G","Strike_G","Defend_G","Defend_G+1","Defend_G","Defend_G","Defend_G","Survivor","Neutralize+1","Glass Knife+1","ReplayTheSpireMod:Speed Training","Accuracy+1","Cloak And Dagger+1","Dagger Spray","Storm of Steel","Cloak And Dagger+1","Hallucinations","Accuracy+1","Storm of Steel","Cloak And Dagger+1","Blade Dance+1"],"relics":["Lantern","ReplayFunnel","Basket Of Snakes","Sizzling Blood","Black Star","Pantograph","MawBank","FossilizedHelix","Replay:Mystery Machine","Art of War","Bottled Flame"],"acts_visited":["Exordium","TheCity"],"potions_floor_usage":[18,25,33,33],"damage_taken":[{"damage":0,"enemies":"2 Louse","floor":1,"turns":3},{"damage":29,"enemies":"Gremlin Nob","floor":6,"turns":5},{"damage":0,"enemies":"Small Slimes","floor":7,"turns":2},{"damage":0,"enemies":"Cultist","floor":10,"turns":3},{"damage":0,"enemies":"Replay:BlueRogue","floor":11,"turns":6},{"damage":3,"enemies":"Gremlin Gang","floor":12,"turns":7},{"damage":21,"enemies":"Hexaghost","floor":16,"turns":12},{"damage":2,"enemies":"Shell Parasite","floor":18,"turns":4},{"damage":2,"enemies":"Chosen","floor":20,"turns":4},{"damage":32,"enemies":"Snake Plant","floor":22,"turns":5},{"damage":10,"enemies":"Shelled Parasite and Fungi","floor":24,"turns":5},{"damage":12,"enemies":"Gremlin Leader","floor":25,"turns":6},{"damage":31,"enemies":"Replay:Snechameleon","floor":27,"turns":9},{"damage":8,"enemies":"Centurion and Healer","floor":31,"turns":5},{"damage":56,"enemies":"Champ","floor":33,"turns":6}],"seed_played":"286153999269417689","potions_obtained":[{"floor":1,"key":"LiquidBronze"},{"floor":6,"key":"SkillPotion"},{"floor":18,"key":"Toxic Potion"},{"floor":31,"key":"sneckomod:MuddlingPotion"}],"is_trial":false,"path_per_floor":["M","?","$","?","?","E","M","R","T","M","E","M","R","?","R","B",null,"M","?","M","?","M","R","M","E","T","E","$","?","R","M","R","B"],"character_chosen":"THE_SILENT","items_purchased":["Cloak And Dagger"],"campfire_rested":0,"item_purchase_floors":[28],"current_hp_per_floor":[70,70,70,70,70,41,41,41,41,41,41,38,38,24,28,11,74,74,74,74,74,46,46,40,32,32,5,5,29,29,25,25,0,0],"gold":249,"neow_bonus":"ONE_RANDOM_RARE_CARD","is_daily":false,"chose_seed":false,"campfire_upgraded":5,"win_rate":0.0,"timestamp":1613498320,"path_taken":["M","?","$","?","?","E","?","R","T","?","E","M","R","?","R","BOSS","M","?","M","?","M","R","M","E","T","E","$","?","R","?","R","BOSS"],"items_purchased_type":["Card"],"build_version":"2020-12-18","purchased_purges":2,"victory":false,"max_hp_per_floor":[70,70,70,70,70,70,70,70,70,70,70,70,70,70,74,74,74,74,74,74,74,74,74,74,74,74,74,74,74,74,74,74,74,74],"card_choices":[{"not_picked":["Crippling Poison","Slice"],"picked":"ReplayTheSpireMod:Speed Training","floor":1},{"not_picked":["Backstab","Endless Agony","ReplayTheSpireMod:Speed Training"],"picked":"SKIP","floor":6},{"not_picked":["Dagger Throw","PiercingWail"],"picked":"Accuracy","floor":7},{"not_picked":["Dagger Spray","Crippling Poison"],"picked":"Cloak And Dagger","floor":10},{"not_picked":["Well Laid Plans","Dagger Throw","Poisoned Stab"],"picked":"SKIP","floor":11},{"not_picked":["Dodge and Roll","Hidden Blade"],"picked":"Dagger Spray","floor":12},{"not_picked":["Corpse Explosion","ReplayTheSpireMod:Necrosis"],"picked":"Storm of Steel","floor":16},{"not_picked":["Backflip+1","Underhanded Strike"],"picked":"Cloak And Dagger","floor":18},{"not_picked":["Poisoned Stab","Fluid Movement","Deadly Poison"],"picked":"SKIP","floor":20},{"not_picked":["Eviscerate","Replay:Poison Smokescreen"],"picked":"Accuracy+1","floor":22},{"not_picked":["Skewer","Deflect"],"picked":"Storm of Steel","floor":24},{"not_picked":["Sneak Up","Backflip","Sucker Punch"],"picked":"SKIP","floor":25},{"not_picked":["Outmaneuver+1","Flying Knee+1","Predator+1"],"picked":"SKIP","floor":27},{"not_picked":["Slice","Outmaneuver+1"],"picked":"Blade Dance+1","floor":31}],"player_experience":527927,"relics_obtained":[{"floor":6,"key":"Lantern"},{"floor":9,"key":"ReplayFunnel"},{"floor":11,"key":"Basket Of Snakes"},{"floor":25,"key":"MawBank"},{"floor":25,"key":"FossilizedHelix"},{"floor":26,"key":"Replay:Mystery Machine"},{"floor":27,"key":"Art of War"},{"floor":27,"key":"Bottled Flame"}],"event_choices":[{"damage_healed":0,"gold_gain":0,"player_choice":"Grow","damage_taken":0,"max_hp_gain":0,"max_hp_loss":0,"event_name":"Living Wall","floor":2,"gold_loss":0,"cards_upgraded":["Glass Knife"]},{"damage_healed":0,"gold_gain":0,"player_choice":"Ignored","damage_taken":0,"max_hp_gain":0,"max_hp_loss":0,"event_name":"Liars Game","floor":4,"gold_loss":0},{"damage_healed":0,"gold_gain":0,"player_choice":"1 cards matched","damage_taken":0,"max_hp_gain":0,"max_hp_loss":0,"event_name":"Match and Keep!","floor":5,"gold_loss":0,"cards_obtained":["downfall:Icky"]},{"damage_healed":0,"gold_gain":0,"player_choice":"Entered Light","damage_taken":14,"max_hp_gain":0,"max_hp_loss":0,"event_name":"Shining Light","floor":14,"gold_loss":0,"cards_upgraded":["Defend_G","Strike_G"]},{"damage_healed":0,"gold_gain":0,"player_choice":"Obtained Relic","damage_taken":0,"relics_obtained":["Pantograph"],"max_hp_gain":0,"max_hp_loss":0,"event_name":"Addict","floor":21,"gold_loss":85},{"damage_healed":24,"gold_gain":0,"player_choice":"Heal","damage_taken":0,"max_hp_gain":0,"max_hp_loss":0,"event_name":"The Library","floor":29,"gold_loss":0}],"is_beta":true,"boss_relics":[{"not_picked":["Abe\u0027s Treasure","Honey Jar"],"picked":"Black Star"}],"items_purged_floors":[3,28],"is_endless":false,"potions_floor_spawned":[1,6,18,31],"killed_by":"Champ","ascension_level":1}}