{"host":"v98566chcnixoavo","time":1613455689,"event":{"mods":["100% Spire Juice","Act Like it!","Arknights","BaseMod","Decade(王小明)","DeckTracker","FGO Abigail","Friendly Minions","Highlight Path","Kiyohime（清姬）","Luminous","Marisa（F雨　魔理沙）","Minty Spire (QoL Compilation)","Prisma Mod","Railgun Mod","Reimu（博丽灵梦）","StSLib","Td1madao Mod","The Alterego","UnlockEverythingMod","WarShipGirlsR/战舰少女R mod","Yakumo Yukari mod","Youmu（魂魄妖梦）","【功能Mod】Neow奖励","【功能Mod】混沌之环修复补丁","【功能Mod】聪明的最终Boss"],"gold_per_floor":[119,134,147,18,36,69,69,88,88,40,40,115,144,155,155,259,259,277,71,85,85,101,101,112,112,162,162,189,206,206,206,206,206,206],"floor_reached":33,"language":"ZHS","playtime":1780,"items_purged":["rmod:desperatesituation","rmod:strick"],"score":316,"play_id":"6f970308-eb76-4987-a3ab-89bce5b11bb9","local_time":"20210216140809","is_ascension_mode":true,"campfire_choices":[{"data":"rmod:fuelsupply","floor":7.0,"key":"SMITH"},{"data":"rmod:aluminumsupply","floor":15.0,"key":"SMITH"},{"data":"rmod:fuelsupply","floor":23,"key":"SMITH"},{"data":"rmod:acesubmarine","floor":27,"key":"SMITH"},{"data":"rmod:aviationdawn","floor":30,"key":"SMITH"},{"data":"Apotheosis","floor":32,"key":"SMITH"}],"circlet_count":0,"master_deck":["rmod:strick","rmod:defend","rmod:defend","rmod:basicallowance","rmod:maingunfire","rmod:punchline","rmod:maintain","rmod:supportaircraftcarrier","rmod:aviationdawn+1","rmod:victimresponsibility","rmod:intelligenceanalysis","rmod:fuelsupply+1","rmod:circuitoustactics","rmod:aluminumsupply+1","rmod:circuitoustactics","rmod:circuitoustactics","rmod:acesubmarine+1","rmod:aviationdawn","rmod:fuelsupply+1","rmod:circuitoustactics","rmod:victimresponsibility","rmod:bulid","rmod:aviationdawn+1","rmod:circuitoustactics","rmod:diamondstrike+1","Apotheosis+1"],"relics":["Letter Opener","Ornamental Fan","Centennial Puzzle","rmod:equipmentrecovery","rmod:mogul","Bag of Preparation","Bottled Lightning"],"acts_visited":["Exordium","TheCity"],"potions_floor_usage":[16],"damage_taken":[{"damage":0.0,"enemies":"Cultist","floor":1.0,"turns":4.0},{"damage":0.0,"enemies":"Jaw Worm","floor":2.0,"turns":4.0},{"damage":0.0,"enemies":"ats:Genji","floor":3.0,"turns":4.0},{"damage":7.0,"enemies":"Lots of Slimes","floor":5.0,"turns":4.0},{"damage":28.0,"enemies":"Gremlin Nob","floor":6.0,"turns":4.0},{"damage":5.0,"enemies":"Large Slime","floor":8.0,"turns":4.0},{"damage":7.0,"enemies":"Lagavulin","floor":13.0,"turns":5.0},{"damage":0.0,"enemies":"Looter","floor":14.0,"turns":1.0},{"damage":2,"enemies":"Hexaghost","floor":16,"turns":8},{"damage":18,"enemies":"2 Thieves","floor":18,"turns":4},{"damage":0,"enemies":"3 Byrds","floor":20,"turns":3},{"damage":0,"enemies":"Centurion and Healer","floor":22,"turns":4},{"damage":6,"enemies":"Cultist and Chosen","floor":24,"turns":3},{"damage":20,"enemies":"Slavers","floor":28,"turns":4},{"damage":0,"enemies":"Shelled Parasite and Fungi","floor":29,"turns":2},{"damage":28,"enemies":"Collector","floor":33,"turns":3}],"seed_played":"-8523406541560891935","potions_obtained":[{"floor":2.0,"key":"Swift Potion"},{"floor":5.0,"key":"Fire Potion"},{"floor":14.0,"key":"GamblersBrew"},{"floor":16,"key":"DuplicationPotion"},{"floor":24,"key":"LiquidMemories"}],"is_trial":false,"path_per_floor":["M","M","M","$","M","E","R","M","T","$","?","?","E","M","R","B",null,"M","$","M","?","M","R","M","$","T","R","E","M","R","?","R","B"],"character_chosen":"PRAEFECT","items_purchased":["rmod:victimresponsibility","rmod:aluminumsupply","rmod:fuelsupply","rmod:circuitoustactics"],"campfire_rested":0,"item_purchase_floors":[4,10,19,19],"current_hp_per_floor":[68,68,68,68,61,33,33,28,28,28,16,10,3,3,3,1,68,50,50,50,50,50,50,44,44,44,44,24,24,24,24,24,0,0],"gold":206,"neow_bonus":"TRANSFORM_TWO_CARDS","is_daily":false,"chose_seed":false,"campfire_upgraded":6,"win_rate":0.0,"timestamp":1613455689,"path_taken":["M","M","?","$","M","E","R","M","T","$","?","?","E","M","R","BOSS","M","$","?","?","M","R","M","$","T","R","E","M","R","?","R","BOSS"],"items_purchased_type":["Card","Card","Card","Card"],"build_version":"2020-12-22","purchased_purges":2,"victory":false,"max_hp_per_floor":[68,68,68,68,68,68,68,68,68,68,68,68,68,68,68,68,68,68,68,68,68,68,68,68,68,68,68,68,68,68,68,68,68,68],"card_choices":[{"not_picked":["rmod:intelligenceanalysis","rmod:luckystar"],"picked":"rmod:maintain","floor":1.0},{"not_picked":["rmod:slowdown","rmod:firesupport"],"picked":"rmod:supportaircraftcarrier","floor":2.0},{"not_picked":["rmod:fletcherpendant","rmod:steelsupply"],"picked":"rmod:aviationdawn","floor":3.0},{"not_picked":["rmod:openingtorpedo","rmod:supportescort"],"picked":"rmod:intelligenceanalysis","floor":5.0},{"not_picked":["rmod:ammunitionsupply","rmod:aviationdawn"],"picked":"rmod:fuelsupply","floor":6.0},{"not_picked":["rmod:luckystar","rmod:firesupport"],"picked":"rmod:circuitoustactics","floor":8.0},{"not_picked":["rmod:auspiciousomen","rmod:firesupport"],"picked":"rmod:circuitoustactics","floor":13.0},{"not_picked":["rmod:steelsupply","rmod:aluminumsupply"],"picked":"rmod:circuitoustactics","floor":14.0},{"not_picked":["rmod:desperatesituation","rmod:lastglory"],"picked":"rmod:acesubmarine","floor":16},{"not_picked":["rmod:ammunitionsupply","rmod:luckystar"],"picked":"rmod:aviationdawn","floor":18},{"not_picked":["rmod:aluminumsupply","rmod:desperatesituation","rmod:rockthrower"],"picked":"SKIP","floor":20},{"not_picked":["rmod:combined","rmod:tearstotiara"],"picked":"rmod:aviationdawn+1","floor":22},{"not_picked":["rmod:garrisonisland","rmod:circuitoustactics","rmod:salvage"],"picked":"SKIP","floor":24},{"not_picked":["rmod:unsinkable","rmod:circuitoustactics","rmod:secretscript"],"picked":"SKIP","floor":28},{"not_picked":["rmod:unsinkable","rmod:secretscript"],"picked":"rmod:circuitoustactics","floor":28},{"not_picked":["rmod:salvage+1","rmod:circuitoustactics"],"picked":"rmod:diamondstrike+1","floor":29}],"player_experience":219421,"relics_obtained":[{"floor":6.0,"key":"Letter Opener"},{"floor":9.0,"key":"Ornamental Fan"},{"floor":13.0,"key":"rmod:equipmentrecovery"},{"floor":26,"key":"Bag of Preparation"},{"floor":28,"key":"Bottled Lightning"}],"event_choices":[{"damage_healed":0.0,"max_hp_gain":0.0,"max_hp_loss":0.0,"gold_gain":0.0,"event_name":"Scrap Ooze","player_choice":"Success","floor":11.0,"gold_loss":0.0,"damage_taken":12.0,"relics_obtained":["Centennial Puzzle"]},{"damage_healed":0.0,"max_hp_gain":0.0,"max_hp_loss":0.0,"gold_gain":75.0,"event_name":"FaceTrader","player_choice":"Touch","floor":12.0,"gold_loss":0.0,"damage_taken":6.0},{"damage_healed":0,"gold_gain":0,"cards_transformed":["rmod:strick","rmod:defend"],"player_choice":"Became Test Subject","damage_taken":0,"max_hp_gain":0,"max_hp_loss":0,"event_name":"Drug Dealer","floor":21,"gold_loss":0,"cards_obtained":["rmod:victimresponsibility","rmod:bulid"]}],"is_beta":false,"boss_relics":[{"not_picked":["Calling Bell","Empty Cage"],"picked":"rmod:mogul"}],"items_purged_floors":[4,19],"is_endless":false,"potions_floor_spawned":[2,5,14,16,24],"killed_by":"Collector","ascension_level":1}}