{"host":"2fgwwnzqc97k7iys","time":1613434789,"event":{"mods":["BaseMod","Colored Map","Minty Spire (QoL Compilation)","Quick Restart","Relic Stats"],"gold_per_floor":[112,112,122,142,92,92,127,127,204,217,235,265,265,296,296,393,393,406,8,8,8,27,62,62,89,89,89,106,6,33,47,47,142,142,156,109,127,127,146,180,180,192,192,223,223,257,257,257,257,257,257,257,132,165,165],"floor_reached":56,"language":"ENG","playtime":15329,"items_purged":["Strike_R","Defend_R","Defend_R"],"score":2129,"play_id":"8f102f6b-61f3-43ee-b4b8-1bad8267c6f7","local_time":"20210215181949","is_ascension_mode":true,"campfire_choices":[{"data":"Headbutt","floor":6,"key":"SMITH"},{"data":"Spot Weakness","floor":13,"key":"SMITH"},{"data":"Pommel Strike","floor":15,"key":"SMITH"},{"data":"Ghostly","floor":27,"key":"SMITH"},{"data":"Double Tap","floor":32,"key":"SMITH"},{"data":"Ghostly","floor":41,"key":"SMITH"},{"floor":45,"key":"RECALL"},{"data":"Impervious","floor":49,"key":"SMITH"},{"data":"Ghostly","floor":52,"key":"SMITH"}],"circlet_count":0,"master_deck":["AscendersBane","Strike_R","Strike_R","Strike_R","Defend_R","Bash+1","Headbutt+1","Pommel Strike+1","Shrug It Off","Thunderclap+1","Hemokinesis+1","Spot Weakness+1","Immolate+1","Spot Weakness+1","Rage","RitualDagger+1","Ghostly+1","Ghostly+1","Ghostly+1","Ghostly+1","Ghostly","Twin Strike+1","Double Tap+1","Pommel Strike+1","Impervious+1","Sword Boomerang+1","Sword Boomerang+1","Heavy Blade+1"],"relics":["Burning Blood","NeowsBlessing","Potion Belt","Molten Egg 2","Nunchaku","Juzu Bracelet","Velvet Choker","TungstenRod","Calipers","Question Card","Bottled Flame","FossilizedHelix","Sozu","Lizard Tail","Pen Nib","Self Forming Clay","Shuriken"],"acts_visited":["Exordium","TheCity","TheBeyond","TheEnding"],"potions_floor_usage":[33,54,55,55],"damage_taken":[{"damage":0,"enemies":"Small Slimes","floor":1,"turns":1},{"damage":0,"enemies":"Cultist","floor":3,"turns":1},{"damage":0,"enemies":"2 Louse","floor":4,"turns":1},{"damage":8,"enemies":"Gremlin Nob","floor":7,"turns":3},{"damage":12,"enemies":"Looter","floor":10,"turns":3},{"damage":5,"enemies":"2 Fungi Beasts","floor":11,"turns":3},{"damage":24,"enemies":"Lagavulin","floor":12,"turns":5},{"damage":9,"enemies":"3 Sentries","floor":14,"turns":5},{"damage":40,"enemies":"Slime Boss","floor":16,"turns":9},{"damage":11,"enemies":"2 Thieves","floor":18,"turns":2},{"damage":12,"enemies":"Shell Parasite","floor":22,"turns":2},{"damage":1,"enemies":"Gremlin Leader","floor":23,"turns":4},{"damage":0,"enemies":"Book of Stabbing","floor":25,"turns":6},{"damage":0,"enemies":"Snecko","floor":28,"turns":5},{"damage":0,"enemies":"Gremlin Leader","floor":30,"turns":4},{"damage":0,"enemies":"Snake Plant","floor":31,"turns":4},{"damage":21,"enemies":"Collector","floor":33,"turns":8},{"damage":0,"enemies":"3 Shapes","floor":35,"turns":2},{"damage":0,"enemies":"3 Darklings","floor":37,"turns":2},{"damage":0,"enemies":"Maw","floor":39,"turns":5},{"damage":0,"enemies":"Giant Head","floor":40,"turns":7},{"damage":0,"enemies":"Transient","floor":42,"turns":5},{"damage":0,"enemies":"Reptomancer","floor":44,"turns":4},{"damage":14,"enemies":"Giant Head","floor":46,"turns":8},{"damage":0,"enemies":"Time Eater","floor":50,"turns":7},{"damage":36,"enemies":"Shield and Spear","floor":54,"turns":4},{"damage":0,"enemies":"The Heart","floor":55,"turns":7}],"seed_played":"-2913619897326506714","potions_obtained":[{"floor":1,"key":"Weak Potion"},{"floor":7,"key":"Strength Potion"},{"floor":14,"key":"Weak Potion"},{"floor":18,"key":"Dexterity Potion"},{"floor":23,"key":"BlessingOfTheForge"},{"floor":33,"key":"DuplicationPotion"}],"is_trial":false,"path_per_floor":["M","?","M","M","?","R","E","?","T","M","M","E","R","E","R","B",null,"M","$","?","?","M","E","?","E","T","R","M","$","E","M","R","B",null,"M","$","M","?","M","E","R","M","T","E","R","E","?","?","R","B",null,"R","$","E","B",null],"character_chosen":"IRONCLAD","items_purchased":["Rage","TungstenRod","Sword Boomerang+1"],"campfire_rested":0,"item_purchase_floors":[19,19,36],"current_hp_per_floor":[78,78,80,80,80,80,78,71,71,65,66,48,48,45,45,11,63,58,58,53,53,47,52,40,40,40,40,40,40,40,40,40,25,36,40,40,40,38,38,38,38,38,38,38,38,30,30,30,30,36,38,38,38,8,14],"gold":165,"neow_bonus":"THREE_ENEMY_KILL","is_daily":false,"chose_seed":false,"campfire_upgraded":8,"win_rate":0.0,"timestamp":1613434789,"path_taken":["M","?","?","M","?","R","E","?","T","M","M","E","R","E","R","BOSS","M","$","?","?","M","E","?","E","T","R","M","?","E","M","R","BOSS","M","?","M","?","M","E","R","M","T","E","R","E","?","?","R","BOSS","R","$","E","BOSS"],"items_purchased_type":["Card","Relic","Card"],"build_version":"2020-12-22","purchased_purges":3,"victory":true,"max_hp_per_floor":[80,80,80,80,80,80,80,80,80,80,80,80,80,80,80,80,80,80,80,80,80,80,80,40,40,40,40,40,40,40,40,40,40,40,40,40,40,38,38,38,38,38,38,38,38,38,38,38,38,38,38,38,38,38,38],"relic_stats":{"Sozu":3,"Nunchaku":[21],"Lizard Tail":0,"counters":[27,117],"Self Forming Clay":[12],"Shuriken":[3],"Pen Nib":[6],"Juzu Bracelet":1,"Question Card":12,"obtain_stats":[{"Potion Belt":7,"Calipers":23,"NeowsBlessing":0,"Self Forming Clay":46,"Velvet Choker":17,"Pen Nib":44,"Juzu Bracelet":14,"Question Card":25,"Burning Blood":0,"Sozu":34,"Nunchaku":12,"Bottled Flame":26,"Lizard Tail":40,"Shuriken":54,"Molten Egg 2":9,"TungstenRod":19,"FossilizedHelix":30},{"Potion Belt":4,"Calipers":12,"NeowsBlessing":0,"Self Forming Clay":24,"Velvet Choker":9,"Pen Nib":23,"Juzu Bracelet":8,"Question Card":13,"Burning Blood":0,"Sozu":17,"Nunchaku":7,"Bottled Flame":13,"Lizard Tail":21,"Shuriken":26,"Molten Egg 2":4,"TungstenRod":10,"FossilizedHelix":15},{"Potion Belt":6,"Calipers":39,"NeowsBlessing":0,"Self Forming Clay":99,"Velvet Choker":31,"Pen Nib":91,"Juzu Bracelet":22,"Question Card":45,"Burning Blood":0,"Sozu":66,"Nunchaku":17,"Bottled Flame":45,"Lizard Tail":82,"Shuriken":110,"Molten Egg 2":6,"TungstenRod":33,"FossilizedHelix":54}],"Burning Blood":96,"TungstenRod":99},"card_choices":[{"not_picked":["Entrench","Flex"],"picked":"Headbutt","floor":1},{"not_picked":["Perfected Strike","Clothesline"],"picked":"Pommel Strike","floor":3},{"not_picked":["Headbutt","Fire Breathing"],"picked":"Shrug It Off","floor":4},{"not_picked":["Berserk","Limit Break","Iron Wave"],"picked":"SKIP","floor":7},{"not_picked":["Shockwave","Clash+1"],"picked":"Thunderclap+1","floor":10},{"not_picked":["Disarm","Clothesline+1"],"picked":"Hemokinesis+1","floor":11},{"not_picked":["Body Slam+1","Thunderclap+1"],"picked":"Spot Weakness","floor":12},{"not_picked":["Clash+1","Twin Strike+1","Wild Strike+1"],"picked":"SKIP","floor":14},{"not_picked":["Demon Form","Fiend Fire+1"],"picked":"Immolate+1","floor":16},{"not_picked":["Shrug It Off","Body Slam+1"],"picked":"Spot Weakness+1","floor":18},{"not_picked":["Rampage+1","Dark Embrace","Anger+1"],"picked":"SKIP","floor":22},{"not_picked":["Combust","Anger+1","Rage"],"picked":"SKIP","floor":23},{"not_picked":["Clothesline+1","Body Slam+1","Havoc"],"picked":"SKIP","floor":25},{"not_picked":["Burning Pact","Perfected Strike+1","Flex"],"picked":"Twin Strike+1","floor":28},{"not_picked":["Carnage+1","Battle Trance","Body Slam+1"],"picked":"Double Tap","floor":30},{"not_picked":["Carnage+1","Clothesline+1","Spot Weakness"],"picked":"Pommel Strike+1","floor":31},{"not_picked":["Demon Form","Barricade","Offering"],"picked":"Impervious","floor":33},{"not_picked":["Body Slam+1","Havoc","Heavy Blade+1","Wild Strike+1"],"picked":"SKIP","floor":35},{"not_picked":["Shockwave","Thunderclap+1","Impervious"],"picked":"Sword Boomerang+1","floor":37},{"not_picked":["Armaments+1","Clothesline+1","Twin Strike+1","Shrug It Off"],"picked":"SKIP","floor":39},{"not_picked":["Clothesline+1","Power Through+1","Sentinel+1","Metallicize"],"picked":"SKIP","floor":40},{"not_picked":["Anger+1","Entrench","Bloodletting+1"],"picked":"Heavy Blade+1","floor":42},{"not_picked":["Reckless Charge+1","Flex+1","Havoc","Cleave+1"],"picked":"SKIP","floor":44},{"not_picked":["Armaments+1","Warcry","Disarm+1","Whirlwind+1"],"picked":"SKIP","floor":46},{"not_picked":["Headbutt+1","Warcry","True Grit+1","Infernal Blade"],"picked":"SKIP","floor":54}],"player_experience":561206,"relics_obtained":[{"floor":7,"key":"Potion Belt"},{"floor":9,"key":"Molten Egg 2"},{"floor":12,"key":"Nunchaku"},{"floor":14,"key":"Juzu Bracelet"},{"floor":23,"key":"Calipers"},{"floor":25,"key":"Question Card"},{"floor":26,"key":"Bottled Flame"},{"floor":30,"key":"FossilizedHelix"},{"floor":40,"key":"Lizard Tail"},{"floor":44,"key":"Pen Nib"},{"floor":46,"key":"Self Forming Clay"},{"floor":54,"key":"Shuriken"}],"event_choices":[{"damage_healed":0,"gold_gain":0,"player_choice":"Upgraded","damage_taken":0,"max_hp_gain":0,"max_hp_loss":0,"event_name":"Upgrade Shrine","floor":2,"gold_loss":0,"cards_upgraded":["Bash"]},{"cards_removed":["Defend_R"],"damage_healed":0,"gold_gain":0,"player_choice":"Card Removal","damage_taken":0,"max_hp_gain":0,"max_hp_loss":0,"event_name":"The Cleric","floor":5,"gold_loss":50},{"cards_removed":["Strike_R"],"damage_healed":0,"gold_gain":0,"player_choice":"Card Removal","damage_taken":7,"max_hp_gain":0,"max_hp_loss":0,"event_name":"Golden Wing","floor":8,"gold_loss":0},{"damage_healed":0,"gold_gain":0,"player_choice":"Joined the Cult","damage_taken":6,"max_hp_gain":0,"max_hp_loss":0,"event_name":"Nest","floor":20,"gold_loss":0,"cards_obtained":["RitualDagger"]},{"damage_healed":0,"gold_gain":0,"player_choice":"Ignored","damage_taken":0,"max_hp_gain":0,"max_hp_loss":0,"event_name":"The Mausoleum","floor":21,"gold_loss":0},{"damage_healed":0,"gold_gain":0,"player_choice":"Became a Ghost","damage_taken":0,"max_hp_gain":0,"max_hp_loss":40,"event_name":"Ghosts","floor":24,"gold_loss":0,"cards_obtained":["Ghostly","Ghostly","Ghostly","Ghostly","Ghostly"]},{"damage_healed":0,"gold_gain":0,"player_choice":"Max HP","damage_taken":0,"max_hp_gain":0,"max_hp_loss":2,"event_name":"Winding Halls","floor":38,"gold_loss":0},{"damage_healed":0,"gold_gain":0,"player_choice":"Got Potions","damage_taken":0,"max_hp_gain":0,"max_hp_loss":0,"event_name":"Lab","floor":47,"gold_loss":0},{"damage_healed":0,"gold_gain":0,"player_choice":"Upgraded","damage_taken":0,"max_hp_gain":0,"max_hp_loss":0,"event_name":"Upgrade Shrine","floor":48,"gold_loss":0,"cards_upgraded":["Ghostly"]}],"is_beta":false,"boss_relics":[{"not_picked":["Runic Dome","Fusion Hammer"],"picked":"Velvet Choker"},{"not_picked":["Mark of Pain","Busted Crown"],"picked":"Sozu"}],"items_purged_floors":[19,29,53],"is_endless":false,"potions_floor_spawned":[1,7,14,18,23,30,33,35,42,44],"ascension_level":10}}