{"host":"wmojtwekh6s3tor5","time":1613457810,"event":{"mods":["BaseMod","Colored Map","Colored Powertips","DeckTracker","Highlight Path","Minty Spire (QoL Compilation)","StSLib"],"gold_per_floor":[113,113,125,140,32,32,62,76,76,108,118,118,133,150,150,150,150],"floor_reached":16,"language":"ZHS","playtime":1706,"items_purged":["Decay"],"score":173,"play_id":"a22783e6-862f-464c-9b34-4695bf0a6fe6","local_time":"20210216144330","is_ascension_mode":true,"campfire_choices":[{"data":"Inflame","floor":6.0,"key":"SMITH"},{"data":"Rage","floor":12.0,"key":"SMITH"},{"data":"Offering","floor":15,"key":"SMITH"}],"circlet_count":0,"master_deck":["Strike_R","Strike_R","Strike_R","Strike_R","Strike_R","Defend_R","Defend_R","Defend_R","Defend_R","Bash","Pommel Strike","Inflame+1","Dropkick","Searing Blow","Offering+1","Rage+1","Flex","Rampage"],"relics":["Burning Blood","Anchor","Shovel","White Beast Statue","Tiny Chest"],"acts_visited":["Exordium"],"potions_floor_usage":[16],"damage_taken":[{"damage":11.0,"enemies":"Jaw Worm","floor":1.0,"turns":4.0},{"damage":5.0,"enemies":"Cultist","floor":3.0,"turns":4.0},{"damage":0.0,"enemies":"Small Slimes","floor":4.0,"turns":3.0},{"damage":30.0,"enemies":"Lagavulin","floor":7.0,"turns":6.0},{"damage":6.0,"enemies":"Gremlin Gang","floor":8.0,"turns":4.0},{"damage":36.0,"enemies":"3 Sentries","floor":10.0,"turns":8.0},{"damage":3.0,"enemies":"Looter","floor":11.0,"turns":3.0},{"damage":20,"enemies":"Large Slime","floor":13,"turns":4},{"damage":1,"enemies":"Exordium Thugs","floor":14,"turns":4},{"damage":33,"enemies":"The Guardian","floor":16,"turns":4}],"seed_played":"-2956190130993687603","potions_obtained":[{"floor":1.0,"key":"Energy Potion"},{"floor":7.0,"key":"ColorlessPotion"},{"floor":10.0,"key":"Weak Potion"},{"floor":11.0,"key":"SneckoOil"},{"floor":13,"key":"SpeedPotion"},{"floor":14,"key":"DistilledChaos"}],"is_trial":false,"path_per_floor":["M","?","M","M","$","R","E","M","T","E","M","R","M","M","R","B"],"character_chosen":"IRONCLAD","items_purchased":["Searing Blow"],"campfire_rested":0,"item_purchase_floors":[5],"current_hp_per_floor":[83,83,84,90,90,90,66,66,66,36,39,39,25,30,30,0,0],"gold":150,"neow_bonus":"TWENTY_PERCENT_HP_BONUS","is_daily":false,"chose_seed":false,"campfire_upgraded":3,"win_rate":0.0,"timestamp":1613457810,"path_taken":["M","?","?","M","$","R","E","M","T","E","M","R","M","M","R","BOSS"],"items_purchased_type":["Card"],"build_version":"2020-12-22","purchased_purges":1,"victory":false,"max_hp_per_floor":[96,96,96,96,96,96,96,96,96,96,96,96,96,96,96,96,96],"card_choices":[{"not_picked":["Armaments","Searing Blow"],"picked":"Pommel Strike","floor":1.0},{"not_picked":["Evolve","Wild Strike"],"picked":"Inflame","floor":3.0},{"not_picked":["Thunderclap","Metallicize"],"picked":"Dropkick","floor":4.0},{"not_picked":["Reckless Charge","Burning Pact"],"picked":"Offering","floor":7.0},{"not_picked":["True Grit","Armaments","Thunderclap"],"picked":"SKIP","floor":8.0},{"not_picked":["Shrug It Off","Bludgeon"],"picked":"Rage","floor":10.0},{"not_picked":["Heavy Blade","Anger"],"picked":"Flex","floor":11.0},{"not_picked":["Havoc","Carnage"],"picked":"Rampage","floor":13},{"not_picked":["Havoc","Dual Wield","Warcry"],"picked":"SKIP","floor":14}],"player_experience":634097,"relics_obtained":[{"floor":7.0,"key":"Shovel"},{"floor":9.0,"key":"White Beast Statue"},{"floor":10.0,"key":"Tiny Chest"}],"event_choices":[{"damage_healed":0.0,"max_hp_gain":0.0,"max_hp_loss":0.0,"gold_gain":0.0,"event_name":"WeMeetAgain","player_choice":"Gave Potion","floor":2.0,"gold_loss":0.0,"damage_taken":0.0,"relics_obtained":["Anchor"]}],"is_beta":false,"boss_relics":[],"items_purged_floors":[5],"is_endless":false,"potions_floor_spawned":[1,7,10,11,13,14],"killed_by":"The Guardian","ascension_level":6}}