{"host":"2fgwwnzqc97k7iys","time":1613514185,"event":{"mods":["BaseMod","Colored Map","Minty Spire (QoL Compilation)","Quick Restart","Relic Stats"],"gold_per_floor":[119,138,7,24,40,40,40,40,91,103,118,141,158,186,186,291,291,311,326,32,50,63,63,90,90,90,90,65,81,109,124,124,124,124],"floor_reached":33,"language":"ENG","playtime":1596,"items_purged":["Strike_B"],"score":437,"play_id":"a828cc1b-6d8b-48af-a773-637527fd43db","local_time":"20210216162305","is_ascension_mode":true,"campfire_choices":[{"data":"Melter","floor":6,"key":"SMITH"},{"data":"Dualcast","floor":15,"key":"SMITH"},{"data":"Defragment","floor":23,"key":"SMITH"},{"data":"Conserve Battery","floor":27,"key":"SMITH"},{"data":"Capacitor","floor":32,"key":"SMITH"}],"circlet_count":0,"master_deck":["AscendersBane","Strike_B","Strike_B","Strike_B","Defend_B","Defend_B","Defend_B","Defend_B","Zap+1","Dualcast+1","Conserve Battery+1","Melter+1","Ball Lightning","Fission+1","Coolheaded+1","Auto Shields+1","White Noise+1","Glacier+1","Echo Form","Defragment+1","Chaos+1","Aggregate+1","Rainbow+1","Regret","Capacitor+1","Tempest+1"],"relics":["Cracked Core","Orichalcum","Toxic Egg 2","Boot","Odd Mushroom","Gremlin Horn","Cursed Key","DataDisk","Centennial Puzzle","SsserpentHead","Bottled Tornado","Pen Nib"],"acts_visited":["Exordium","TheCity"],"potions_floor_usage":[14,14,30],"damage_taken":[{"damage":2,"enemies":"Jaw Worm","floor":1,"turns":4},{"damage":0,"enemies":"Cultist","floor":2,"turns":3},{"damage":8,"enemies":"Small Slimes","floor":4,"turns":3},{"damage":9,"enemies":"Exordium Thugs","floor":5,"turns":4},{"damage":6,"enemies":"Looter","floor":10,"turns":2},{"damage":0,"enemies":"3 Louse","floor":11,"turns":2},{"damage":2,"enemies":"The Mushroom Lair","floor":12,"turns":4},{"damage":0,"enemies":"2 Fungi Beasts","floor":13,"turns":2},{"damage":1,"enemies":"3 Sentries","floor":14,"turns":4},{"damage":20,"enemies":"Slime Boss","floor":16,"turns":10},{"damage":12,"enemies":"Shell Parasite","floor":18,"turns":5},{"damage":0,"enemies":"Chosen","floor":19,"turns":6},{"damage":4,"enemies":"Centurion and Healer","floor":21,"turns":7},{"damage":18,"enemies":"Cultist and Chosen","floor":22,"turns":5},{"damage":27,"enemies":"Slavers","floor":24,"turns":6},{"damage":2,"enemies":"3 Cultists","floor":29,"turns":4},{"damage":7,"enemies":"Book of Stabbing","floor":30,"turns":5},{"damage":1,"enemies":"Centurion and Healer","floor":31,"turns":5},{"damage":12,"enemies":"Collector","floor":33,"turns":2}],"seed_played":"6465519165523447739","potions_obtained":[{"floor":10,"key":"FairyPotion"},{"floor":11,"key":"SneckoOil"},{"floor":12,"key":"PowerPotion"},{"floor":13,"key":"AttackPotion"},{"floor":18,"key":"Ancient Potion"},{"floor":24,"key":"SpeedPotion"},{"floor":29,"key":"Dexterity Potion"},{"floor":30,"key":"Fire Potion"}],"is_trial":false,"path_per_floor":["M","M","?","M","M","R","$","?","T","M","M","?","M","E","R","B",null,"M","M","$","M","M","R","E","?","T","R","$","M","E","M","R","B"],"character_chosen":"DEFECT","items_purchased":["DataDisk","Defragment","Chaos+1"],"campfire_rested":0,"item_purchase_floors":[20,20,20],"current_hp_per_floor":[66,66,66,58,49,49,49,46,46,40,40,38,38,37,37,17,61,49,49,49,45,27,27,22,22,22,22,22,20,13,12,12,0,0],"gold":124,"neow_bonus":"UPGRADE_CARD","is_daily":false,"chose_seed":false,"campfire_upgraded":5,"win_rate":0.0,"timestamp":1613514185,"path_taken":["M","M","?","M","M","R","?","?","T","M","M","?","M","E","R","BOSS","M","M","$","M","M","R","E","?","T","R","?","M","E","M","R","BOSS"],"items_purchased_type":["Relic","Card","Card"],"build_version":"2020-12-22","purchased_purges":1,"victory":false,"max_hp_per_floor":[75,75,75,75,75,75,75,75,75,75,75,75,75,75,75,75,75,75,75,75,75,75,75,75,75,75,75,75,75,75,75,75,75,75],"relic_stats":{"SsserpentHead":50,"Centennial Puzzle":[12],"Gremlin Horn":[10,10],"counters":[19,83],"Pen Nib":[0],"Orichalcum":[48],"Boot":[7],"Cursed Key":1,"obtain_stats":[{"SsserpentHead":25,"DataDisk":20,"Centennial Puzzle":24,"Gremlin Horn":14,"Pen Nib":30,"Orichalcum":3,"Toxic Egg 2":8,"Odd Mushroom":12,"Bottled Tornado":26,"Cracked Core":0,"Boot":9,"Cursed Key":17},{"SsserpentHead":15,"DataDisk":12,"Centennial Puzzle":15,"Gremlin Horn":9,"Pen Nib":17,"Orichalcum":2,"Toxic Egg 2":4,"Odd Mushroom":7,"Bottled Tornado":15,"Cracked Core":0,"Boot":4,"Cursed Key":10},{"SsserpentHead":67,"DataDisk":49,"Centennial Puzzle":67,"Gremlin Horn":28,"Pen Nib":76,"Orichalcum":7,"Toxic Egg 2":14,"Odd Mushroom":22,"Bottled Tornado":67,"Cracked Core":0,"Boot":14,"Cursed Key":38}]},"card_choices":[{"not_picked":["Coolheaded","Streamline"],"picked":"Conserve Battery","floor":1},{"not_picked":["Skim","Go for the Eyes"],"picked":"Melter","floor":2},{"not_picked":["Rip and Tear","Capacitor"],"picked":"Ball Lightning","floor":4},{"not_picked":["Beam Cell","Coolheaded","Scrape"],"picked":"SKIP","floor":5},{"not_picked":["Barrage","Ball Lightning"],"picked":"Fission+1","floor":10},{"not_picked":["Barrage","Steam+1"],"picked":"Coolheaded+1","floor":11},{"not_picked":["Consume+1","Reinforced Body+1"],"picked":"Auto Shields+1","floor":12},{"not_picked":["Steam+1","Beam Cell"],"picked":"White Noise+1","floor":13},{"not_picked":["Go for the Eyes","Fission+1"],"picked":"Glacier+1","floor":14},{"not_picked":["Machine Learning","All For One"],"picked":"Echo Form","floor":16},{"not_picked":["Go for the Eyes+1","Steam+1","Stack+1"],"picked":"SKIP","floor":18},{"not_picked":["Reinforced Body+1","Beam Cell","Scrape"],"picked":"SKIP","floor":19},{"not_picked":["Hologram+1","Barrage","Consume+1"],"picked":"SKIP","floor":21},{"not_picked":["Sweeping Beam","Ball Lightning"],"picked":"Aggregate+1","floor":22},{"not_picked":["Reinforced Body+1","Reboot+1"],"picked":"Rainbow+1","floor":24},{"not_picked":["Loop+1","Genetic Algorithm+1"],"picked":"Capacitor","floor":29},{"not_picked":["Conserve Battery+1","Loop","Leap+1"],"picked":"SKIP","floor":30},{"not_picked":["Compile Driver","Fusion+1"],"picked":"Tempest+1","floor":31}],"player_experience":584795,"relics_obtained":[{"floor":9,"key":"Boot"},{"floor":12,"key":"Odd Mushroom"},{"floor":14,"key":"Gremlin Horn"},{"floor":24,"key":"Centennial Puzzle"},{"floor":26,"key":"Bottled Tornado"},{"floor":30,"key":"Pen Nib"}],"event_choices":[{"damage_healed":0,"gold_gain":0,"player_choice":"Paid Gold","damage_taken":0,"relics_obtained":["Orichalcum"],"max_hp_gain":0,"max_hp_loss":0,"event_name":"WeMeetAgain","floor":3,"gold_loss":131},{"damage_healed":0,"gold_gain":0,"player_choice":"Success","damage_taken":3,"relics_obtained":["Toxic Egg 2"],"max_hp_gain":0,"max_hp_loss":0,"event_name":"Scrap Ooze","floor":8,"gold_loss":0},{"damage_healed":0,"gold_gain":0,"player_choice":"Fought Mushrooms","damage_taken":0,"max_hp_gain":0,"max_hp_loss":0,"event_name":"Mushrooms","floor":12,"gold_loss":0},{"damage_healed":0,"gold_gain":0,"player_choice":"Trade","damage_taken":0,"relics_obtained":["SsserpentHead"],"max_hp_gain":0,"max_hp_loss":0,"event_name":"FaceTrader","floor":25,"gold_loss":0}],"is_beta":false,"boss_relics":[{"not_picked":["FrozenCore","Snecko Eye"],"picked":"Cursed Key"}],"items_purged_floors":[28],"is_endless":false,"potions_floor_spawned":[10,11,12,13,18,24,29,30],"killed_by":"Collector","ascension_level":10}}