{"host":"n1v11un6j7y72mz7","time":1613448836,"event":{"mods":["Act Like it!","BaseMod","Downfall","Minty Spire (QoL Compilation)","READ ME - Guardian Mod","Reliquary","StSLib","The Animator","Waifu the Spire"],"gold_per_floor":[109,34,34,45,220,251,251,265,265,282,307,307,88,99,99,204,204,220,230,230,230,230],"floor_reached":21,"language":"ZHS","playtime":1072,"items_purged":["Strike_R"],"score":204,"play_id":"0501e9b7-afda-49bf-bfd1-fecb2e8a2860","local_time":"20210216121356","is_ascension_mode":false,"campfire_choices":[{"data":"Berserk","floor":7,"key":"SMITH"},{"data":"Dark Embrace","floor":12,"key":"SMITH"},{"data":"Battle Trance","floor":15,"key":"SMITH"}],"circlet_count":0,"master_deck":["Strike_R","Strike_R","Strike_R","Defend_R","Defend_R","Defend_R","Defend_R","Bash","Dropkick","Second Wind","Dark Embrace+1","Doubt","Berserk+1","Battle Trance+1","Heavy Blade","Power Through","Demon Form","Burning Pact","Whirlwind"],"relics":["Burning Blood","NeowsBlessing","reliquary:MedicineBall","Charon\u0027s Ashes","Odd Mushroom","reliquary:TuningFork","sneckomod:SneckoTalon"],"acts_visited":["Exordium","TheCity"],"potions_floor_usage":[10,16,18],"damage_taken":[{"damage":0,"enemies":"Small Slimes","floor":1,"turns":1},{"damage":0,"enemies":"2 Louse","floor":4,"turns":1},{"damage":0,"enemies":"Lagavulin","floor":6,"turns":1},{"damage":6,"enemies":"Jaw Worm","floor":8,"turns":3},{"damage":20,"enemies":"Looter","floor":10,"turns":2},{"damage":9,"enemies":"The Mushroom Lair","floor":11,"turns":3},{"damage":20,"enemies":"3 Louse","floor":14,"turns":4},{"damage":24,"enemies":"The Guardian","floor":16,"turns":12},{"damage":26,"enemies":"Spheric Guardian","floor":18,"turns":6},{"damage":45,"enemies":"3 Byrds","floor":19,"turns":6}],"seed_played":"4685484111907718157","potions_obtained":[{"floor":8,"key":"champ:CounterPotion"},{"floor":10,"key":"EssenceOfSteel"},{"floor":16,"key":"SneckoOil"},{"floor":19,"key":"champ:CounterPotion"}],"is_trial":false,"path_per_floor":["M","$","?","M","?","E","R","M","T","M","?","R","$","M","R","B",null,"M","M","?","$"],"character_chosen":"IRONCLAD","items_purchased":["Power Through","reliquary:TuningFork"],"campfire_rested":0,"item_purchase_floors":[13,13],"current_hp_per_floor":[80,80,80,80,80,80,80,80,80,66,63,63,63,49,49,31,80,60,21,12,12,12],"gold":230,"neow_bonus":"THREE_ENEMY_KILL","is_daily":false,"chose_seed":false,"campfire_upgraded":3,"win_rate":0.0,"timestamp":1613448836,"path_taken":["M","$","?","M","?","E","R","M","T","M","?","R","$","M","R","BOSS","M","M","?","$"],"items_purchased_type":["Card","Relic"],"build_version":"2020-12-22","purchased_purges":1,"victory":false,"max_hp_per_floor":[80,80,80,80,80,80,80,80,80,80,80,80,80,80,80,80,80,80,80,80,80,80],"card_choices":[{"not_picked":["Sword Boomerang","Perfected Strike"],"picked":"Dropkick","floor":1},{"not_picked":["Entrench","Clothesline"],"picked":"Dark Embrace","floor":4},{"not_picked":["Intimidate","Iron Wave"],"picked":"Berserk","floor":6},{"not_picked":["Warcry","Clash","Twin Strike"],"picked":"SKIP","floor":8},{"not_picked":["Sword Boomerang","Cleave"],"picked":"Battle Trance","floor":10},{"not_picked":["Flame Barrier","Shrug It Off"],"picked":"Heavy Blade","floor":11},{"not_picked":["Battle Trance","Body Slam","Clothesline"],"picked":"SKIP","floor":14},{"not_picked":["Feed","Juggernaut"],"picked":"Demon Form","floor":16},{"not_picked":["Dropkick","Twin Strike"],"picked":"Burning Pact","floor":18},{"not_picked":["Heavy Blade","Clash"],"picked":"Whirlwind","floor":19}],"player_experience":183407,"relics_obtained":[{"floor":6,"key":"reliquary:MedicineBall"},{"floor":9,"key":"Charon\u0027s Ashes"},{"floor":11,"key":"Odd Mushroom"}],"event_choices":[{"damage_healed":0,"gold_gain":0,"cards_transformed":["Strike_R"],"player_choice":"Change","damage_taken":0,"max_hp_gain":0,"max_hp_loss":0,"event_name":"Living Wall","floor":3,"gold_loss":0,"cards_obtained":["Second Wind"]},{"damage_healed":0,"gold_gain":175,"player_choice":"AGREE","damage_taken":0,"max_hp_gain":0,"max_hp_loss":0,"event_name":"Liars Game","floor":5,"gold_loss":0,"cards_obtained":["Doubt"]},{"damage_healed":0,"gold_gain":0,"player_choice":"Fought Mushrooms","damage_taken":0,"max_hp_gain":0,"max_hp_loss":0,"event_name":"Mushrooms","floor":11,"gold_loss":0},{"damage_healed":0,"gold_gain":0,"player_choice":"Stopped","damage_taken":9,"max_hp_gain":0,"max_hp_loss":0,"event_name":"Cursed Tome","floor":20,"gold_loss":0}],"is_beta":false,"boss_relics":[{"not_picked":["Black Star","reliquary:RedCape"],"picked":"sneckomod:SneckoTalon"}],"items_purged_floors":[2],"is_endless":false,"potions_floor_spawned":[8,10,16,19],"ascension_level":0}}