{"host":"yhipfp2q5jnlph7f","time":1613485260,"event":{"mods":["BaseMod","Minty Spire (QoL Compilation)","Quick Restart"],"gold_per_floor":[115,125,145,163,20,47,47,58,129,129,461,461,481,508,508,612,612,623,641,654,666,666,692,235,235,235,235,269,314,352,352,352,455,455,496,496,513,533,547,575,575,575,575],"floor_reached":42,"language":"JPN","playtime":4012,"items_purged":["Strike_P"],"score":648,"play_id":"503f0bd2-06a8-4812-8360-5f89b420efb4","local_time":"20210216232100","is_ascension_mode":true,"campfire_choices":[{"data":"Pray","floor":7.0,"key":"SMITH"},{"data":"1","floor":15.0,"key":"LIFT"},{"data":"Eruption","floor":27.0,"key":"SMITH"},{"data":"ForeignInfluence","floor":32.0,"key":"SMITH"}],"circlet_count":0,"master_deck":["Strike_P+1","Defend_P","Defend_P","Defend_P","Eruption+1","Vigilance","EmptyBody+1","Pray+1","MasterReality","ForeignInfluence+1","CarveReality","Vault","Evaluate","Wish","Study","ConjureBlade","Prostrate+1","Parasite","SpiritShield","ForeignInfluence+1","SpiritShield"],"relics":["PureWater","Girya","Lantern","PreservedInsect","Matryoshka","Old Coin","Oddly Smooth Stone","Coffee Dripper","Boot","Mercury Hourglass","Vajra","Bottled Flame","Regal Pillow","Philosopher\u0027s Stone","Blood Vial"],"acts_visited":["Exordium","TheCity","TheBeyond"],"potions_floor_usage":[40],"damage_taken":[{"damage":0.0,"enemies":"Jaw Worm","floor":1.0,"turns":3.0},{"damage":0.0,"enemies":"Small Slimes","floor":2.0,"turns":2.0},{"damage":1.0,"enemies":"2 Louse","floor":3.0,"turns":3.0},{"damage":1.0,"enemies":"2 Fungi Beasts","floor":4.0,"turns":6.0},{"damage":7.0,"enemies":"Lagavulin","floor":6.0,"turns":7.0},{"damage":10.0,"enemies":"Exordium Wildlife","floor":8.0,"turns":4.0},{"damage":5.0,"enemies":"Gremlin Nob","floor":11.0,"turns":3.0},{"damage":1.0,"enemies":"3 Louse","floor":13.0,"turns":5.0},{"damage":0.0,"enemies":"Lagavulin","floor":14.0,"turns":3.0},{"damage":16.0,"enemies":"Hexaghost","floor":16.0,"turns":8.0},{"damage":0.0,"enemies":"2 Thieves","floor":18.0,"turns":6.0},{"damage":0.0,"enemies":"Chosen","floor":19.0,"turns":4.0},{"damage":18.0,"enemies":"Snecko","floor":20.0,"turns":4.0},{"damage":26.0,"enemies":"3 Cultists","floor":21.0,"turns":5.0},{"damage":8.0,"enemies":"Book of Stabbing","floor":23.0,"turns":4.0},{"damage":0.0,"enemies":"Gremlin Leader","floor":28.0,"turns":1.0},{"damage":0.0,"enemies":"Sentry and Sphere","floor":29.0,"turns":6.0},{"damage":0.0,"enemies":"Centurion and Healer","floor":30.0,"turns":3.0},{"damage":2.0,"enemies":"Champ","floor":33.0,"turns":7.0},{"damage":10.0,"enemies":"3 Shapes","floor":35.0,"turns":6.0},{"damage":29.0,"enemies":"3 Darklings","floor":37.0,"turns":6.0},{"damage":0.0,"enemies":"Jaw Worm Horde","floor":38.0,"turns":2.0},{"damage":1.0,"enemies":"Writhing Mass","floor":39.0,"turns":5.0},{"damage":24,"enemies":"Nemesis","floor":40,"turns":4},{"damage":18,"enemies":"Giant Head","floor":42,"turns":6}],"seed_played":"7926246713775471014","potions_obtained":[{"floor":1.0,"key":"LiquidBronze"},{"floor":4.0,"key":"DuplicationPotion"},{"floor":6.0,"key":"Weak Potion"},{"floor":13.0,"key":"Ancient Potion"},{"floor":14.0,"key":"DuplicationPotion"},{"floor":19.0,"key":"ColorlessPotion"},{"floor":23.0,"key":"Fire Potion"},{"floor":28.0,"key":"BlessingOfTheForge"},{"floor":38.0,"key":"Ancient Potion"}],"is_trial":false,"path_per_floor":["M","M","M","M","$","E","R","M","T","?","E","?","M","E","R","B",null,"M","M","M","M","?","E","$","?","T","R","E","M","M","?","R","B",null,"M","?","M","M","M","E","?","E"],"character_chosen":"WATCHER","items_purchased":["Lantern","Mercury Hourglass","Wish"],"campfire_rested":0,"item_purchase_floors":[5,24,24],"current_hp_per_floor":[65,65,64,63,63,56,56,46,46,33,28,21,20,20,20,4,65,65,65,47,21,10,2,2,2,2,2,2,2,2,25,25,23,70,60,60,31,31,30,6,6,0,0],"gold":575,"neow_bonus":"ONE_RARE_RELIC","is_daily":false,"chose_seed":false,"campfire_upgraded":3,"win_rate":0.0,"timestamp":1613485260,"path_taken":["M","M","M","M","$","E","R","M","T","?","E","?","M","E","R","BOSS","M","M","M","M","?","E","$","?","T","R","E","?","M","?","R","BOSS","M","?","M","M","M","E","?","E"],"items_purchased_type":["Relic","Relic","Card"],"build_version":"2020-12-22","purchased_purges":1,"victory":false,"max_hp_per_floor":[65,65,65,65,65,65,65,65,65,65,65,65,65,65,65,65,65,65,65,65,65,70,70,70,70,70,70,70,70,70,70,70,70,70,70,70,70,70,70,70,70,70,70],"card_choices":[{"not_picked":["Meditate","TalkToTheHand","EmptyFist"],"picked":"SKIP","floor":1.0},{"not_picked":["SashWhip","ClearTheMind"],"picked":"EmptyBody","floor":2.0},{"not_picked":["Prostrate","FearNoEvil"],"picked":"Pray","floor":3.0},{"not_picked":["CrushJoints","BowlingBash","Crescendo"],"picked":"SKIP","floor":4.0},{"not_picked":["Perseverance","BowlingBash","TalkToTheHand"],"picked":"SKIP","floor":6.0},{"not_picked":["MentalFortress","JustLucky","ClearTheMind"],"picked":"SKIP","floor":8.0},{"not_picked":["CutThroughFate","BowlingBash"],"picked":"MasterReality","floor":11.0},{"not_picked":["SashWhip","Indignation"],"picked":"ForeignInfluence","floor":13.0},{"not_picked":["FlyingSleeves","PathToVictory"],"picked":"CarveReality","floor":14.0},{"not_picked":["LessonLearned","Blasphemy"],"picked":"Vault","floor":16.0},{"not_picked":["FollowUp","Consecrate+1","ClearTheMind"],"picked":"SKIP","floor":18.0},{"not_picked":["SandsOfTime","Perseverance","FlyingSleeves+1"],"picked":"SKIP","floor":19.0},{"not_picked":["FlyingSleeves","ThirdEye+1","Halt+1"],"picked":"SKIP","floor":20.0},{"not_picked":["SandsOfTime","Worship"],"picked":"Evaluate","floor":21.0},{"not_picked":["BowlingBash","Consecrate","SashWhip+1"],"picked":"SKIP","floor":23.0},{"not_picked":["LessonLearned","ClearTheMind+1"],"picked":"Study","floor":28.0},{"not_picked":["SashWhip","LikeWater","MentalFortress"],"picked":"SKIP","floor":29.0},{"not_picked":["BowlingBash","FollowUp+1","FlurryOfBlows"],"picked":"SKIP","floor":30.0},{"not_picked":["Establishment","Wish"],"picked":"ConjureBlade","floor":33.0},{"not_picked":["CutThroughFate","FollowUp+1"],"picked":"Prostrate+1","floor":35.0},{"not_picked":["ClearTheMind+1","FollowUp+1","CutThroughFate"],"picked":"SKIP","floor":37.0},{"not_picked":["LikeWater","BowlingBash","WaveOfTheHand"],"picked":"SKIP","floor":38.0},{"not_picked":["Halt","Worship"],"picked":"SpiritShield","floor":39.0},{"not_picked":["Evaluate","LikeWater"],"picked":"ForeignInfluence+1","floor":40}],"player_experience":1914332,"relics_obtained":[{"floor":6.0,"key":"PreservedInsect"},{"floor":9.0,"key":"Matryoshka"},{"floor":11.0,"key":"Old Coin"},{"floor":14.0,"key":"Oddly Smooth Stone"},{"floor":23.0,"key":"Boot"},{"floor":26.0,"key":"Vajra"},{"floor":26.0,"key":"Bottled Flame"},{"floor":28.0,"key":"Regal Pillow"},{"floor":40,"key":"Blood Vial"}],"event_choices":[{"damage_healed":0.0,"max_hp_gain":0.0,"max_hp_loss":0.0,"gold_gain":0.0,"event_name":"Shining Light","player_choice":"Entered Light","floor":10.0,"gold_loss":0.0,"damage_taken":13.0,"cards_upgraded":["EmptyBody","Strike_P"]},{"cards_removed":["Strike_P"],"damage_healed":0.0,"max_hp_gain":0.0,"max_hp_loss":0.0,"gold_gain":0.0,"event_name":"Golden Wing","player_choice":"Card Removal","floor":12.0,"gold_loss":0.0,"damage_taken":7.0},{"damage_healed":0.0,"max_hp_gain":5.0,"max_hp_loss":0.0,"gold_gain":0.0,"event_name":"Forgotten Altar","player_choice":"Shed Blood","floor":22.0,"gold_loss":0.0,"damage_taken":16.0},{"cards_removed":["Strike_P"],"damage_healed":0.0,"max_hp_gain":0.0,"max_hp_loss":0.0,"gold_gain":0.0,"event_name":"Back to Basics","player_choice":"Elegance","floor":25.0,"gold_loss":0.0,"damage_taken":0.0},{"damage_healed":23.0,"max_hp_gain":0.0,"max_hp_loss":0.0,"gold_gain":0.0,"event_name":"The Library","player_choice":"Heal","floor":31.0,"gold_loss":0.0,"damage_taken":0.0},{"cards_removed":["Defend_P"],"damage_healed":0.0,"max_hp_gain":0.0,"max_hp_loss":0.0,"gold_gain":0.0,"event_name":"Falling","player_choice":"Removed Skill","floor":36.0,"gold_loss":0.0,"damage_taken":0.0},{"damage_healed":0,"gold_gain":0,"player_choice":"1 cards matched","damage_taken":0,"max_hp_gain":0,"max_hp_loss":0,"event_name":"Match and Keep!","floor":41,"gold_loss":0,"cards_obtained":["SpiritShield"]}],"is_beta":false,"boss_relics":[{"not_picked":["SlaversCollar","Runic Dome"],"picked":"Coffee Dripper"},{"not_picked":["Empty Cage","Astrolabe"],"picked":"Philosopher\u0027s Stone"}],"items_purged_floors":[24],"is_endless":false,"potions_floor_spawned":[1,4,6,13,14,19,23,28,38],"killed_by":"Giant Head","ascension_level":3}}