{"host":"clf2hd4adhiiw0zf","time":1613455999,"event":{"mods":["AchievementEnabler","BaseMod","Beaked The Cultist","Bestiary","Dark Map","Downfall","Gremlin Mod","Hermit","Jorbs\u0027s Wanderer Trilogy","Marisa????????","Minty Spire (QoL Compilation)","Shop Mod","StSLib","The Cursed","Wide Potions"],"gold_per_floor":[99,117,117,134,146,175,175,75,90,119,137,122,122,152,163,238,238,138,150,150,150,135,135,135,149,167,178,209,226,226,226,241,318,368,268,280,449,463,481,498,498,498,498,530,549,549,563,582,597,597,597,597],"floor_reached":50,"language":"ENG","playtime":2139,"items_purged":[],"score":1065,"play_id":"8326018d-ff0e-4da9-9368-e7a1e3f206c9","local_time":"20210215231319","is_ascension_mode":true,"campfire_choices":[{"data":"stsjorbsmod:Trauma","floor":1,"key":"SMITH"},{"floor":8,"key":"RECALL"},{"data":"champ:PerfectedStrike","floor":18,"key":"SMITH"},{"data":"champ:EnchantSword","floor":23,"key":"SMITH"},{"data":"champ:PerfectedStrike","floor":30,"key":"SMITH"},{"data":"champ:CheapShot","floor":35,"key":"SMITH"},{"data":"champ:TornadoPunch","floor":43,"key":"SMITH"},{"floor":46,"key":"REST"}],"circlet_count":0,"master_deck":["AscendersBane","champ:Strike","champ:Strike","champ:Strike","champ:Strike","champ:Defend","champ:Defend","champ:Defend","champ:Defend","champ:Execute+1","champ:Taunt+1","stsjorbsmod:Trauma+1","champ:BringItOn","champ:ArenaPreparation","champ:CheapShot+1","champ:PerfectedStrike+1","champ:FlashCut","champ:TornadoPunch+1","champ:Circumvent","champ:LastStand+1","champ:EnchantSword+1","champ:StanceDance+1","champ:PerfectedStrike+1","champ:PerfectedStrike+1"],"relics":["beaked:SacredDeck","Frozen Egg 2","downfall:HeartBlessingGreen","CaptainsWheel","Oddly Smooth Stone","Calipers","Busted Crown","downfall:HeartBlessingRed","FossilizedHelix","Anchor","Tiny House","downfall:HeartBlessingBlue","Guardian:BottledAnomaly","bronze:BronzeIdol","Art of War"],"acts_visited":["Exordium","TheCity","TheBeyond"],"potions_floor_usage":[10,16,16,22,29,33,44,44,44,49,50,50],"damage_taken":[{"damage":0,"enemies":"2 Louse","floor":2,"turns":1},{"damage":10,"enemies":"Cultist","floor":4,"turns":2},{"damage":7,"enemies":"Jaw Worm","floor":5,"turns":3},{"damage":20,"enemies":"3 Sentries","floor":6,"turns":3},{"damage":0,"enemies":"Large Slime","floor":9,"turns":3},{"damage":14,"enemies":"Lagavulin","floor":10,"turns":4},{"damage":11,"enemies":"Blue Slaver","floor":11,"turns":2},{"damage":0,"enemies":"downfall:FleeingMerchant","floor":12,"turns":4},{"damage":7,"enemies":"Gremlin Nob","floor":14,"turns":3},{"damage":8,"enemies":"Exordium Wildlife","floor":15,"turns":3},{"damage":35,"enemies":"IC_STATUS_ARCHETYPE","floor":16,"turns":6},{"damage":11,"enemies":"downfall:LooterAlt2","floor":19,"turns":3},{"damage":5,"enemies":"downfall:FleeingMerchant","floor":22,"turns":5},{"damage":0,"enemies":"Chosen","floor":25,"turns":4},{"damage":0,"enemies":"Shelled Parasite and Fungi","floor":26,"turns":3},{"damage":0,"enemies":"Cultist and Chosen","floor":27,"turns":3},{"damage":14,"enemies":"Book of Stabbing","floor":28,"turns":5},{"damage":4,"enemies":"Sentry and Sphere","floor":29,"turns":4},{"damage":10,"enemies":"Snake Plant","floor":32,"turns":3},{"damage":61,"enemies":"WA_ARCHETYPE_CALM","floor":33,"turns":10},{"damage":4,"enemies":"3 Darklings","floor":36,"turns":5},{"damage":0,"enemies":"downfall:FleeingMerchant","floor":37,"turns":1},{"damage":0,"enemies":"Orb Walker","floor":38,"turns":2},{"damage":11,"enemies":"3 Darklings","floor":39,"turns":3},{"damage":6,"enemies":"4 Shapes","floor":40,"turns":3},{"damage":87,"enemies":"Giant Head","floor":44,"turns":10},{"damage":53,"enemies":"Spire Growth","floor":45,"turns":4},{"damage":0,"enemies":"Writhing Mass","floor":47,"turns":4},{"damage":16,"enemies":"Maw","floor":48,"turns":7},{"damage":0,"enemies":"3 Darklings","floor":49,"turns":3},{"damage":78,"enemies":"DF_ARCHETYPE_ORBS","floor":50,"turns":8}],"seed_played":"-457457170245386742","potions_obtained":[{"floor":4,"key":"Regen Potion"},{"floor":9,"key":"AttackPotion"},{"floor":15,"key":"sneckomod:MuddlingPotion"},{"floor":16,"key":"GamblersBrew"},{"floor":26,"key":"Ancient Potion"},{"floor":29,"key":"Fruit Juice"},{"floor":32,"key":"Regen Potion"},{"floor":34,"key":"FairyPotion"},{"floor":39,"key":"CultistPotion"},{"floor":40,"key":"LiquidBronze"},{"floor":42,"key":"Explosive Potion"},{"floor":42,"key":"SpeedPotion"},{"floor":44,"key":"BlessingOfTheForge"},{"floor":47,"key":"SteroidPotion"},{"floor":49,"key":"champ:OpenerPotion"}],"is_trial":false,"path_per_floor":["R","M","?","M","M","E","T","R","M","E","M","$","T","E","M","B",null,"R","M","?","?","$","R","T","M","M","M","E","M","R","T","M","B",null,"R","M","$","M","M","M","T","?","R","E","M","R","M","M","M","B"],"character_chosen":"THE_CHAMP","items_purchased":["Guardian:BottledAnomaly"],"campfire_rested":1,"item_purchase_floors":[37],"current_hp_per_floor":[73,73,73,73,66,56,56,56,56,42,41,41,41,34,26,34,69,69,58,58,35,35,35,35,35,35,45,31,37,37,37,42,15,77,87,93,93,93,97,91,91,91,91,14,23,54,64,48,58,0,0,0],"gold":597,"neow_bonus":"BOSS_RELIC","is_daily":false,"chose_seed":false,"campfire_upgraded":6,"win_rate":0.0,"timestamp":1613455999,"path_taken":["R","M","?","M","M","E","T","R","M","E","M","?","?","E","M","BOSS","R","M","?","?","?","R","T","M","M","M","E","?","R","?","M","BOSS","R","M","$","M","M","M","T","?","R","E","?","R","M","M","M","BOSS"],"items_purchased_type":["Relic"],"build_version":"2020-12-22","purchased_purges":0,"victory":false,"max_hp_per_floor":[81,81,81,81,81,81,81,81,81,81,81,81,81,81,81,81,81,81,81,81,86,86,86,86,86,86,86,86,91,91,91,91,91,96,106,106,106,106,106,106,106,106,106,106,106,106,106,106,106,106,106,106],"card_choices":[{"not_picked":["champ:Backstep","champ:PreciseThrust"],"picked":"champ:BringItOn","floor":2},{"not_picked":["champ:FocusedDefense","champ:DefensiveStyle"],"picked":"champ:ArenaPreparation","floor":4},{"not_picked":["champ:Shatter","champ:StanceDance","champ:RecklessLeap"],"picked":"SKIP","floor":5},{"not_picked":["champ:RecklessLeap","champ:BerserkersShout"],"picked":"champ:CheapShot","floor":6},{"not_picked":["champ:GutPunch","champ:FocusedDefense"],"picked":"champ:PerfectedStrike","floor":9},{"not_picked":["champ:AdrenalArmor","champ:SkillfulDodge"],"picked":"champ:FlashCut","floor":10},{"not_picked":["champ:FanOfKnives","champ:BerserkersShout"],"picked":"champ:TornadoPunch","floor":11},{"not_picked":["champ:FlashCut","champ:TornadoPunch"],"picked":"champ:Circumvent","floor":12},{"not_picked":["champ:ViciousMockery","champ:BerserkersShout","champ:BladeFlurry"],"picked":"SKIP","floor":14},{"not_picked":["champ:Circumvent","champ:ShieldSlam"],"picked":"champ:LastStand+1","floor":15},{"not_picked":["champ:GladiatorForm+1","champ:CheapShot"],"picked":"champ:EnchantSword","floor":16},{"not_picked":[],"picked":"champ:StanceDance+1","floor":19},{"not_picked":["champ:RisingSlash"],"picked":"SKIP","floor":22},{"not_picked":["champ:Shatter"],"picked":"SKIP","floor":25},{"not_picked":[],"picked":"champ:PerfectedStrike","floor":26},{"not_picked":["champ:BringItOn"],"picked":"SKIP","floor":27},{"not_picked":["champ:Shatter"],"picked":"SKIP","floor":28},{"not_picked":["champ:StanceDance"],"picked":"SKIP","floor":29},{"not_picked":[],"picked":"champ:PerfectedStrike+1","floor":32},{"not_picked":["champ:RageSigil"],"picked":"SKIP","floor":36},{"not_picked":["champ:Shatter"],"picked":"SKIP","floor":37},{"not_picked":["champ:BladeFlurry"],"picked":"SKIP","floor":38},{"not_picked":["champ:PreemptiveStrike"],"picked":"SKIP","floor":39},{"not_picked":["champ:RisingSlash"],"picked":"SKIP","floor":40},{"not_picked":["champ:ViciousMockery+1"],"picked":"SKIP","floor":44},{"not_picked":["champ:ViciousMockery"],"picked":"SKIP","floor":45},{"not_picked":["champ:FlashCut"],"picked":"SKIP","floor":47},{"not_picked":["champ:HeartStrike+1"],"picked":"SKIP","floor":48},{"not_picked":["champ:EnragedBash"],"picked":"SKIP","floor":49}],"player_experience":327900,"relics_obtained":[{"floor":6,"key":"Potion Belt"},{"floor":7,"key":"Frozen Egg 2"},{"floor":10,"key":"CaptainsWheel"},{"floor":13,"key":"Oddly Smooth Stone"},{"floor":14,"key":"Calipers"},{"floor":24,"key":"FossilizedHelix"},{"floor":28,"key":"Anchor"},{"floor":41,"key":"bronze:BronzeIdol"},{"floor":44,"key":"Art of War"}],"event_choices":[{"damage_healed":0,"gold_gain":0,"player_choice":"Forge","damage_taken":0,"max_hp_gain":0,"max_hp_loss":0,"event_name":"Accursed Blacksmith","floor":3,"gold_loss":0,"cards_upgraded":["champ:Taunt"]}],"is_beta":false,"boss_relics":[{"not_picked":["Empty Cage","Runic Dome"],"picked":"Busted Crown"},{"not_picked":["bronze:MakeshiftBattery","beaked:MawFillet"],"picked":"Tiny House"}],"items_purged_floors":[],"is_endless":false,"potions_floor_spawned":[4,9,15,16,26,29,32,39,40,44,47,49],"killed_by":"DF_ARCHETYPE_ORBS","ascension_level":20}}