{"host":"en4narc5947t7k9n","time":1613477007,"event":{"mods":["AchievementEnabler","BaseMod","Colored Map","Minty Spire (QoL Compilation)","SuperFastMode"],"gold_per_floor":[118,197,197,208,221,221,237,261,261,261,290,37,54,54,54,157,157,174,174,185,38,38,38,52,52,75,75,75,75],"floor_reached":28,"language":"KOR","playtime":2266,"items_purged":[],"score":216,"play_id":"92b61841-b876-4955-98b0-e57a1a5a27ab","local_time":"20210216210327","is_ascension_mode":false,"campfire_choices":[{"data":"Anger","floor":6,"key":"SMITH"},{"data":"Rampage","floor":10,"key":"SMITH"},{"data":"Corruption","floor":15,"key":"SMITH"},{"data":"Shockwave","floor":23,"key":"SMITH"}],"circlet_count":0,"master_deck":["Strike_R","Strike_R","Strike_R","Strike_R","Strike_R+1","Defend_R","Defend_R","Defend_R","Defend_R","Bash","Trip+1","Clash","Anger+1","Rampage+1","Flex","Sword Boomerang","Corruption+1","Shockwave+1","Double Tap","CurseOfTheBell","Armaments+1","Reaper+1","RitualDagger+1","Body Slam+1","Panacea","Blind","Trip","Deep Breath"],"relics":["Burning Blood","Odd Mushroom","Molten Egg 2","InkBottle","Letter Opener","Orichalcum","Calling Bell","Potion Belt","Question Card","Peace Pipe","MutagenicStrength","Vajra","Bag of Marbles"],"acts_visited":["Exordium","TheCity"],"potions_floor_usage":[8,11,16,18,28,28],"damage_taken":[{"damage":5,"enemies":"2 Louse","floor":1,"turns":3},{"damage":1,"enemies":"Jaw Worm","floor":4,"turns":3},{"damage":7,"enemies":"Small Slimes","floor":5,"turns":3},{"damage":21,"enemies":"3 Louse","floor":7,"turns":3},{"damage":16,"enemies":"The Mushroom Lair","floor":8,"turns":4},{"damage":22,"enemies":"3 Sentries","floor":11,"turns":5},{"damage":0,"enemies":"Large Slime","floor":13,"turns":3},{"damage":15,"enemies":"Slime Boss","floor":16,"turns":7},{"damage":4,"enemies":"Spheric Guardian","floor":18,"turns":3},{"damage":19,"enemies":"2 Thieves","floor":20,"turns":3},{"damage":21,"enemies":"Snake Plant","floor":24,"turns":4},{"damage":18,"enemies":"Centurion and Healer","floor":28,"turns":2}],"seed_played":"-2902959732708252436","potions_obtained":[{"floor":4,"key":"DistilledChaos"},{"floor":7,"key":"Regen Potion"},{"floor":8,"key":"Dexterity Potion"},{"floor":13,"key":"SkillPotion"},{"floor":16,"key":"FearPotion"},{"floor":20,"key":"Strength Potion"},{"floor":24,"key":"SteroidPotion"}],"is_trial":false,"path_per_floor":["M","?","?","M","M","R","M","?","T","R","E","$","M","?","R","B",null,"M","?","M","$","?","R","M","?","T","?","M"],"character_chosen":"IRONCLAD","items_purchased":["Letter Opener","Vajra"],"campfire_rested":0,"item_purchase_floors":[12,21],"current_hp_per_floor":[80,80,64,69,68,68,53,55,55,55,39,39,45,33,33,24,80,80,80,67,67,61,61,52,52,52,16,0,0],"gold":75,"neow_bonus":"RANDOM_COLORLESS","is_daily":false,"chose_seed":false,"campfire_upgraded":4,"win_rate":0.0,"timestamp":1613477007,"path_taken":["M","?","?","M","M","R","M","?","T","R","E","?","?","?","R","BOSS","M","?","M","$","?","R","M","?","T","?","M"],"items_purchased_type":["Relic","Relic"],"build_version":"2020-12-22","purchased_purges":0,"victory":false,"max_hp_per_floor":[80,80,80,80,80,80,80,80,80,80,80,80,80,80,80,80,80,80,80,80,80,80,80,80,80,80,80,80,80],"card_choices":[{"not_picked":["Finesse","Good Instincts"],"picked":"Trip","floor":0},{"not_picked":["Perfected Strike","Clothesline"],"picked":"Clash","floor":1},{"not_picked":["Warcry","Thunderclap"],"picked":"Anger","floor":4},{"not_picked":["Battle Trance","Combust"],"picked":"Rampage","floor":5},{"not_picked":["Clothesline","Shrug It Off"],"picked":"Flex","floor":7},{"not_picked":["Reckless Charge","Rampage"],"picked":"Sword Boomerang","floor":8},{"not_picked":["Warcry","Hemokinesis+1"],"picked":"Corruption","floor":11},{"not_picked":["Infernal Blade","Clothesline+1"],"picked":"Shockwave","floor":13},{"not_picked":["Offering","Brutality"],"picked":"Double Tap","floor":16},{"not_picked":["Fire Breathing","Power Through","Dual Wield+1"],"picked":"Armaments+1","floor":18},{"not_picked":["Iron Wave+1","Clash+1","Warcry"],"picked":"Reaper+1","floor":20},{"not_picked":["Blood for Blood+1","Rupture+1","Clothesline+1"],"picked":"Body Slam+1","floor":24}],"player_experience":3261,"relics_obtained":[{"floor":8,"key":"Odd Mushroom"},{"floor":9,"key":"Molten Egg 2"},{"floor":11,"key":"InkBottle"},{"floor":17,"key":"Potion Belt"},{"floor":17,"key":"Question Card"},{"floor":17,"key":"Peace Pipe"},{"floor":26,"key":"Bag of Marbles"}],"event_choices":[{"damage_healed":0,"gold_gain":79,"player_choice":"Gained Gold","damage_taken":0,"max_hp_gain":0,"max_hp_loss":0,"event_name":"Golden Wing","floor":2,"gold_loss":0},{"damage_healed":0,"gold_gain":0,"player_choice":"Entered Light","damage_taken":16,"max_hp_gain":0,"max_hp_loss":0,"event_name":"Shining Light","floor":3,"gold_loss":0,"cards_upgraded":["Strike_R","Trip"]},{"damage_healed":0,"gold_gain":0,"player_choice":"Fought Mushrooms","damage_taken":0,"max_hp_gain":0,"max_hp_loss":0,"event_name":"Mushrooms","floor":8,"gold_loss":0},{"damage_healed":0,"gold_gain":0,"player_choice":"Success","damage_taken":12,"relics_obtained":["Orichalcum"],"max_hp_gain":0,"max_hp_loss":0,"event_name":"Scrap Ooze","floor":14,"gold_loss":0},{"damage_healed":0,"gold_gain":0,"player_choice":"Inject Mutagens","damage_taken":0,"relics_obtained":["MutagenicStrength"],"max_hp_gain":0,"max_hp_loss":0,"event_name":"Drug Dealer","floor":19,"gold_loss":0},{"damage_healed":0,"gold_gain":0,"player_choice":"Joined the Cult","damage_taken":6,"max_hp_gain":0,"max_hp_loss":0,"event_name":"Nest","floor":22,"gold_loss":0,"cards_obtained":["RitualDagger"]},{"damage_healed":0,"gold_gain":0,"player_choice":"Ignored","damage_taken":0,"max_hp_gain":0,"max_hp_loss":0,"event_name":"Ghosts","floor":25,"gold_loss":0},{"damage_healed":0,"gold_gain":0,"player_choice":"CARD CARD CARD CARD ","damage_taken":36,"max_hp_gain":0,"max_hp_loss":0,"event_name":"Knowing Skull","floor":27,"potions_obtained":[],"gold_loss":0,"cards_obtained":["Panacea","Blind","Trip","Deep Breath"]}],"is_beta":false,"boss_relics":[{"not_picked":["Cursed Key","Fusion Hammer"],"picked":"Calling Bell"}],"items_purged_floors":[],"is_endless":false,"potions_floor_spawned":[4,7,8,13,16,20,24],"killed_by":"Centurion and Healer","ascension_level":0}}