{"host":"51qmnr9isyv85d0p","time":1613468571,"event":{"mods":["AchievementEnabler","BaseMod","Colored Map","Colored Powertips","Curses Come First","Downfall","Minty Spire (QoL Compilation)","Red Circlet Mod","Relic Stats","StSLib","TestMod"],"gold_per_floor":[99,11600,11600,10586,10598,10618,10618,10635,10678,10693,10041,10067,10067,10081,10100,10196,10196,10196,10196,9774,9796,8953,8953,8953,8953,8953,8953,8994,9099,9099,9131,9145,9257,9257,9257,9288,9303,8598,8614,8614,8614,8647,8647,8679,7957,7957,7044,7071,6971,6980],"floor_reached":51,"language":"ZHS","playtime":2045,"items_purged":["bronze:Defend","bronze:Strike","bronze:Defend","bronze:Strike","Pride","bronze:Defend","bronze:Replicate"],"score":5062,"play_id":"49155665-63d8-4547-adc5-8a45475d566d","local_time":"20210216174251","is_ascension_mode":true,"campfire_choices":[{"data":"bronze:Strike","floor":1,"key":"SMITH"},{"data":"Trip","floor":13,"key":"SMITH"},{"data":"bronze:MaxOutput","floor":18,"key":"SMITH"},{"data":"testmod-Mystery","floor":25,"key":"SMITH"},{"data":"bronze:ChosenStrike","floor":30,"key":"SMITH"},{"data":"Metamorphosis","floor":35,"key":"SMITH"},{"data":"bronze:HardenedForm","floor":40,"key":"SMITH"},{"data":"bronze:Optimize","floor":46,"key":"SMITH"},{"data":"bronze:Verify","floor":49,"key":"SMITH"}],"circlet_count":0,"master_deck":["bronze:Strike+1","bronze:Goto","bronze:ChosenStrike+1","bronze:Repair","bronze:Optimize+1","bronze:BronzeOrb","Trip+1","bronze:MaxOutput+1","bronze:FineTuning","bronze:AlphaBuild","bronze:ClassDefault","bronze:HardenedForm+1","testmod-Mystery+1","bronze:Backtrace+1","bronze:BronzeOrb","Metamorphosis+1","bronze:Fortify+1","bronze:MaxOutput+1","bronze:Verify+1","bronze:DigitalCarnage+1","bronze:ClassDefault","bronze:ThunderWave+1"],"relics":["bronze:BronzeCore","testmod-TestBox","testmod-TimeTraveler","downfall:BrokenWingStatue","InkBottle","Bag of Marbles","testmod-Register","testmod-TheFather","MealTicket","Oddly Smooth Stone","Question Card","HandDrill","bronze:SilverBullet","Sozu","bronze:BottledCode","Toy Ornithopter","bronze:CableSpool","Lee\u0027s Waffle","Boot","Bronze Scales","Cauldron","Bottled Flame","Darkstone Periapt","Molten Egg 2","Potion Belt","PreservedInsect","Busted Crown","testmod-LifeArmor","Pear","OrangePellets","Unceasing Top","Mango","testmod-AssaultLearning","testmod-TurbochargingSystem","testmod-OneHitWonder","Chemical X","Calipers","Eternal Feather","Medical Kit","Lantern","downfall:HeartBlessingGreen"],"acts_visited":["Exordium","TheCity","TheBeyond"],"potions_floor_usage":[],"damage_taken":[{"damage":0,"enemies":"Cultist","floor":2,"turns":3},{"damage":0,"enemies":"downfall:FleeingMerchant","floor":4,"turns":4},{"damage":0,"enemies":"Small Slimes","floor":5,"turns":3},{"damage":0,"enemies":"2 Louse","floor":6,"turns":1},{"damage":0,"enemies":"2 Fungi Beasts","floor":8,"turns":1},{"damage":3,"enemies":"3 Sentries","floor":9,"turns":4},{"damage":0,"enemies":"Gremlin Gang","floor":10,"turns":2},{"damage":11,"enemies":"downfall:FleeingMerchant","floor":11,"turns":4},{"damage":0,"enemies":"Gremlin Nob","floor":12,"turns":2},{"damage":0,"enemies":"Large Slime","floor":14,"turns":1},{"damage":0,"enemies":"Exordium Wildlife","floor":15,"turns":1},{"damage":19,"enemies":"DF_ARCHETYPE_STREAMLINE","floor":16,"turns":4},{"damage":0,"enemies":"downfall:FleeingMerchant","floor":20,"turns":1},{"damage":0,"enemies":"Shell Parasite","floor":21,"turns":1},{"damage":0,"enemies":"Slavers","floor":28,"turns":1},{"damage":0,"enemies":"downfall:LadyInBlue","floor":29,"turns":2},{"damage":0,"enemies":"Book of Stabbing","floor":31,"turns":2},{"damage":0,"enemies":"Spheric Guardian","floor":32,"turns":1},{"damage":47,"enemies":"SI_MIRROR_ARCHETYPE","floor":33,"turns":5},{"damage":2,"enemies":"3 Darklings","floor":36,"turns":4},{"damage":0,"enemies":"Orb Walker","floor":37,"turns":1},{"damage":10,"enemies":"Sphere and 2 Shapes","floor":39,"turns":2},{"damage":0,"enemies":"Nemesis","floor":42,"turns":1},{"damage":4,"enemies":"Giant Head","floor":44,"turns":2},{"damage":0,"enemies":"Nemesis","floor":48,"turns":1},{"damage":0,"enemies":"WA_ARCHETYPE_DIVINITY","floor":50,"turns":3}],"seed_played":"-3877030242406917766","potions_obtained":[{"floor":5,"key":"Fire Potion"},{"floor":10,"key":"LiquidMemories"}],"is_trial":false,"path_per_floor":["R","M","?","$","M","M","T","M","E","M","$","E","R","M","M","B",null,"R","?","$","M","$","?","T","R","?","?","E","?","R","E","M","B",null,"R","M","M","$","M","R","T","E","?","E","$","R","?","E","R","B",null],"character_chosen":"THE_AUTOMATON","items_purchased":["InkBottle","Bag of Marbles","testmod-Register","bronze:Optimize","bronze:BronzeOrb","testmod-EscapePotion","ColorlessPotion","Block Potion","Trip","Oddly Smooth Stone","Question Card","HandDrill","Toy Ornithopter","bronze:CableSpool","Lee\u0027s Waffle","testmod-Mystery","Boot","Bronze Scales","Cauldron","bronze:BronzeOrb","Metamorphosis","testmod-LifeArmor","Pear","OrangePellets","testmod-TurbochargingSystem","testmod-OneHitWonder","Chemical X","bronze:ClassDefault","Calipers","Eternal Feather","Medical Kit"],"campfire_rested":0,"item_purchase_floors":[4,4,4,4,4,4,4,4,4,11,11,11,20,20,20,20,22,22,22,22,22,38,38,38,45,45,45,45,47,47,47],"current_hp_per_floor":[77,77,77,77,77,77,77,77,74,74,76,76,76,76,77,58,77,77,67,74,74,74,74,74,74,74,80,80,80,80,80,80,33,80,80,80,80,90,80,80,80,94,94,90,104,104,104,104,104,104],"gold":6980,"neow_bonus":"TEN_PERCENT_HP_BONUS","is_daily":false,"chose_seed":false,"campfire_upgraded":9,"win_rate":0.0,"timestamp":1613468571,"path_taken":["R","M","?","$","M","M","T","M","E","M","$","E","R","M","M","BOSS","R","?","$","M","$","?","T","R","?","?","E","?","R","E","M","BOSS","R","M","M","$","?","R","T","E","?","E","$","R","?","E","R","BOSS"],"items_purchased_type":["Relic","Relic","Relic","Card","Card","Potion","Potion","Potion","Card","Relic","Relic","Relic","Relic","Relic","Relic","Card","Relic","Relic","Relic","Card","Card","Relic","Relic","Relic","Relic","Relic","Relic","Card","Relic","Relic","Relic"],"build_version":"2020-12-22","purchased_purges":7,"victory":true,"max_hp_per_floor":[77,77,77,77,77,77,77,77,77,77,77,77,77,77,77,77,77,77,67,74,74,74,74,74,74,74,80,80,80,80,80,80,80,80,80,80,80,90,90,90,90,104,104,104,104,104,104,104,104,104],"relic_stats":{"Darkstone Periapt":6,"Lee\u0027s Waffle":7,"counters":[26,57],"Eternal Feather":0,"PreservedInsect":219,"Question Card":18,"Boot":[4],"Medical Kit":[0],"Sozu":14,"OrangePellets":[0],"Busted Crown":12,"Bronze Scales":[29],"MealTicket":17,"HandDrill":[40],"Chemical X":[1],"obtain_stats":[{"Darkstone Periapt":27,"Lantern":48,"bronze:BronzeCore":0,"Calipers":47,"Mango":42,"downfall:HeartBlessingGreen":49,"testmod-LifeArmor":38,"Boot":22,"bronze:CableSpool":20,"Sozu":17,"downfall:BrokenWingStatue":3,"testmod-TheFather":7,"MealTicket":9,"HandDrill":11,"Chemical X":45,"InkBottle":4,"Potion Belt":29,"Lee\u0027s Waffle":20,"testmod-TestBox":0,"testmod-TimeTraveler":0,"Pear":38,"testmod-Register":4,"Oddly Smooth Stone":11,"Eternal Feather":47,"PreservedInsect":31,"testmod-TurbochargingSystem":45,"Question Card":11,"Medical Kit":47,"bronze:BottledCode":19,"Cauldron":22,"OrangePellets":38,"Bottled Flame":24,"Busted Crown":34,"Bronze Scales":22,"testmod-AssaultLearning":44,"Molten Egg 2":28,"Bag of Marbles":4,"bronze:SilverBullet":12,"Toy Ornithopter":20,"Unceasing Top":41,"testmod-OneHitWonder":45},{"Darkstone Periapt":14,"Lantern":25,"bronze:BronzeCore":0,"Calipers":24,"Mango":23,"downfall:HeartBlessingGreen":25,"testmod-LifeArmor":21,"Boot":14,"bronze:CableSpool":13,"Sozu":12,"downfall:BrokenWingStatue":1,"testmod-TheFather":4,"MealTicket":6,"HandDrill":8,"Chemical X":24,"InkBottle":2,"Potion Belt":16,"Lee\u0027s Waffle":13,"testmod-TestBox":0,"testmod-TimeTraveler":0,"Pear":21,"testmod-Register":2,"Oddly Smooth Stone":8,"Eternal Feather":24,"PreservedInsect":17,"testmod-TurbochargingSystem":24,"Question Card":8,"Medical Kit":24,"bronze:BottledCode":12,"Cauldron":14,"OrangePellets":21,"Bottled Flame":14,"Busted Crown":19,"Bronze Scales":14,"testmod-AssaultLearning":24,"Molten Egg 2":15,"Bag of Marbles":2,"bronze:SilverBullet":9,"Toy Ornithopter":13,"Unceasing Top":22,"testmod-OneHitWonder":24},{"Darkstone Periapt":32,"Lantern":54,"bronze:BronzeCore":0,"Calipers":53,"Mango":51,"downfall:HeartBlessingGreen":54,"testmod-LifeArmor":48,"Boot":32,"bronze:CableSpool":31,"Sozu":30,"downfall:BrokenWingStatue":3,"testmod-TheFather":11,"MealTicket":16,"HandDrill":22,"Chemical X":53,"InkBottle":7,"Potion Belt":35,"Lee\u0027s Waffle":31,"testmod-TestBox":0,"testmod-TimeTraveler":0,"Pear":48,"testmod-Register":7,"Oddly Smooth Stone":22,"Eternal Feather":53,"PreservedInsect":37,"testmod-TurbochargingSystem":53,"Question Card":22,"Medical Kit":53,"bronze:BottledCode":30,"Cauldron":32,"OrangePellets":48,"Bottled Flame":32,"Busted Crown":43,"Bronze Scales":32,"testmod-AssaultLearning":53,"Molten Egg 2":33,"Bag of Marbles":7,"bronze:SilverBullet":24,"Toy Ornithopter":31,"Unceasing Top":50,"testmod-OneHitWonder":53}],"InkBottle":[25],"Toy Ornithopter":0,"Unceasing Top":[0]},"card_choices":[{"not_picked":["bronze:DelayedSlice","bronze:WhirlingStrike"],"picked":"bronze:ChosenStrike","floor":2},{"not_picked":["bronze:Shield","bronze:ChosenStrike"],"picked":"bronze:Repair","floor":4},{"not_picked":["bronze:WildBeam","bronze:CutThrough","bronze:BuggyMess"],"picked":"SKIP","floor":5},{"not_picked":["bronze:Deprecate","bronze:BitShift"],"picked":"bronze:MaxOutput","floor":6},{"not_picked":["bronze:DigitalCarnage","bronze:FineTuning","bronze:WhirlingStrike"],"picked":"SKIP","floor":8},{"not_picked":["bronze:Philosophize","bronze:CloningBeam","bronze:Shell"],"picked":"SKIP","floor":9},{"not_picked":["bronze:CutThrough","bronze:Invalidate","bronze:ForceShield"],"picked":"SKIP","floor":10},{"not_picked":["bronze:CutThrough","bronze:Invalidate","bronze:ForceShield"],"picked":"SKIP","floor":10},{"not_picked":["bronze:Turbo","bronze:Philosophize"],"picked":"bronze:FineTuning","floor":11},{"not_picked":["bronze:DarkDash","bronze:Terminator","bronze:Optimize"],"picked":"bronze:AlphaBuild","floor":12},{"not_picked":["bronze:BronzeOrb","bronze:CutThrough","bronze:Overheat","bronze:Constructor"],"picked":"SKIP","floor":14},{"not_picked":["bronze:BitShift","bronze:GetLatest","bronze:Shell"],"picked":"bronze:ClassDefault","floor":15},{"not_picked":["bronze:Virus","bronze:AlphaBuild","bronze:CleanCode"],"picked":"bronze:HardenedForm","floor":16},{"not_picked":["bronze:Flail+1","bronze:WildBeam+1","bronze:Overheat","bronze:Turbo"],"picked":"SKIP","floor":20},{"not_picked":["bronze:MaxOutput","bronze:BronzeOrb","bronze:BronzeArmor"],"picked":"bronze:Backtrace+1","floor":21},{"not_picked":["bronze:Constructor+1","bronze:BugBarrage+1","bronze:BronzeArmor"],"picked":"bronze:Fortify+1","floor":28},{"not_picked":["bronze:Repulsor","bronze:ItsAFeature","bronze:Constructor"],"picked":"bronze:MaxOutput+1","floor":29},{"not_picked":["bronze:WildBeam+1","bronze:ItsAFeature","bronze:OilSpill+1","bronze:Invalidate"],"picked":"SKIP","floor":31},{"not_picked":["bronze:DelayedGuard+1","bronze:Iterate+1","bronze:CutThrough+1","bronze:Format"],"picked":"SKIP","floor":32},{"not_picked":["bronze:DelayedGuard+1","bronze:Iterate+1","bronze:CutThrough+1","bronze:Format"],"picked":"SKIP","floor":32},{"not_picked":["bronze:AlphaBuild+1","bronze:BurnOut+1","bronze:Mutator"],"picked":"bronze:Verify","floor":33},{"not_picked":["bronze:DarkDash+1","bronze:Repulsor+1"],"picked":"SKIP","floor":36},{"not_picked":["bronze:Deprecate+1"],"picked":"bronze:DigitalCarnage+1","floor":37},{"not_picked":["bronze:Iterate+1","bronze:Return"],"picked":"SKIP","floor":39},{"not_picked":["bronze:WhirlingStrike+1","bronze:Turbo+1"],"picked":"SKIP","floor":42},{"not_picked":["bronze:DelayedSlice+1","bronze:WildBeam+1"],"picked":"SKIP","floor":44},{"not_picked":["bronze:Turbo+1"],"picked":"bronze:ThunderWave+1","floor":48}],"player_experience":82065,"relics_obtained":[{"floor":7,"key":"testmod-TheFather"},{"floor":9,"key":"MealTicket"},{"floor":12,"key":"bronze:SilverBullet"},{"floor":24,"key":"Bottled Flame"},{"floor":28,"key":"Molten Egg 2"},{"floor":29,"key":"Potion Belt"},{"floor":31,"key":"PreservedInsect"},{"floor":41,"key":"Unceasing Top"},{"floor":42,"key":"Mango"},{"floor":44,"key":"testmod-AssaultLearning"},{"floor":48,"key":"Lantern"}],"event_choices":[{"damage_healed":0,"gold_gain":0,"player_choice":"Ignored","damage_taken":0,"max_hp_gain":0,"max_hp_loss":0,"event_name":"Vampires","floor":23,"gold_loss":0},{"damage_healed":0,"gold_gain":0,"player_choice":"Stole Relic","damage_taken":0,"relics_obtained":["Darkstone Periapt"],"max_hp_gain":0,"max_hp_loss":0,"event_name":"Addict","floor":27,"gold_loss":0,"cards_obtained":["Pride"]},{"cards_removed":["bronze:Strike"],"damage_healed":0,"gold_gain":0,"player_choice":"Removed Attack","damage_taken":0,"max_hp_gain":0,"max_hp_loss":0,"event_name":"Falling","floor":43,"gold_loss":0}],"is_beta":false,"boss_relics":[{"not_picked":["Black Star","Runic Dome"],"picked":"Sozu"},{"not_picked":["testmod-IncinerationGenerator","testmod-DeterminationOfClimber"],"picked":"Busted Crown"}],"items_purged_floors":[4,11,20,22,38,45,47],"is_endless":false,"potions_floor_spawned":[5,10,14,15,16,28,29,32,36,44,48],"ascension_level":1}}