{"host":"e4udrxcgdvpx3wcj","time":1613512917,"event":{"mods":["Act Like it!","Aspiration","Astrologer","BaseMod","Gensokyo","Highlight Path","Infinite Spire","Koishi","Marisa????????","Minty Spire (QoL Compilation)","Replay The Spire","StSLib","SuperFastMode","The Bug Knight","The Construct","The Jungle","The Runesmith","The Servant 0.9.4","TheBandit"],"gold_per_floor":[99,29,29,29,29,29,29,29,29,29,29,29,29,29,29,29,29,29,29,0,0,0,0,0,0,0,0,0,0,0,0],"floor_reached":30,"language":"ENG","playtime":1783,"items_purged":[],"score":586,"play_id":"5bd315b0-644a-4128-981c-cd2a512886f3","local_time":"20210216170157","is_ascension_mode":true,"campfire_choices":[{"data":"construct:Strike_Gold+1","floor":6,"key":"SMITH"},{"data":"construct:UnbalancingBlast","floor":8,"key":"SMITH"},{"data":"construct:Analyze","floor":15,"key":"SMITH"},{"data":"construct:Analyze+1","floor":23,"key":"SMITH"},{"data":"construct:GuardCore","floor":27,"key":"SMITH"}],"circlet_count":0,"master_deck":["AscendersBane","construct:Strike_Gold+2","construct:Strike_Gold","construct:Strike_Gold","construct:Strike_Gold","construct:Strike_Gold","construct:Defend_Gold","construct:Defend_Gold","construct:Defend_Gold","construct:Defend_Gold","construct:Defend_Gold+1","construct:AttackMode","construct:DefenseMode","construct:UnbalancingBlast+1","construct:SuppressiveFire","construct:Analyze+2","construct:ScopeCore","Clumsy","construct:Analyze","construct:ScrapCannon","construct:Analyze","construct:Reinforce","construct:MemoryTap","construct:GuardCore+1","Gensokyo:ReactiveArmor","construct:CriticalHit+1","construct:Synchronize"],"relics":["construct:ClockworkPhoenix","Ectoplasm","Honey Jar","infinitespire:Lychee Nut","Bronze Scales","Gensokyo:NagashiBinaDoll","Vajra","HollowMod:PaleOreRelic","aspiration:RunicSpoon","Pet Ghost","Frozen Eye"],"acts_visited":["Gensokyo:Gensokyo","Gensokyo:Gensokyoer"],"potions_floor_usage":[16,24,29,30],"damage_taken":[{"damage":0,"enemies":"Gensokyo:3_Fairies","floor":1,"turns":4},{"damage":0,"enemies":"Gensokyo:Python","floor":4,"turns":3},{"damage":8,"enemies":"Gensokyo:2_Kodama","floor":5,"turns":4},{"damage":16,"enemies":"Gensokyo:Aya","floor":7,"turns":4},{"damage":0,"enemies":"Gensokyo:Mamizou","floor":11,"turns":4},{"damage":10,"enemies":"Gensokyo:5_Fairies","floor":12,"turns":5},{"damage":0,"enemies":"Gensokyo:Aya","floor":13,"turns":5},{"damage":8,"enemies":"Gensokyo:2_Rabbits","floor":14,"turns":3},{"damage":21,"enemies":"Gensokyo:Reimu","floor":16,"turns":10},{"damage":5,"enemies":"Gensokyo:AngelMirror","floor":18,"turns":3},{"damage":22,"enemies":"Gensokyo:Chomper","floor":21,"turns":5},{"damage":13,"enemies":"Gensokyo:Monolith_and_Dog","floor":22,"turns":8},{"damage":3,"enemies":"Gensokyo:Tenshi","floor":24,"turns":9},{"damage":11,"enemies":"Gensokyo:Wraith","floor":29,"turns":4},{"damage":40,"enemies":"Gensokyo:Koishi","floor":30,"turns":4}],"seed_played":"6522537043741321745","potions_obtained":[{"floor":1,"key":"FearPotion"},{"floor":7,"key":"Dexterity Potion"},{"floor":12,"key":"DistilledChaos"},{"floor":14,"key":"Ancient Potion"},{"floor":16,"key":"ColorlessPotion"},{"floor":18,"key":"PowerPotion"},{"floor":21,"key":"infinitespire:BlackPotion"}],"is_trial":false,"path_per_floor":["M","?","?","M","M","R","E","R","T","?","E","M","E","M","R","B",null,"M","?","COS","M","M","R","E","PTL","PTL","R","T","M","E"],"character_chosen":"THE_CONSTRUCT_MOD","items_purchased":[],"campfire_rested":0,"item_purchase_floors":[],"current_hp_per_floor":[72,72,76,76,68,68,52,52,52,52,58,53,59,52,52,37,54,54,57,57,39,32,32,35,35,35,35,35,30,0,0],"gold":0,"neow_bonus":"DOUBLE_BOSS_RELIC","is_daily":false,"chose_seed":false,"campfire_upgraded":5,"win_rate":0.0,"timestamp":1613512917,"path_taken":["M","?","?","?","M","R","E","R","T","?","E","M","E","?","R","BOSS","M","?","COS","?","M","R","E","PTL","PTL","R","T","M","E"],"items_purchased_type":[],"build_version":"2020-12-22","purchased_purges":0,"victory":false,"max_hp_per_floor":[80,80,80,80,80,80,60,60,60,60,60,60,60,60,60,60,60,60,60,60,60,60,60,60,60,60,60,60,60,60,60],"card_choices":[{"not_picked":["construct:ScrapCannon","construct:ElectricArmor","construct:Impenetrable"],"picked":"construct:UnbalancingBlast","floor":1},{"not_picked":["construct:Autoturret","construct:ModeShift","construct:FierceBash"],"picked":"construct:SuppressiveFire","floor":4},{"not_picked":["construct:Isolate","construct:CripplingShot","construct:Stasis"],"picked":"construct:Analyze","floor":5},{"not_picked":["construct:Chainstrike","construct:PowerUp","construct:HastyRepair"],"picked":"construct:ScopeCore","floor":7},{"not_picked":["construct:Autoturret","construct:Accumulate","construct:Anticipate"],"picked":"construct:Analyze","floor":11},{"not_picked":["construct:SyphonStrike","construct:VentSteam","construct:ShiftStrike"],"picked":"construct:ScrapCannon","floor":12},{"not_picked":["construct:Anticipate","construct:FierceBash","construct:Accumulate"],"picked":"construct:Analyze","floor":13},{"not_picked":["construct:SuppressiveFire","construct:ShiftStrike","construct:Forcefield"],"picked":"construct:Reinforce","floor":14},{"not_picked":["construct:HastyRepair","construct:Bunker","construct:ShiftingStance"],"picked":"construct:MemoryTap","floor":16},{"not_picked":["construct:SyphonStrike","construct:Reinforce","construct:Synchronize"],"picked":"construct:GuardCore","floor":18},{"not_picked":["construct:FocusedBeam","construct:SaveState","construct:ClusterMines"],"picked":"construct:CriticalHit+1","floor":21},{"not_picked":["construct:QuickAttack","construct:GatlingGun","construct:ScrapCannon"],"picked":"construct:Synchronize","floor":22},{"not_picked":["construct:ScrapCannon+1","construct:Boost","construct:FierceBash","construct:Isolate"],"picked":"SKIP","floor":24},{"not_picked":["construct:Reinforce","construct:SaveState","construct:Construct_Overclock","construct:ScrapCannon"],"picked":"SKIP","floor":29}],"player_experience":2410805,"relics_obtained":[{"floor":7,"key":"infinitespire:Lychee Nut"},{"floor":9,"key":"Bronze Scales"},{"floor":11,"key":"Vajra"},{"floor":13,"key":"HollowMod:PaleOreRelic"},{"floor":24,"key":"Pet Ghost"}],"event_choices":[],"is_beta":false,"boss_relics":[{"not_picked":["aspiration:PoetsPen_weak","Calling Bell"],"picked":"aspiration:RunicSpoon"}],"items_purged_floors":[],"is_endless":false,"potions_floor_spawned":[1,7,12,14,16,18,21],"killed_by":"Gensokyo:Koishi","ascension_level":20}}