{"host":"wxz7488rqrwl2v46","time":1613456641,"event":{"mods":["BaseMod","Minty Spire (QoL Compilation)","Quick Restart","Replay The Spire","StSLib"],"gold_per_floor":[114,114,126,126,146,146,175,197,197,218,168,199,42,75,75,87,87],"floor_reached":16,"language":"ZHS","playtime":1131,"items_purged":["Strike_G"],"score":104,"play_id":"58138514-3cf6-47aa-9e91-e865f441403d","local_time":"20210216142401","is_ascension_mode":false,"campfire_choices":[{"floor":6,"key":"REST"},{"floor":15,"key":"REST"}],"circlet_count":0,"master_deck":["Strike_G","Defend_G","Defend_G","Defend_G","Defend_G","Defend_G","Survivor","Neutralize","Hidden Blade","Expertise","Dagger Throw","Underhanded Strike","Outmaneuver","Backstab","Dagger Throw","Die Die Die","Dagger Spray"],"relics":["Ring of the Snake","Ring of Peace","ReplayTheSpireMod:Ring of Challenge","Replay:Bandana","Bag of Marbles"],"acts_visited":["Exordium"],"potions_floor_usage":[],"damage_taken":[{"damage":0,"enemies":"Small Slimes","floor":1,"turns":5},{"damage":0,"enemies":"2 Louse","floor":3,"turns":3},{"damage":3,"enemies":"Cultist","floor":5,"turns":7},{"damage":41,"enemies":"3 Sentries","floor":7,"turns":16},{"damage":0,"enemies":"2 Fungi Beasts","floor":8,"turns":7},{"damage":0,"enemies":"3 Louse","floor":10,"turns":7},{"damage":9,"enemies":"Looter","floor":12,"turns":4},{"damage":0,"enemies":"Blue Slaver","floor":14,"turns":3},{"damage":55,"enemies":"Fading Forest","floor":16,"turns":8}],"seed_played":"6243557920559574725","potions_obtained":[{"floor":3,"key":"Elixir"},{"floor":5,"key":"Swift Potion"},{"floor":7,"key":"Swift Potion"}],"is_trial":false,"path_per_floor":["M","?","M","?","M","R","E","M","T","M","?","M","$","M","R","B"],"character_chosen":"THE_SILENT","items_purchased":["Die Die Die"],"campfire_rested":2,"item_purchase_floors":[13],"current_hp_per_floor":[49,49,49,49,46,67,26,26,26,26,26,17,17,17,38,0,0],"gold":87,"neow_bonus":"REMOVE_TWO","is_daily":false,"chose_seed":false,"campfire_upgraded":0,"win_rate":0.0,"timestamp":1613456641,"path_taken":["M","?","M","?","M","R","E","M","T","M","?","M","?","M","R","BOSS"],"items_purchased_type":["Card"],"build_version":"2020-12-22","purchased_purges":1,"victory":false,"max_hp_per_floor":[70,70,70,70,70,70,70,70,70,70,70,70,70,70,70,70,70],"card_choices":[{"not_picked":["Expertise","Dash"],"picked":"Hidden Blade","floor":1},{"not_picked":["Deadly Poison","Prepared"],"picked":"Expertise","floor":3},{"not_picked":["Prepared","Heel Hook"],"picked":"Dagger Throw","floor":5},{"not_picked":["Tools of the Trade","Poisoned Stab"],"picked":"Underhanded Strike","floor":7},{"not_picked":["Poisoned Stab","Dagger Spray"],"picked":"Outmaneuver","floor":8},{"not_picked":["Hidden Blade","Predator"],"picked":"Backstab","floor":10},{"not_picked":["Deflect","Acrobatics"],"picked":"Dagger Throw","floor":12},{"not_picked":["Underhanded Strike","Calculated Gamble"],"picked":"Dagger Spray","floor":14}],"player_experience":36476,"relics_obtained":[{"floor":4,"key":"Ring of Peace"},{"floor":4,"key":"ReplayTheSpireMod:Ring of Challenge"},{"floor":7,"key":"Replay:Bandana"},{"floor":9,"key":"Bag of Marbles"}],"event_choices":[{"damage_healed":0,"gold_gain":0,"player_choice":"Ignored","damage_taken":0,"max_hp_gain":0,"max_hp_loss":0,"event_name":"Golden Idol","floor":2,"gold_loss":0},{"cards_removed":["Strike_G"],"damage_healed":0,"gold_gain":0,"player_choice":"Card Removal","damage_taken":0,"max_hp_gain":0,"max_hp_loss":0,"event_name":"The Cleric","floor":11,"gold_loss":50}],"is_beta":false,"boss_relics":[],"items_purged_floors":[13],"is_endless":false,"potions_floor_spawned":[3,5,7,8],"killed_by":"Fading Forest","ascension_level":0}}