{"host":"k5fgrtcqzqosfxt0","time":1613478198,"event":{"mods":["Act Like it!","Aspiration","BaseMod","Downfall","Gensokyo","Minty Spire (QoL Compilation)","StSLib","TestMod","UnlockEverythingMod"],"gold_per_floor":[110,130,100,113,113,113,147,162,186,186,186,206,235,245,245,245,245],"floor_reached":16,"language":"ZHS","playtime":394,"items_purged":[],"score":374,"play_id":"5b0b7ff9-a09b-47f0-a128-c820da31d119","local_time":"20210216202318","is_ascension_mode":true,"campfire_choices":[{"data":"Blade Dance","floor":6.0,"key":"SMITH"},{"floor":10.0,"key":"RECALL"},{"data":"Acrobatics","floor":15.0,"key":"SMITH"}],"circlet_count":0,"master_deck":["AscendersBane","Strike_G","Strike_G","Strike_G","Strike_G","Strike_G","Defend_G","Defend_G+1","Defend_G","Defend_G","Defend_G","Survivor","Neutralize+1","downfall:Aged","Clumsy","Pain","Blade Dance+1","Calculated Gamble","Malaise","Acrobatics+1"],"relics":["Ring of the Snake","testmod-TestBox","NeowsBlessing","testmod-Laevatain","Orichalcum","Ancient Tea Set","aspiration:StickyExplosives_weak"],"acts_visited":["Exordium"],"potions_floor_usage":[16],"damage_taken":[{"damage":0.0,"enemies":"Cultist","floor":1.0,"turns":1.0},{"damage":1.0,"enemies":"Jaw Worm","floor":2.0,"turns":1.0},{"damage":0.0,"enemies":"2 Louse","floor":4.0,"turns":1.0},{"damage":1.0,"enemies":"Gremlin Nob","floor":7.0,"turns":3.0},{"damage":1.0,"enemies":"Large Slime","floor":8.0,"turns":4.0},{"damage":10.0,"enemies":"Exordium Thugs","floor":12.0,"turns":3.0},{"damage":11.0,"enemies":"Lagavulin","floor":13.0,"turns":6.0},{"damage":4.0,"enemies":"Looter","floor":14.0,"turns":3.0}],"seed_played":"-1909533092632006989","potions_obtained":[{"floor":3.0,"key":"Fruit Juice"},{"floor":3.0,"key":"champ:CounterPotion"},{"floor":7.0,"key":"Swift Potion"},{"floor":12.0,"key":"Swift Potion"}],"is_trial":false,"path_per_floor":["M","M","?","M","?","R","E","M","T","R","?","M","E","M","R","B"],"character_chosen":"THE_SILENT","items_purchased":[],"campfire_rested":0,"item_purchase_floors":[],"current_hp_per_floor":[59,58,58,63,42,42,41,40,40,40,45,35,24,20,20,0,0],"gold":245,"neow_bonus":"THREE_ENEMY_KILL","is_daily":false,"chose_seed":false,"campfire_upgraded":2,"win_rate":0.0,"timestamp":1613478198,"path_taken":["M","?","?","?","?","R","E","M","T","R","?","?","E","M","R","BOSS"],"items_purchased_type":[],"build_version":"2020-12-22","purchased_purges":0,"victory":false,"max_hp_per_floor":[66,66,66,71,71,71,71,71,71,71,76,76,76,76,76,76,76],"card_choices":[{"not_picked":["Poisoned Stab","Skewer"],"picked":"Blade Dance","floor":1.0},{"not_picked":["Bane","PiercingWail","Quick Slash"],"picked":"SKIP","floor":2.0},{"not_picked":["Setup","Distraction","Dagger Throw"],"picked":"SKIP","floor":4.0},{"not_picked":["Endless Agony","PiercingWail","Sucker Punch"],"picked":"SKIP","floor":7.0},{"not_picked":["Distraction","Doppelganger","Skewer"],"picked":"SKIP","floor":8.0},{"not_picked":["Slice","Prepared"],"picked":"Calculated Gamble","floor":12.0},{"not_picked":["Flying Knee","Endless Agony"],"picked":"Malaise","floor":13.0},{"not_picked":["Flying Knee","Deflect"],"picked":"Acrobatics","floor":14.0}],"player_experience":667613,"relics_obtained":[{"floor":7.0,"key":"Orichalcum"},{"floor":9.0,"key":"Ancient Tea Set"},{"floor":13.0,"key":"aspiration:StickyExplosives_weak"}],"event_choices":[{"damage_healed":0.0,"max_hp_gain":0.0,"max_hp_loss":0.0,"gold_gain":0.0,"event_name":"The Woman in Blue","player_choice":"Bought 2 Potions","floor":3.0,"gold_loss":0.0,"damage_taken":0.0},{"damage_healed":0.0,"max_hp_gain":0.0,"max_hp_loss":0.0,"gold_gain":0.0,"event_name":"Shining Light","player_choice":"Entered Light","floor":5.0,"gold_loss":0.0,"damage_taken":21.0,"cards_upgraded":["Neutralize","Defend_G"]},{"damage_healed":0.0,"max_hp_gain":5.0,"max_hp_loss":0.0,"gold_gain":0.0,"event_name":"Big Fish","player_choice":"Donut","floor":11.0,"gold_loss":0.0,"damage_taken":0.0}],"is_beta":false,"boss_relics":[],"items_purged_floors":[],"is_endless":false,"potions_floor_spawned":[7,12],"killed_by":"The Guardian","ascension_level":20}}