{"host":"d02vqrhhew441p6s","time":1613516857,"event":{"mods":["BaseMod","Downfall","Halation","Hubris","Infinite Spire","Minty Spire (QoL Compilation)","StSLib","The Animator","The Death Knight","The Necromancer"],"gold_per_floor":[99,119,219,219,231,231,231,260,280,280,280],"floor_reached":10,"language":"ENG","playtime":484,"items_purged":[],"score":194,"play_id":"faeb4674-6535-430e-88f6-bdff13fa6fdb","local_time":"20210217000737","is_ascension_mode":true,"campfire_choices":[{"data":"DeathKnight:RuneStrike","floor":1,"key":"SMITH"}],"circlet_count":0,"master_deck":["DeathKnight:Strike_DeathKnight","DeathKnight:Strike_DeathKnight","DeathKnight:Strike_DeathKnight+1","DeathKnight:Strike_DeathKnight","DeathKnight:Strike_DeathKnight","DeathKnight:Defend_DeathKnight+1","DeathKnight:Defend_DeathKnight","DeathKnight:Defend_DeathKnight+1","DeathKnight:Defend_DeathKnight","DeathKnight:Defend_DeathKnight","DeathKnight:RuneTap","DeathKnight:RuneStrike+1","DeathKnight:DeathRune+1","CurseOfTheBell","CurseOfTheBell","downfall:Malfunctioning","DeathKnight:MarkOfBlood+1","hubris:Despair","Injury","downfall:Malfunctioning","DeathKnight:DancingRuneblade+1","DeathKnight:UnholyPresence","DeathKnight:ThirstingStrike"],"relics":["DeathKnight:BrokenRuneblade","downfall:ExtraCursedBell","Kunai","Shovel","War Paint","Pear","hubris:Metronome"],"acts_visited":["Exordium"],"potions_floor_usage":[10,10],"damage_taken":[{"damage":0,"enemies":"2 Louse","floor":2,"turns":3},{"damage":10,"enemies":"Small Slimes","floor":5,"turns":5},{"damage":28,"enemies":"Lagavulin","floor":8,"turns":5},{"damage":21,"enemies":"Cultist","floor":9,"turns":5},{"damage":38,"enemies":"3 Sentries","floor":10,"turns":6}],"seed_played":"4276376503339815024","potions_obtained":[{"floor":5,"key":"Dexterity Potion"},{"floor":8,"key":"hexamod:SoulburnPotion"}],"is_trial":false,"path_per_floor":["R","M","?","?","M","?","T","E","M","E"],"character_chosen":"DEATH_KNIGHT","items_purchased":[],"campfire_rested":0,"item_purchase_floors":[],"current_hp_per_floor":[82,82,87,87,77,77,87,59,38,0,0],"gold":280,"neow_bonus":"TEN_PERCENT_HP_BONUS","is_daily":false,"chose_seed":false,"campfire_upgraded":1,"win_rate":0.0,"timestamp":1613516857,"path_taken":["R","M","?","?","M","?","T","E","M","E"],"items_purchased_type":[],"build_version":"2020-12-22","purchased_purges":0,"victory":false,"max_hp_per_floor":[82,82,87,87,87,87,97,97,97,97,97],"card_choices":[{"not_picked":["DeathKnight:DreadStrike","DeathKnight:BludPresence"],"picked":"DeathKnight:DeathRune","floor":2},{"not_picked":["DeathKnight:DeathCoil","DeathKnight:Obliterate"],"picked":"DeathKnight:DancingRuneblade","floor":5},{"not_picked":["DeathKnight:Runeguard","DeathKnight:UnholyFrenzy"],"picked":"DeathKnight:UnholyPresence","floor":8},{"not_picked":["DeathKnight:Parry","DeathKnight:UnholyFrenzy"],"picked":"DeathKnight:ThirstingStrike","floor":9}],"player_experience":547006,"relics_obtained":[{"floor":3,"key":"Kunai"},{"floor":3,"key":"Shovel"},{"floor":3,"key":"War Paint"},{"floor":7,"key":"Pear"},{"floor":8,"key":"hubris:Metronome"}],"event_choices":[{"damage_healed":0,"gold_gain":0,"player_choice":"Forge","damage_taken":0,"max_hp_gain":0,"max_hp_loss":0,"event_name":"Accursed Blacksmith","floor":6,"gold_loss":0,"cards_upgraded":["DeathKnight:DancingRuneblade"]}],"is_beta":false,"boss_relics":[],"items_purged_floors":[],"is_endless":false,"potions_floor_spawned":[5,8],"killed_by":"3 Sentries","ascension_level":1}}