{"host":"flm17o2q7bfjyna6","time":1613488032,"event":{"mods":["2.2 Compatiblity","Act Like it!","BaseMod","Better Altar","Better Match","Better Note","Better Sensory Stone","Better Skull","Better Third Choice","Better Vampires","Colored Map","Colored Powertips","DeckTracker","Fox Events","Hermit","Minty Spire (QoL Compilation)","Quick Restart","Replay The Spire","Reworked Bosses","Spicy Shops","StSLib","TheSwordswoman","Wandering Minibosses"],"gold_per_floor":[114,289,304,304,4,4,4,4,34,34,34,49,49,64,79,79,79,179,179,194,194,203,284,302,341,356,356,381,420,420,435,450,18,18,18,18],"floor_reached":35,"language":"ENG","playtime":1562,"items_purged":["blazmod:ClearTheMind","blazmod:ClearTheMind"],"score":445,"play_id":"04c276e5-2085-4d3e-a86e-bf47c761d511","local_time":"20210216100712","daily_mods":["Specialized","Vintage","Lethality"],"is_ascension_mode":false,"campfire_choices":[{"data":"blazmod:ButterflyEffect","floor":8,"key":"SMITH"},{"data":"blazmod:Kyokasuigetsu","floor":10,"key":"SMITH"},{"data":"blazmod:Swordstorm","floor":13,"key":"SMITH"},{"data":"blazmod:Defend","floor":17,"key":"SMITH"},{"data":"RitualDagger","floor":27,"key":"SMITH"},{"data":"blazmod:FortifiedVigor","floor":27,"key":"SMITH"},{"data":"blazmod:ClearTheMind","floor":30,"key":"SMITH"},{"data":"blazmod:ClearTheMind","floor":30,"key":"SMITH"},{"data":"blazmod:Strike","floor":34,"key":"SMITH"},{"data":"blazmod:Strike","floor":34,"key":"SMITH"}],"circlet_count":0,"master_deck":["blazmod:Strike+3","blazmod:Strike","blazmod:Strike","blazmod:Strike","blazmod:Defend","blazmod:Defend","blazmod:Defend","blazmod:Defend","blazmod:ButterflyEffect+1","blazmod:Kyokasuigetsu+1","blazmod:ClearTheMind+1","blazmod:ClearTheMind+1","blazmod:Swordstorm+1","blazmod:GlasswingWaltz+1","RitualDagger+1","Finesse+1","Madness+1","blazmod:FortifiedVigor+1","blazmod:SecondSight+1","blazmod:KatanaStrike+1","Violence+1","Good Instincts+1"],"relics":["blazmod:Venustas","Vajra","Garlic","PreservedInsect","Lee\u0027s Waffle","Omamori","Pocketwatch","Bronze Scales","Toxic Egg 2","Pen Nib","Centennial Puzzle","Replay:Grab Bag","Philosopher\u0027s Stone","Replay:Bronze Core","Empty Cage","CeramicFish","ReplayTheSpireMod:Ring of Collecting","Akabeko","Replay:Arrowhead","Boot","ReplayTheSpireMod:TigerMarble","Ring of Hypnosis","War Paint","Simple Rune","Replay:WaspNest","HornCleat","ReplayTheSpireMod:ShopPack","Replay:Towering Pillar of Hats"],"acts_visited":["Exordium","TheCity"],"potions_floor_usage":[23,25,35],"damage_taken":[{"damage":3,"enemies":"Small Slimes","floor":1,"turns":4},{"damage":3,"enemies":"Jaw Worm","floor":3,"turns":4},{"damage":2,"enemies":"Replay:BlueRogue","floor":9,"turns":5},{"damage":0,"enemies":"Cultist","floor":12,"turns":3},{"damage":7,"enemies":"3 Louse","floor":14,"turns":3},{"damage":1,"enemies":"2 Fungi Beasts","floor":15,"turns":3},{"damage":0,"enemies":"Fading Forest","floor":18,"turns":11},{"damage":0,"enemies":"Chosen","floor":20,"turns":3},{"damage":15,"enemies":"2 Thieves","floor":23,"turns":5},{"damage":0,"enemies":"Slavers","floor":25,"turns":3},{"damage":0,"enemies":"Centurion and Healer","floor":26,"turns":5},{"damage":0,"enemies":"Replay:Snechameleon","floor":29,"turns":2},{"damage":3,"enemies":"Snake Plant","floor":31,"turns":2},{"damage":0,"enemies":"3 Cultists","floor":32,"turns":3},{"damage":28,"enemies":"Pondfish","floor":35,"turns":6}],"seed_played":"2711566965655028651","potions_obtained":[{"floor":1,"key":"Block Potion"},{"floor":12,"key":"Venom Potion"},{"floor":15,"key":"Energy Potion"},{"floor":16,"key":"LiquidBronze"},{"floor":16,"key":"Toxic Potion"},{"floor":25,"key":"SpeedPotion"},{"floor":26,"key":"Doom Potion"}],"is_trial":false,"path_per_floor":["M","?","M","T","$","PTL","PTL","R","E","R","T","M","R","M","M","?","R","B",null,"M","?","?","M","?","E","M","R","T","E","R","M","M","$","R","B"],"character_chosen":"THE_SWORDSWOMAN","items_purchased":["Lee\u0027s Waffle","Omamori","blazmod:KatanaStrike+1","HornCleat","ReplayTheSpireMod:ShopPack","Replay:Towering Pillar of Hats"],"campfire_rested":0,"item_purchase_floors":[5,5,33,33,33,33],"current_hp_per_floor":[37,37,34,34,47,47,47,47,45,45,45,45,45,38,37,37,37,37,47,47,47,41,26,26,26,26,26,26,26,26,23,23,23,23,0,0],"gold":18,"neow_bonus":"","is_daily":true,"chose_seed":false,"campfire_upgraded":10,"win_rate":0.0,"timestamp":1613488032,"path_taken":["M","?","M","?","$","PTL","PTL","R","E","R","T","M","R","M","M","?","R","BOSS","M","?","?","M","?","E","M","R","T","E","R","?","M","$","R","BOSS"],"items_purchased_type":["Relic","Relic","Card","Relic","Relic","Relic"],"build_version":"2020-12-22","purchased_purges":2,"victory":false,"max_hp_per_floor":[40,40,40,40,47,47,47,47,47,47,47,47,47,47,47,47,47,47,47,47,47,47,47,47,47,47,47,47,47,47,47,47,47,47,47,47],"card_choices":[{"not_picked":["blazmod:FleetingDawn","blazmod:MyEverything"],"picked":"blazmod:Swordstorm","floor":9},{"not_picked":["blazmod:ForgeWays","blazmod:MindAtPeace+1"],"picked":"blazmod:GlasswingWaltz+1","floor":18},{"not_picked":["Purity+1","Swift Strike"],"picked":"Finesse+1","floor":24},{"not_picked":["ReplayTheSpireMod:Uncanny Aura+1","PanicButton+1"],"picked":"Madness+1","floor":24},{"not_picked":["blazmod:ApexLegends","blazmod:Valiance+1"],"picked":"blazmod:FortifiedVigor","floor":25},{"not_picked":["blazmod:FleetingDawn","blazmod:WildButterfly+1"],"picked":"blazmod:SecondSight+1","floor":29},{"not_picked":["Chrysalis","Secret Weapon"],"picked":"Violence","floor":33},{"not_picked":["Chrysalis","Jack Of All Trades"],"picked":"Good Instincts","floor":33}],"player_experience":1778403,"relics_obtained":[{"floor":1,"key":"Vajra"},{"floor":3,"key":"Garlic"},{"floor":4,"key":"PreservedInsect"},{"floor":9,"key":"Pocketwatch"},{"floor":11,"key":"Bronze Scales"},{"floor":12,"key":"Toxic Egg 2"},{"floor":14,"key":"Pen Nib"},{"floor":15,"key":"Centennial Puzzle"},{"floor":20,"key":"CeramicFish"},{"floor":21,"key":"ReplayTheSpireMod:Ring of Collecting"},{"floor":23,"key":"Akabeko"},{"floor":25,"key":"Replay:Arrowhead"},{"floor":26,"key":"Boot"},{"floor":28,"key":"ReplayTheSpireMod:TigerMarble"},{"floor":28,"key":"Ring of Hypnosis"},{"floor":29,"key":"War Paint"},{"floor":31,"key":"Simple Rune"},{"floor":32,"key":"Replay:WaspNest"}],"event_choices":[{"damage_healed":0,"gold_gain":175,"player_choice":"AGREE","damage_taken":114,"max_hp_gain":0,"max_hp_loss":0,"event_name":"betterThird:BetterSerpent","floor":2,"gold_loss":0},{"damage_healed":0,"gold_gain":0,"player_choice":"Got Potions","damage_taken":0,"max_hp_gain":0,"max_hp_loss":0,"event_name":"Lab","floor":16,"gold_loss":0},{"damage_healed":0,"gold_gain":0,"player_choice":"Dagger","damage_taken":6,"max_hp_gain":0,"max_hp_loss":0,"event_name":"betterThird:BetterNest","floor":22,"gold_loss":0,"cards_obtained":["RitualDagger"]},{"damage_healed":0,"gold_gain":2,"player_choice":"1","damage_taken":0,"max_hp_gain":0,"max_hp_loss":0,"event_name":"betterStone:BetterStone","floor":24,"gold_loss":0}],"is_beta":false,"boss_relics":[{"not_picked":["Abe\u0027s Treasure","ChewingGum"],"picked":"Replay:Grab Bag"},{"not_picked":["blazmod:SamuraiSword","Sozu"],"picked":"Philosopher\u0027s Stone"},{"not_picked":["Runic Dome","Coffee Dripper"],"picked":"Replay:Bronze Core"},{"not_picked":["Snecko Heart","Snecko Eye"],"picked":"Empty Cage"}],"items_purged_floors":[5,33],"is_endless":false,"potions_floor_spawned":[1,12,15,25,26,32],"killed_by":"Pondfish","ascension_level":0}}