{"host":"t7mx8yfj1no5p62f","time":1613519456,"event":{"mods":["BaseMod","Colored Map","Colored Powertips","Curses Come First","Minty Spire (QoL Compilation)","Relic Stats","StSLib"],"gold_per_floor":[114,114,39,55,69,69,80,114,140,150,150,150,20,46,46,122,122,135,35,35,35,53,84,104,104,104,104,118,138,156,181,193,278,290,320,332,219,237,249,279,279,297,297,315,315,343,343,343,343,343,343,343,343,112,137,137,137],"floor_reached":56,"language":"ENG","playtime":3248,"items_purged":["Pain","Strike_G","Strike_G","Strike_G"],"score":2164,"play_id":"2957daf9-2bc3-46d2-af78-aeeae65fa4b3","local_time":"20210216185056","is_ascension_mode":true,"campfire_choices":[{"data":"Skewer","floor":6.0,"key":"SMITH"},{"data":"Noxious Fumes","floor":12.0,"key":"SMITH"},{"data":"Dagger Spray","floor":15.0,"key":"SMITH"},{"floor":27.0,"key":"REST"},{"floor":32.0,"key":"RECALL"},{"floor":41.0,"key":"REST"},{"floor":45.0,"key":"REST"},{"floor":49.0,"key":"REST"},{"floor":53,"key":"REST"}],"circlet_count":0,"master_deck":["AscendersBane","Strike_G","Defend_G","Defend_G","Defend_G","Defend_G","Survivor","Neutralize","Flying Knee","Tactician","Noxious Fumes+1","Skewer+1","Dagger Spray+1","Phantasmal Killer","Leg Sweep","Prepared","Prepared","Die Die Die","Footwork","Leg Sweep","Backflip+1","Acrobatics","Eviscerate+1","PiercingWail","Venomology","Corpse Explosion","Backflip+1","Outmaneuver+1","Prepared","Madness","Burst"],"relics":["Runic Pyramid","Boot","PreservedInsect","WarpedTongs","Vajra","Fusion Hammer","Oddly Smooth Stone","MealTicket","Paper Crane","MawBank","Black Star","Ninja Scroll","Blood Vial","Dream Catcher","Meat on the Bone","Molten Egg 2","White Beast Statue","HornCleat"],"acts_visited":["Exordium","TheCity","TheBeyond","TheEnding"],"potions_floor_usage":[55,56,56],"damage_taken":[{"damage":0.0,"enemies":"Small Slimes","floor":1.0,"turns":5.0},{"damage":4.0,"enemies":"2 Louse","floor":4.0,"turns":3.0},{"damage":0.0,"enemies":"Cultist","floor":5.0,"turns":4.0},{"damage":9.0,"enemies":"Exordium Thugs","floor":7.0,"turns":6.0},{"damage":30.0,"enemies":"Gremlin Nob","floor":8.0,"turns":4.0},{"damage":9.0,"enemies":"Blue Slaver","floor":10.0,"turns":3.0},{"damage":0.0,"enemies":"Lagavulin","floor":14.0,"turns":5.0},{"damage":0.0,"enemies":"Slime Boss","floor":16.0,"turns":5.0},{"damage":9.0,"enemies":"Shell Parasite","floor":18.0,"turns":7.0},{"damage":2.0,"enemies":"Spheric Guardian","floor":22.0,"turns":5.0},{"damage":35.0,"enemies":"Slavers","floor":23.0,"turns":4.0},{"damage":0.0,"enemies":"Snake Plant","floor":24.0,"turns":5.0},{"damage":11.0,"enemies":"Centurion and Healer","floor":28.0,"turns":5.0},{"damage":0.0,"enemies":"Sentry and Sphere","floor":29.0,"turns":3.0},{"damage":6.0,"enemies":"Shelled Parasite and Fungi","floor":30.0,"turns":4.0},{"damage":0.0,"enemies":"Book of Stabbing","floor":31.0,"turns":5.0},{"damage":39.0,"enemies":"Champ","floor":33.0,"turns":15.0},{"damage":10.0,"enemies":"3 Darklings","floor":35.0,"turns":4.0},{"damage":0.0,"enemies":"Orb Walker","floor":38.0,"turns":4.0},{"damage":0.0,"enemies":"Maw","floor":39.0,"turns":9.0},{"damage":2.0,"enemies":"Nemesis","floor":40.0,"turns":5.0},{"damage":23.0,"enemies":"Transient","floor":42.0,"turns":6.0},{"damage":15.0,"enemies":"Writhing Mass","floor":44.0,"turns":7.0},{"damage":0.0,"enemies":"Giant Head","floor":46.0,"turns":7.0},{"damage":34.0,"enemies":"Donu and Deca","floor":50.0,"turns":10.0},{"damage":25,"enemies":"Time Eater","floor":51,"turns":17},{"damage":67,"enemies":"Shield and Spear","floor":55,"turns":7},{"damage":59,"enemies":"The Heart","floor":56,"turns":5}],"seed_played":"-4287498472523970199","potions_obtained":[{"floor":7.0,"key":"Regen Potion"},{"floor":8.0,"key":"LiquidBronze"},{"floor":16.0,"key":"Regen Potion"},{"floor":18.0,"key":"SkillPotion"},{"floor":31.0,"key":"Strength Potion"},{"floor":35.0,"key":"Dexterity Potion"}],"is_trial":false,"path_per_floor":["M","?","?","M","M","R","M","E","T","M","?","R","$","E","R","B",null,"M","$","T","?","M","E","M","$","T","R","M","M","M","E","R","B",null,"M","?","$","M","M","E","R","M","T","M","R","E","T","?","R","B","B",null,"R","$","E","B"],"character_chosen":"THE_SILENT","items_purchased":["Prepared","Burst"],"campfire_rested":5,"item_purchase_floors":[13,54],"current_hp_per_floor":[59,59,59,55,55,55,46,16,16,7,7,7,7,7,7,21,55,46,46,46,46,44,9,9,24,24,43,32,32,26,26,26,2,50,40,40,55,55,55,53,66,43,43,30,49,51,51,41,60,40,29,57,66,66,31,0,0],"gold":137,"neow_bonus":"BOSS_RELIC","is_daily":false,"chose_seed":false,"campfire_upgraded":3,"win_rate":0.0,"timestamp":1613519456,"path_taken":["M","?","?","M","M","R","M","E","T","M","?","R","$","E","R","BOSS","M","?","?","?","M","E","?","$","T","R","M","M","M","E","R","BOSS","M","?","$","?","M","E","R","M","T","M","R","E","?","?","R","BOSS","BOSS","R","$","E","BOSS"],"items_purchased_type":["Card","Card"],"build_version":"2020-12-22","purchased_purges":4,"victory":false,"max_hp_per_floor":[66,66,66,66,66,66,66,66,66,66,66,66,66,66,66,66,66,66,66,66,66,66,66,66,66,66,66,66,66,66,66,66,66,66,66,66,66,66,66,66,66,66,66,66,66,66,66,66,66,66,66,66,66,66,66,66,66],"relic_stats":{"Blood Vial":10,"Dream Catcher":2,"counters":[28,169],"MealTicket":30,"PreservedInsect":370,"Black Star":3,"Boot":[61],"MawBank":72,"obtain_stats":[{"Vajra":14,"Oddly Smooth Stone":20,"PreservedInsect":9,"Paper Crane":26,"Boot":8,"MawBank":31,"White Beast Statue":55,"WarpedTongs":11,"Blood Vial":40,"Dream Catcher":46,"HornCleat":55,"Ninja Scroll":40,"MealTicket":23,"Molten Egg 2":47,"Fusion Hammer":17,"Black Star":34,"Ring of the Snake":0,"Runic Pyramid":0,"Meat on the Bone":46},{"Vajra":7,"Oddly Smooth Stone":9,"PreservedInsect":5,"Paper Crane":12,"Boot":5,"MawBank":16,"White Beast Statue":27,"WarpedTongs":6,"Blood Vial":21,"Dream Catcher":24,"HornCleat":27,"Ninja Scroll":21,"MealTicket":11,"Molten Egg 2":24,"Fusion Hammer":8,"Black Star":17,"Ring of the Snake":0,"Runic Pyramid":0,"Meat on the Bone":24},{"Vajra":30,"Oddly Smooth Stone":42,"PreservedInsect":22,"Paper Crane":56,"Boot":22,"MawBank":73,"White Beast Statue":164,"WarpedTongs":25,"Blood Vial":110,"Dream Catcher":130,"HornCleat":164,"Ninja Scroll":110,"MealTicket":51,"Molten Egg 2":130,"Fusion Hammer":35,"Black Star":88,"Ring of the Snake":0,"Runic Pyramid":0,"Meat on the Bone":130}],"WarpedTongs":[143],"Meat on the Bone":36},"card_choices":[{"not_picked":["Quick Slash","Bane"],"picked":"Flying Knee","floor":1.0},{"not_picked":["Cloak And Dagger","Flying Knee"],"picked":"Noxious Fumes","floor":4.0},{"not_picked":["Dodge and Roll","Cloak And Dagger"],"picked":"Skewer","floor":5.0},{"not_picked":["Flying Knee","Deadly Poison"],"picked":"Dagger Spray","floor":7.0},{"not_picked":["Riddle With Holes","Cloak And Dagger"],"picked":"Phantasmal Killer","floor":8.0},{"not_picked":["Deadly Poison","PiercingWail"],"picked":"Leg Sweep","floor":10.0},{"not_picked":["Quick Slash","Acrobatics"],"picked":"Prepared","floor":14.0},{"not_picked":["Phantasmal Killer","Envenom"],"picked":"Die Die Die","floor":16.0},{"not_picked":["Flechettes+1","Accuracy","Masterful Stab"],"picked":"SKIP","floor":18.0},{"not_picked":["Dodge and Roll","Bane"],"picked":"Leg Sweep","floor":22.0},{"not_picked":["Prepared","Poisoned Stab"],"picked":"Backflip+1","floor":23.0},{"not_picked":["Cloak And Dagger+1","Deadly Poison"],"picked":"Acrobatics","floor":24.0},{"not_picked":["Quick Slash","Masterful Stab","Deadly Poison"],"picked":"SKIP","floor":28.0},{"not_picked":["Infinite Blades","Eviscerate+1","Dagger Throw"],"picked":"SKIP","floor":29.0},{"not_picked":["Infinite Blades","Dagger Throw"],"picked":"Eviscerate+1","floor":29.0},{"not_picked":["Slice","Prepared"],"picked":"PiercingWail","floor":30.0},{"not_picked":["Accuracy","Adrenaline"],"picked":"Venomology","floor":31.0},{"not_picked":["Bullet Time","Storm of Steel"],"picked":"Corpse Explosion","floor":33.0},{"not_picked":["Bane+1","Poisoned Stab+1","All Out Attack"],"picked":"SKIP","floor":35.0},{"not_picked":["Blade Dance","Escape Plan","Flechettes+1"],"picked":"SKIP","floor":38.0},{"not_picked":["Dagger Throw","Deadly Poison","Bane"],"picked":"SKIP","floor":39.0},{"not_picked":["Dodge and Roll","Blade Dance","Riddle With Holes"],"picked":"SKIP","floor":40.0},{"not_picked":["Dodge and Roll+1","Skewer+1","Dagger Throw"],"picked":"SKIP","floor":42.0},{"not_picked":["Flying Knee","Noxious Fumes"],"picked":"Outmaneuver+1","floor":44.0},{"not_picked":["Dash+1","Skewer"],"picked":"Prepared","floor":46.0},{"not_picked":["Good Instincts","Thinking Ahead"],"picked":"Madness","floor":48.0},{"not_picked":["Sucker Punch+1","Flying Knee+1","Noxious Fumes"],"picked":"SKIP","floor":55}],"player_experience":1971197,"relics_obtained":[{"floor":8.0,"key":"Boot"},{"floor":9.0,"key":"PreservedInsect"},{"floor":14.0,"key":"Vajra"},{"floor":20.0,"key":"Oddly Smooth Stone"},{"floor":23.0,"key":"MealTicket"},{"floor":26.0,"key":"Paper Crane"},{"floor":31.0,"key":"MawBank"},{"floor":40.0,"key":"Ninja Scroll"},{"floor":40.0,"key":"Blood Vial"},{"floor":46.0,"key":"Dream Catcher"},{"floor":46.0,"key":"Meat on the Bone"},{"floor":47.0,"key":"Molten Egg 2"},{"floor":55,"key":"White Beast Statue"},{"floor":55,"key":"HornCleat"}],"event_choices":[{"damage_healed":0.0,"max_hp_gain":0.0,"max_hp_loss":0.0,"gold_gain":0.0,"cards_transformed":["Strike_G"],"event_name":"Living Wall","player_choice":"Change","floor":2.0,"gold_loss":0.0,"damage_taken":0.0,"cards_obtained":["Tactician"]},{"cards_removed":["Defend_G"],"damage_healed":0.0,"max_hp_gain":0.0,"max_hp_loss":0.0,"gold_gain":0.0,"event_name":"The Cleric","player_choice":"Card Removal","floor":3.0,"gold_loss":75.0,"damage_taken":0.0},{"damage_healed":0.0,"max_hp_gain":0.0,"max_hp_loss":0.0,"gold_gain":0.0,"event_name":"Accursed Blacksmith","player_choice":"Rummage","floor":11.0,"gold_loss":0.0,"damage_taken":0.0,"relics_obtained":["WarpedTongs"],"cards_obtained":["Pain"]},{"damage_healed":0.0,"max_hp_gain":0.0,"max_hp_loss":0.0,"gold_gain":0.0,"event_name":"The Library","player_choice":"Read","floor":21.0,"gold_loss":0.0,"damage_taken":0.0,"cards_obtained":["Footwork"]},{"damage_healed":0.0,"max_hp_gain":0.0,"max_hp_loss":0.0,"gold_gain":0.0,"event_name":"Duplicator","player_choice":"Copied","floor":36.0,"gold_loss":0.0,"damage_taken":0.0,"cards_obtained":["Backflip"]},{"damage_healed":0.0,"max_hp_gain":0.0,"max_hp_loss":0.0,"gold_gain":0.0,"event_name":"SensoryStone","player_choice":"Memory 3","floor":48.0,"gold_loss":0.0,"damage_taken":10.0}],"is_beta":false,"boss_relics":[{"not_picked":["Tiny House","SacredBark"],"picked":"Fusion Hammer"},{"not_picked":["Sozu","Cursed Key"],"picked":"Black Star"}],"items_purged_floors":[13,19,37,54],"is_endless":false,"potions_floor_spawned":[7,8,16,18,24,31,33,35,38],"killed_by":"The Heart","ascension_level":20}}