{"host":"phy652c7lim9lcu2","time":1613473668,"event":{"mods":["BaseMod","Colored Powertips","Googly Eyes","Minty Spire (QoL Compilation)","Relic Stats","Spicy Shops","StSLib","everything is the same but u backflip on backflip"],"gold_per_floor":[114,39,39,58,58,91,166,166,166,201,201,37,50,63,63,63,63],"floor_reached":16,"language":"ENG","playtime":354,"items_purged":["Decay"],"score":173,"play_id":"e154feba-1b63-4544-92df-0b266393f5cd","local_time":"20210216210748","is_ascension_mode":true,"campfire_choices":[{"data":"Immolate","floor":8.0,"key":"SMITH"},{"data":"Bash","floor":11.0,"key":"SMITH"},{"data":"Whirlwind","floor":15.0,"key":"SMITH"}],"circlet_count":0,"master_deck":["AscendersBane","Strike_R","Strike_R","Strike_R","Strike_R","Strike_R","Defend_R+1","Defend_R","Defend_R+1","Defend_R","Bash+1","Immolate+1","True Grit","Second Wind","Second Wind","Offering","Whirlwind+1"],"relics":["Burning Blood","GremlinMask","Incense Burner","Du-Vu Doll","Oddly Smooth Stone"],"acts_visited":["Exordium"],"potions_floor_usage":[16],"damage_taken":[{"damage":9.0,"enemies":"Jaw Worm","floor":1.0,"turns":3.0},{"damage":5.0,"enemies":"Cultist","floor":4.0,"turns":4.0},{"damage":16.0,"enemies":"3 Sentries","floor":6.0,"turns":5.0},{"damage":21.0,"enemies":"Lagavulin","floor":10.0,"turns":6.0},{"damage":0.0,"enemies":"2 Louse","floor":13.0,"turns":3.0},{"damage":8.0,"enemies":"Exordium Thugs","floor":14.0,"turns":3.0},{"damage":28,"enemies":"Hexaghost","floor":16,"turns":7}],"seed_played":"2651129594577540417","potions_obtained":[{"floor":4.0,"key":"ElixirPotion"},{"floor":13.0,"key":"BlessingOfTheForge"}],"is_trial":false,"path_per_floor":["M","$","?","M","?","E","?","R","T","E","R","$","M","M","R","B"],"character_chosen":"IRONCLAD","items_purchased":["Offering"],"campfire_rested":0,"item_purchase_floors":[12],"current_hp_per_floor":[69,69,69,70,54,44,33,33,33,18,18,18,24,22,22,0,0],"gold":63,"neow_bonus":"THREE_RARE_CARDS","is_daily":false,"chose_seed":false,"campfire_upgraded":3,"win_rate":0.0,"timestamp":1613473668,"path_taken":["M","$","?","?","?","E","?","R","T","E","R","$","M","M","R","BOSS"],"items_purchased_type":["Card"],"build_version":"2020-12-22","purchased_purges":1,"victory":false,"max_hp_per_floor":[80,80,80,80,80,80,80,80,80,80,80,80,80,80,80,80,80],"relic_stats":{"counters":[7,31],"obtain_stats":[{"Du-Vu Doll":9,"Oddly Smooth Stone":10,"GremlinMask":3,"Incense Burner":6,"Burning Blood":0},{"Du-Vu Doll":3,"Oddly Smooth Stone":4,"GremlinMask":1,"Incense Burner":3,"Burning Blood":0},{"Du-Vu Doll":12,"Oddly Smooth Stone":18,"GremlinMask":3,"Incense Burner":12,"Burning Blood":0}],"Burning Blood":36},"card_choices":[{"not_picked":["Berserk","Impervious"],"picked":"Immolate","floor":0.0},{"not_picked":["Sword Boomerang","Iron Wave"],"picked":"True Grit","floor":1.0},{"not_picked":["Body Slam","Clash","Heavy Blade"],"picked":"SKIP","floor":4.0},{"not_picked":["Havoc","Reckless Charge"],"picked":"Second Wind","floor":6.0},{"not_picked":["Warcry","Armaments"],"picked":"Second Wind","floor":10.0},{"not_picked":["Shrug It Off","Reckless Charge"],"picked":"Whirlwind","floor":13.0},{"not_picked":["Clash","Shrug It Off","Armaments"],"picked":"SKIP","floor":14.0}],"player_experience":344363,"relics_obtained":[{"floor":6.0,"key":"Incense Burner"},{"floor":9.0,"key":"Du-Vu Doll"},{"floor":10.0,"key":"Oddly Smooth Stone"}],"event_choices":[{"damage_healed":0.0,"max_hp_gain":0.0,"max_hp_loss":0.0,"gold_gain":0.0,"event_name":"FaceTrader","player_choice":"Trade","floor":3.0,"gold_loss":0.0,"damage_taken":0.0,"relics_obtained":["GremlinMask"]},{"damage_healed":0.0,"max_hp_gain":0.0,"max_hp_loss":0.0,"gold_gain":0.0,"event_name":"Shining Light","player_choice":"Entered Light","floor":5.0,"gold_loss":0.0,"damage_taken":16.0,"cards_upgraded":["Defend_R","Defend_R"]},{"damage_healed":0.0,"max_hp_gain":0.0,"max_hp_loss":0.0,"gold_gain":75.0,"event_name":"World of Goop","player_choice":"Gather Gold","floor":7.0,"gold_loss":0.0,"damage_taken":11.0}],"is_beta":false,"boss_relics":[],"items_purged_floors":[2],"is_endless":false,"potions_floor_spawned":[4,13],"killed_by":"Hexaghost","ascension_level":12}}