{"host":"1lwxixhv2lzh5ag1","time":1613447847,"event":{"mods":["AchievementEnabler","BaseMod","Bestiary","Better Altar","Better Match","Better Note","Better Sensory Stone","Better Silent Start","Better Skull","Better Third Choice","BetterRewards","Colored Map","Colored Powertips","DeckTracker","Displayed Cursed Tome","Downfall","Fox Events","Hubris","Minty Spire (QoL Compilation)","Permanent Neow","Relic Stats","Reliquary","Replay The Spire","Spire Arcade","StSLib","Td1madao Mod","The Blue Laboratory","Uncapped","Waifu the Spire"],"gold_per_floor":[119,138,148,128,144,144,160,160,185,185,238,270,270,286,286,389,389,400,400,420,420,432,432,432],"floor_reached":23,"language":"ENG","playtime":1004,"items_purged":[],"score":193,"play_id":"a1ce4e35-a777-469c-8f36-86d2b071cb81","local_time":"20210215225727","is_ascension_mode":false,"campfire_choices":[{"data":"Armaments","floor":6,"key":"SMITH"},{"floor":8,"key":"REST"},{"floor":10,"key":"REST"},{"floor":15,"key":"REST"}],"circlet_count":0,"master_deck":["Strike_R","Strike_R","Strike_R","Strike_R","Strike_R","Defend_R","Defend_R","Defend_R","Defend_R","Bash","Clothesline","Heavy Blade","Pommel Strike","Armaments+1","Twin Strike","Eclipse","ReplayTheSpireMod:Stacked","Impervious","Clothesline+1","Decay","Perfected Strike","Apotheosis+1","Heavy Blade"],"relics":["Burning Blood","reliquary:Aerogel","Bronze Scales","Bag of Marbles","reliquary:Knoch","Mark of Pain"],"acts_visited":["Exordium","TheCity"],"potions_floor_usage":[16,16,23,23,23],"damage_taken":[{"damage":5,"enemies":"Cultist","floor":1,"turns":4},{"damage":7,"enemies":"Small Slimes","floor":2,"turns":4},{"damage":6,"enemies":"Jaw Worm","floor":3,"turns":4},{"damage":32,"enemies":"Large Slime","floor":5,"turns":8},{"damage":16,"enemies":"2 Fungi Beasts","floor":7,"turns":4},{"damage":39,"enemies":"3 Sentries","floor":12,"turns":7},{"damage":5,"enemies":"Looter","floor":14,"turns":2},{"damage":32,"enemies":"The Guardian","floor":16,"turns":10},{"damage":14,"enemies":"Shell Parasite","floor":18,"turns":8},{"damage":13,"enemies":"3 Byrds","floor":20,"turns":3},{"damage":23,"enemies":"Shelled Parasite and Fungi","floor":22,"turns":7},{"damage":53,"enemies":"Gremlin Leader","floor":23,"turns":5}],"seed_played":"-858188767056689399","potions_obtained":[{"floor":0,"key":"blueLaboratory:TrueEctoplasm"},{"floor":0,"key":"blueLaboratory:TrueEctoplasm"},{"floor":0,"key":"FearPotion"},{"floor":2,"key":"Explosive Potion"},{"floor":4,"key":"Elixir"},{"floor":16,"key":"Explosive Potion"},{"floor":20,"key":"Swift Potion"}],"is_trial":false,"path_per_floor":["M","M","M","?","M","R","M","R","T","R","T","E","?","M","R","B",null,"M","?","M","?","M","E"],"character_chosen":"IRONCLAD","items_purchased":[],"campfire_rested":3,"item_purchase_floors":[],"current_hp_per_floor":[80,79,79,79,53,53,43,67,67,80,80,47,35,36,60,34,80,72,72,65,65,48,0,0],"gold":432,"neow_bonus":"THREE_SMALL_POTIONS","is_daily":false,"chose_seed":false,"campfire_upgraded":1,"win_rate":0.0,"timestamp":1613447847,"path_taken":["M","?","M","?","M","R","?","R","T","R","?","E","?","M","R","BOSS","M","?","M","?","?","E"],"items_purchased_type":[],"build_version":"2020-12-22","purchased_purges":0,"victory":false,"max_hp_per_floor":[80,80,80,80,80,80,80,80,80,80,80,80,80,80,80,80,80,80,80,80,80,80,80,80],"relic_stats":{"counters":[12,66],"Bronze Scales":[184],"obtain_stats":[{"reliquary:Aerogel":9,"Bronze Scales":11,"Mark of Pain":17,"Bag of Marbles":12,"reliquary:Knoch":13,"Burning Blood":0},{"reliquary:Aerogel":5,"Bronze Scales":5,"Mark of Pain":8,"Bag of Marbles":6,"reliquary:Knoch":6,"Burning Blood":0},{"reliquary:Aerogel":24,"Bronze Scales":24,"Mark of Pain":43,"Bag of Marbles":31,"reliquary:Knoch":31,"Burning Blood":0}],"Burning Blood":65},"card_choices":[{"not_picked":["Uppercut","Hemokinesis"],"picked":"Clothesline","floor":1},{"not_picked":["Battle Trance","Bloodletting"],"picked":"Heavy Blade","floor":2},{"not_picked":["True Grit","Whirlwind"],"picked":"Pommel Strike","floor":3},{"not_picked":["Clash","True Grit"],"picked":"Armaments","floor":5},{"not_picked":["Armaments","Clash"],"picked":"Twin Strike","floor":7},{"not_picked":["Massacre","ReplayTheSpireMod:Strike From Hell"],"picked":"Eclipse","floor":12},{"not_picked":["hubris:ReadiedAction","ReplayTheSpireMod:Limb From Limb"],"picked":"ReplayTheSpireMod:Stacked","floor":14},{"not_picked":["Hemogenesis","Limit Break"],"picked":"Impervious","floor":16},{"not_picked":["Entrench","Warcry"],"picked":"Clothesline+1","floor":18},{"not_picked":["Armaments","Body Slam"],"picked":"Perfected Strike","floor":20},{"not_picked":["Armaments","Abandon+1"],"picked":"Heavy Blade","floor":22}],"player_experience":30950,"relics_obtained":[{"floor":9,"key":"reliquary:Aerogel"},{"floor":11,"key":"Bronze Scales"},{"floor":12,"key":"Bag of Marbles"}],"event_choices":[{"damage_healed":0,"gold_gain":0,"player_choice":"Bought 1 Potion","damage_taken":0,"max_hp_gain":0,"max_hp_loss":0,"event_name":"The Woman in Blue","floor":4,"gold_loss":0},{"damage_healed":0,"gold_gain":0,"player_choice":"Relic ","damage_taken":12,"max_hp_gain":0,"max_hp_loss":0,"event_name":"betterThird:BetterScrap","floor":13,"gold_loss":0,"cards_obtained":["Judgement"]},{"damage_healed":0,"gold_gain":0,"player_choice":"Cursed","damage_taken":0,"max_hp_gain":0,"max_hp_loss":0,"event_name":"Wheel of Change","floor":19,"gold_loss":0,"cards_obtained":["Decay"]},{"cards_removed":["Eclipse"],"damage_healed":0,"gold_gain":0,"player_choice":"Take \u0026 Give","damage_taken":0,"max_hp_gain":0,"max_hp_loss":0,"event_name":"betterNote:BetterNote","floor":21,"gold_loss":0,"cards_obtained":["Apotheosis"]}],"is_beta":false,"boss_relics":[{"not_picked":["Electric Blood","reliquary:Ember"],"picked":"Mark of Pain"}],"items_purged_floors":[],"is_endless":false,"potions_floor_spawned":[2,7,16,20],"killed_by":"Gremlin Leader","ascension_level":0}}