{"host":"wmojtwekh6s3tor5","time":1613484840,"event":{"mods":["BaseMod","Colored Map","Colored Powertips","DeckTracker","Highlight Path","Minty Spire (QoL Compilation)","StSLib"],"gold_per_floor":[109,132,147,147,159,159,13,13,92,103,103,103,114,127,127,230,230,240,257,172,184,109,109,126,51,102,118,133,150,150,50,50,146,146,157,157,174,174,49,76,86,50,96,108,128,142,142,170,170,170],"floor_reached":51,"language":"ZHS","playtime":2932,"items_purged":["Strike_R","Bash","Strike_R"],"score":1004,"play_id":"5062e811-af6a-4ce2-98fc-d993e0f5ecce","local_time":"20210216221400","is_ascension_mode":true,"campfire_choices":[{"data":"Juggernaut","floor":6.0,"key":"SMITH"},{"data":"Battle Trance","floor":8.0,"key":"SMITH"},{"data":"Shrug It Off","floor":15.0,"key":"SMITH"},{"data":"Body Slam","floor":23.0,"key":"SMITH"},{"floor":32.0,"key":"REST"},{"data":"Entrench","floor":47,"key":"SMITH"},{"data":"Impervious","floor":49,"key":"SMITH"}],"circlet_count":0,"master_deck":["Defend_R","Defend_R","Defend_R","Defend_R","Juggernaut+1","Battle Trance+1","Barricade+1","Evolve+1","Shrug It Off+1","Body Slam+1","Impervious+1","Entrench+1","Body Slam+1"],"relics":["Burning Blood","Dream Catcher","Frozen Egg 2","Bronze Scales","Matryoshka","Velvet Choker","Gambling Chip","Blood Vial","Anchor","Runic Cube","Omamori","Bottled Flame","Nunchaku","Juzu Bracelet","Ancient Tea Set"],"acts_visited":["Exordium","TheCity","TheBeyond"],"potions_floor_usage":[],"damage_taken":[{"damage":1.0,"enemies":"Cultist","floor":1.0,"turns":4.0},{"damage":7.0,"enemies":"Small Slimes","floor":3.0,"turns":4.0},{"damage":14.0,"enemies":"2 Louse","floor":5.0,"turns":3.0},{"damage":8.0,"enemies":"Blue Slaver","floor":10.0,"turns":3.0},{"damage":8.0,"enemies":"Large Slime","floor":13.0,"turns":6.0},{"damage":7.0,"enemies":"Exordium Wildlife","floor":14.0,"turns":3.0},{"damage":37.0,"enemies":"Hexaghost","floor":16.0,"turns":12.0},{"damage":1.0,"enemies":"Spheric Guardian","floor":18.0,"turns":5.0},{"damage":3.0,"enemies":"Chosen","floor":19.0,"turns":5.0},{"damage":16.0,"enemies":"Snake Plant","floor":21.0,"turns":4.0},{"damage":32.0,"enemies":"Shelled Parasite and Fungi","floor":24.0,"turns":5.0},{"damage":0.0,"enemies":"Centurion and Healer","floor":27.0,"turns":5.0},{"damage":0.0,"enemies":"3 Cultists","floor":28.0,"turns":4.0},{"damage":1.0,"enemies":"Sentry and Sphere","floor":29.0,"turns":5.0},{"damage":5.0,"enemies":"Colosseum Slavers","floor":30.0,"turns":3.0},{"damage":26.0,"enemies":"Champ","floor":33.0,"turns":10.0},{"damage":0.0,"enemies":"Orb Walker","floor":35.0,"turns":4.0},{"damage":4.0,"enemies":"3 Darklings","floor":37.0,"turns":4.0},{"damage":3.0,"enemies":"Giant Head","floor":40.0,"turns":5.0},{"damage":5.0,"enemies":"Writhing Mass","floor":41.0,"turns":4.0},{"damage":0.0,"enemies":"Transient","floor":44.0,"turns":5.0},{"damage":2.0,"enemies":"Spire Growth","floor":45.0,"turns":5.0},{"damage":0,"enemies":"Maw","floor":46,"turns":5},{"damage":0,"enemies":"Nemesis","floor":48,"turns":5},{"damage":0,"enemies":"Donu and Deca","floor":50,"turns":4}],"seed_played":"-2457699231707311540","potions_obtained":[{"floor":3.0,"key":"Fire Potion"},{"floor":10.0,"key":"BlessingOfTheForge"},{"floor":13.0,"key":"SpeedPotion"},{"floor":18.0,"key":"AttackPotion"},{"floor":27.0,"key":"EssenceOfSteel"},{"floor":29.0,"key":"Energy Potion"},{"floor":40.0,"key":"Block Potion"},{"floor":46,"key":"SkillPotion"}],"is_trial":false,"path_per_floor":["M","T","M","?","M","R","$","R","T","M","?","$","M","M","R","B",null,"M","M","?","M","?","R","M","$","T","M","M","M","?","$","R","B",null,"M","?","M","T","$","E","M","$","T","M","M","M","R","E","R","B",null],"character_chosen":"IRONCLAD","items_purchased":["Bronze Scales","Entrench"],"campfire_rested":1,"item_purchase_floors":[7,42],"current_hp_per_floor":[77,77,76,76,68,68,68,68,68,66,66,66,64,63,63,32,68,73,76,76,66,66,66,40,40,40,48,56,63,66,66,80,60,75,80,80,80,80,80,80,80,80,80,80,80,80,80,80,80,80],"gold":170,"neow_bonus":"ONE_RANDOM_RARE_CARD","is_daily":false,"chose_seed":false,"campfire_upgraded":6,"win_rate":0.0,"timestamp":1613484840,"path_taken":["M","?","?","?","?","R","$","R","T","M","?","$","?","M","R","BOSS","M","M","?","M","?","R","M","$","T","M","M","M","?","$","R","BOSS","M","?","?","?","$","E","M","$","T","M","M","M","R","E","R","BOSS"],"items_purchased_type":["Relic","Card"],"build_version":"2020-12-22","purchased_purges":3,"victory":true,"max_hp_per_floor":[80,80,80,80,80,80,80,80,80,80,80,80,80,80,80,80,80,80,80,80,80,80,80,80,80,80,80,80,80,80,80,80,80,80,80,80,80,80,80,80,80,80,80,80,80,80,80,80,80,80],"card_choices":[{"not_picked":["Pommel Strike","Thunderclap"],"picked":"Battle Trance","floor":1.0},{"not_picked":["Clash","Shrug It Off","Cleave"],"picked":"SKIP","floor":3.0},{"not_picked":["Intimidate","Sword Boomerang","Perfected Strike"],"picked":"SKIP","floor":5.0},{"not_picked":["Twin Strike","Anger"],"picked":"Barricade+1","floor":10.0},{"not_picked":["Clothesline","Perfected Strike"],"picked":"Evolve+1","floor":13.0},{"not_picked":["Sword Boomerang","Pommel Strike"],"picked":"Shrug It Off","floor":14.0},{"not_picked":["Wild Strike","Havoc"],"picked":"Body Slam","floor":18.0},{"not_picked":["Body Slam","Havoc+1","Heavy Blade"],"picked":"SKIP","floor":19.0},{"not_picked":["Thunderclap+1","Sword Boomerang","Intimidate+1"],"picked":"SKIP","floor":21.0},{"not_picked":["Combust+1","Sword Boomerang","Hemokinesis"],"picked":"SKIP","floor":24.0},{"not_picked":["Reckless Charge","Clothesline+1","Cleave"],"picked":"SKIP","floor":27.0},{"not_picked":["Brutality+1","Body Slam","Seeing Red"],"picked":"SKIP","floor":28.0},{"not_picked":["Anger","Shrug It Off","Iron Wave"],"picked":"SKIP","floor":29.0},{"not_picked":["Offering","Berserk+1"],"picked":"Impervious","floor":33.0},{"not_picked":["Cleave+1","Clothesline","Body Slam"],"picked":"SKIP","floor":35.0},{"not_picked":["Combust+1","Spot Weakness","Anger"],"picked":"SKIP","floor":37.0},{"not_picked":["Offering","Whirlwind","Headbutt"],"picked":"SKIP","floor":40.0},{"not_picked":["Evolve+1","Reckless Charge+1","Havoc+1"],"picked":"SKIP","floor":41.0},{"not_picked":["Cleave+1","Power Through+1"],"picked":"Body Slam+1","floor":44.0},{"not_picked":["Burning Pact","Blood for Blood","Clothesline+1"],"picked":"SKIP","floor":45.0},{"not_picked":["Clothesline","Bloodletting+1","Heavy Blade+1"],"picked":"SKIP","floor":46},{"not_picked":["Flex+1","Juggernaut+1","Hemokinesis+1"],"picked":"SKIP","floor":48}],"player_experience":649082,"relics_obtained":[{"floor":2.0,"key":"Dream Catcher"},{"floor":9.0,"key":"Matryoshka"},{"floor":26.0,"key":"Blood Vial"},{"floor":26.0,"key":"Anchor"},{"floor":38.0,"key":"Omamori"},{"floor":38.0,"key":"Bottled Flame"},{"floor":40.0,"key":"Nunchaku"},{"floor":43.0,"key":"Juzu Bracelet"},{"floor":48,"key":"Ancient Tea Set"}],"event_choices":[{"damage_healed":0.0,"max_hp_gain":0.0,"max_hp_loss":0.0,"gold_gain":0.0,"event_name":"WeMeetAgain","player_choice":"Gave Potion","floor":4.0,"gold_loss":0.0,"damage_taken":0.0,"relics_obtained":["Frozen Egg 2"]},{"cards_removed":["Strike_R"],"damage_healed":0.0,"max_hp_gain":0.0,"max_hp_loss":0.0,"gold_gain":0.0,"event_name":"Bonfire Elementals","player_choice":"Offered Basic","floor":11.0,"gold_loss":0.0,"damage_taken":0.0},{"damage_healed":0.0,"max_hp_gain":0.0,"max_hp_loss":0.0,"gold_gain":0.0,"event_name":"Addict","player_choice":"Obtained Relic","floor":20.0,"gold_loss":85.0,"damage_taken":0.0,"relics_obtained":["Gambling Chip"]},{"cards_removed":["Strike_R"],"damage_healed":0.0,"max_hp_gain":0.0,"max_hp_loss":0.0,"gold_gain":0.0,"event_name":"Beggar","player_choice":"Gave Gold","floor":22.0,"gold_loss":75.0,"damage_taken":0.0},{"damage_healed":0.0,"max_hp_gain":0.0,"max_hp_loss":0.0,"gold_gain":0.0,"event_name":"Colosseum","player_choice":"Fight","floor":30.0,"gold_loss":0.0,"damage_taken":0.0},{"damage_healed":0.0,"max_hp_gain":0.0,"max_hp_loss":0.0,"gold_gain":0.0,"event_name":"Colosseum","player_choice":"Fled From Nobs","floor":30.0,"gold_loss":0.0,"damage_taken":0.0},{"cards_removed":["Strike_R"],"damage_healed":0.0,"max_hp_gain":0.0,"max_hp_loss":0.0,"gold_gain":0.0,"event_name":"Purifier","player_choice":"Purged","floor":36.0,"gold_loss":0.0,"damage_taken":0.0}],"is_beta":false,"boss_relics":[{"not_picked":["Cursed Key","Black Star"],"picked":"Velvet Choker"},{"not_picked":["Calling Bell","SacredBark"],"picked":"Runic Cube"}],"items_purged_floors":[25,31,39],"is_endless":false,"potions_floor_spawned":[3,10,13,18,27,29,40,46],"ascension_level":6}}