{"host":"st1kg310ms6sytc5","time":1613489335,"event":{"mods":["ATMod(°¢èªMod)","Act Like it!","BaseMod","CapriCore","Lobotomy","LobotomyExtend","Minty Spire (QoL Compilation)","Reliquary","StSLib","SuperFastMode","Wide Potions","[IsaacMod]ÒÔÈö¼âËþ","¡¾ÒÅÎï¿¨ÅÆ¡¿REMEMod"],"gold_per_floor":[118,118,132,150,169,169,204,219,219,238,279,294,321,335,335,431,431,443,258,269,368,387,402,414,424,231,231,262,262,262,262,262,277,303,303,303,399],"floor_reached":17,"language":"ZHS","playtime":2023,"items_purged":["Strike_G","Strike_G","Strike_G"],"score":530,"play_id":"205285cd-e14b-43c2-88d6-b6be8f0aea1c","local_time":"20210216232855","is_ascension_mode":true,"campfire_choices":[{"data":"Terror","floor":6.0,"key":"SMITH"},{"data":"Calculated Gamble","floor":15.0,"key":"SMITH"},{"data":"AT_Desolate","floor":6,"key":"SMITH"},{"data":"AT_ShadowStep","floor":8,"key":"SMITH"},{"data":"Blade Dance","floor":10,"key":"SMITH"},{"data":"Acrobatics","floor":15,"key":"SMITH"}],"circlet_count":0,"master_deck":["Strike_G","Strike_G","Defend_G","Defend_G+1","Defend_G+1","Defend_G","Defend_G","Survivor","Neutralize+1","AT_FamilyPortrait","Acrobatics+1","Terror+1","Calculated Gamble+1","Masterful Stab","Blade Dance+1","Corpse Explosion","AT_Desolate+1","Finisher+1","AT_ShadowStep+1","Blade Dance+1","Concentrate+1","Blade Dance+1","AT_WindFlip"],"relics":["Ring of the Snake","AT_ATBox","REME_ComplimentaryCards","HushsDoor","PillsDrop","Regal Pillow","SteamSale","reliquary:ExpiredCoupon","reliquary:WritOfMandamus","GuppysHairball","GuppysTail","Nunchaku","reliquary:Bookmark","LetterFromLob","Bottled Tornado","AT_DeathDance","InkBottle","Moonlight_r","HonorFeather","Toy Ornithopter"],"acts_visited":["Exordium","TheCity"],"potions_floor_usage":[16],"damage_taken":[{"damage":0.0,"enemies":"Small Slimes","floor":1.0,"turns":3.0},{"damage":0.0,"enemies":"Cultist","floor":3.0,"turns":3.0},{"damage":3.0,"enemies":"Jaw Worm","floor":4.0,"turns":2.0},{"damage":0.0,"enemies":"Looter","floor":5.0,"turns":4.0},{"damage":0.0,"enemies":"Lagavulin","floor":7.0,"turns":1.0},{"damage":0.0,"enemies":"2 Fungi Beasts","floor":8.0,"turns":2.0},{"damage":0.0,"enemies":"Gremlin Gang","floor":10.0,"turns":3.0},{"damage":0.0,"enemies":"Exordium Wildlife","floor":11.0,"turns":4.0},{"damage":0.0,"enemies":"3 Louse","floor":12.0,"turns":4.0},{"damage":9.0,"enemies":"3 Sentries","floor":13.0,"turns":4.0},{"damage":0.0,"enemies":"2 Fungi Beasts","floor":14.0,"turns":2.0},{"damage":36,"enemies":"The Guardian","floor":16,"turns":9},{"damage":6,"enemies":"Shell Parasite","floor":18,"turns":4},{"damage":0,"enemies":"Chosen","floor":20,"turns":2},{"damage":0,"enemies":"Small Slimes","floor":1,"turns":1},{"damage":0,"enemies":"2 Louse","floor":2,"turns":2},{"damage":0,"enemies":"Jaw Worm","floor":3,"turns":1},{"damage":0,"enemies":"2 Fungi Beasts","floor":4,"turns":1},{"damage":0,"enemies":"Gremlin Nob","floor":7,"turns":1},{"damage":0,"enemies":"3 Sentries","floor":11,"turns":1},{"damage":0,"enemies":"Exordium Thugs","floor":12,"turns":1},{"damage":0,"enemies":"3 Sentries","floor":13,"turns":3},{"damage":3,"enemies":"Hexaghost","floor":16,"turns":2}],"seed_played":"-4016380390852779674","potions_obtained":[{"floor":3.0,"key":"SneckoOil"},{"floor":5.0,"key":"LiquidMemories"},{"floor":7.0,"key":"ColorlessPotion"},{"floor":10.0,"key":"Strength Potion"},{"floor":11.0,"key":"EntropicBrew"},{"floor":1,"key":"BlessingOfTheForge"}],"is_trial":false,"path_per_floor":["M","?","M","M","M","R","E","M","T","M","M","M","E","M","R","B",null,"M","$","M","?","?","M","M","M","M","$","R","E","R","T","R","E","M","E","?","R","B",null],"character_chosen":"THE_SILENT","items_purchased":["GuppysHairball","GuppysTail","AT_Desolate","Nunchaku","reliquary:Bookmark","Bottled Tornado","Concentrate"],"campfire_rested":0,"item_purchase_floors":[17,17,17,19,19,5,5],"current_hp_per_floor":[70,56,56,53,53,53,56,56,56,56,56,56,47,47,47,11,45,39,39,39,39,45,45,45,45,45,45,45,45,45,45,45,45,45,40,45,42],"gold":399,"neow_bonus":"","is_daily":false,"chose_seed":false,"campfire_upgraded":6,"win_rate":0.0,"timestamp":1613489335,"path_taken":["M","?","?","M","M","R","E","M","T","M","M","M","E","M","R","BOSS","M","$","M","?","?","M","M","?","?","$","R","E","R","T","R","E","M","E","?","R","BOSS"],"items_purchased_type":["Relic","Relic","Card","Relic","Relic","Relic","Card"],"build_version":"2020-12-22","purchased_purges":3,"victory":true,"max_hp_per_floor":[70,70,70,70,70,70,73,73,73,73,73,73,73,73,73,73,45,45,45,45,45,45,45,45,45,45,45,45,45,45,45,45,45,45,45,45,45],"card_choices":[{"not_picked":["PiercingWail","Backflip"],"picked":"Acrobatics","floor":1.0},{"not_picked":["Backstab","Dagger Throw"],"picked":"Terror","floor":3.0},{"not_picked":["Dash","Caltrops"],"picked":"Calculated Gamble","floor":4.0},{"not_picked":["All Out Attack","Dagger Throw","Choke"],"picked":"SKIP","floor":5.0},{"not_picked":["Caltrops","Backflip"],"picked":"Masterful Stab","floor":7.0},{"not_picked":["Blur","Caltrops","REME_GrazeFinale"],"picked":"SKIP","floor":8.0},{"not_picked":["Sucker Punch","Acrobatics"],"picked":"Blade Dance","floor":10.0},{"not_picked":["Poisoned Stab","Outmaneuver","Deflect"],"picked":"SKIP","floor":11.0},{"not_picked":["Cloak And Dagger","Calculated Gamble","All Out Attack"],"picked":"SKIP","floor":12.0},{"not_picked":["All Out Attack","Outmaneuver","Deflect"],"picked":"SKIP","floor":13.0},{"not_picked":["Sucker Punch","Bouncing Flask","Bane"],"picked":"SKIP","floor":14.0},{"not_picked":["Storm of Steel","Grand Finale"],"picked":"Corpse Explosion","floor":16},{"not_picked":["Slice+1","Bane"],"picked":"Finisher+1","floor":18},{"not_picked":["Grand Finale","Flying Knee+1"],"picked":"AT_ShadowStep","floor":20},{"not_picked":["Slice","Dodge and Roll","Underhanded Strike"],"picked":"SKIP","floor":1},{"not_picked":["Dagger Spray","Escape Plan"],"picked":"Blade Dance","floor":2},{"not_picked":["AT_FocusSwordFire","Sucker Punch","Riddle With Holes"],"picked":"SKIP","floor":3},{"not_picked":["Endless Agony","Cloak And Dagger","Footwork"],"picked":"SKIP","floor":4},{"not_picked":["Cloak And Dagger","Backstab","Poisoned Stab"],"picked":"SKIP","floor":7},{"not_picked":["Dagger Spray","Backstab"],"picked":"AT_WindFlip","floor":12},{"not_picked":["Flying Knee","Crippling Poison","Deflect"],"picked":"SKIP","floor":13}],"player_experience":1391177,"relics_obtained":[{"floor":1.0,"key":"LetterFromLob"},{"floor":7.0,"key":"Regal Pillow"},{"floor":9.0,"key":"SteamSale"},{"floor":13.0,"key":"reliquary:ExpiredCoupon"},{"floor":1,"key":"LetterFromLob"},{"floor":7,"key":"AT_DeathDance"},{"floor":9,"key":"InkBottle"},{"floor":13,"key":"Toy Ornithopter"}],"event_choices":[{"damage_healed":0.0,"max_hp_gain":0.0,"max_hp_loss":0.0,"gold_gain":0.0,"event_name":"Shining Light","player_choice":"Entered Light","floor":2.0,"gold_loss":0.0,"damage_taken":14.0,"cards_upgraded":["Neutralize","Defend_G"]},{"damage_healed":0,"gold_gain":99,"player_choice":"Stole From Cult","damage_taken":0,"max_hp_gain":0,"max_hp_loss":0,"event_name":"Nest","floor":21,"gold_loss":0},{"damage_healed":0,"gold_gain":0,"player_choice":"Entered Light","damage_taken":9,"max_hp_gain":0,"max_hp_loss":0,"event_name":"Shining Light","floor":14,"gold_loss":0,"cards_upgraded":["Defend_G","Concentrate"]}],"is_beta":false,"boss_relics":[{"not_picked":["Ectoplasm","Fusion Hammer"],"picked":"reliquary:WritOfMandamus"},{"not_picked":[]}],"items_purged_floors":[17,19,5],"is_endless":false,"potions_floor_spawned":[3,5,7,10,11,12,1,12,13],"ascension_level":1}}