{"host":"4nv61ujg37lx5d7m","time":1613487928,"event":{"mods":["BaseMod","Minty Spire (QoL Compilation)","Quick Restart"],"gold_per_floor":[117,137,11,11,22,48,61,87,87,87,115,115,115,115],"floor_reached":13,"language":"ZHS","playtime":662,"items_purged":["Strike_R"],"score":134,"play_id":"fbad740a-52c0-437a-b750-153feca980d0","local_time":"20210216230528","is_ascension_mode":true,"campfire_choices":[{"data":"Second Wind","floor":10.0,"key":"SMITH"}],"circlet_count":0,"master_deck":["Strike_R","Strike_R","Strike_R","Strike_R","Defend_R","Defend_R","Defend_R","Defend_R","Bash","Feed","Second Wind+1","Power Through","Body Slam","Sentinel","Feed","Sentinel","Juggernaut"],"relics":["Burning Blood","Bronze Scales","Omamori","Oddly Smooth Stone","Self Forming Clay"],"acts_visited":[],"potions_floor_usage":[],"damage_taken":[{"damage":9.0,"enemies":"2 Louse","floor":1.0,"turns":4.0},{"damage":7.0,"enemies":"Small Slimes","floor":2.0,"turns":4.0},{"damage":12.0,"enemies":"Jaw Worm","floor":5.0,"turns":2.0},{"damage":35.0,"enemies":"3 Sentries","floor":6.0,"turns":13.0},{"damage":10.0,"enemies":"Large Slime","floor":7.0,"turns":9.0},{"damage":16.0,"enemies":"Gremlin Nob","floor":8.0,"turns":5.0},{"damage":30.0,"enemies":"3 Sentries","floor":11.0,"turns":8.0},{"damage":12,"enemies":"Gremlin Nob","floor":13,"turns":3}],"seed_played":"-6239010847235941657","potions_obtained":[{"floor":1.0,"key":"AttackPotion"},{"floor":6.0,"key":"FearPotion"},{"floor":8.0,"key":"CultistPotion"},{"floor":11.0,"key":"SkillPotion"}],"is_trial":false,"path_per_floor":["M","M","$","?","M","E","M","E","T","R","E","?","E"],"character_chosen":"IRONCLAD","items_purchased":["Body Slam"],"campfire_rested":0,"item_purchase_floors":[3],"current_hp_per_floor":[72,74,74,74,71,45,47,40,40,40,16,16,4,4],"gold":115,"neow_bonus":"THREE_RARE_CARDS","is_daily":false,"chose_seed":false,"campfire_upgraded":1,"win_rate":0.0,"timestamp":1613487928,"path_taken":["M","M","$","?","M","E","M","E","T","R","E","?","E"],"items_purchased_type":["Card"],"build_version":"2020-12-22","purchased_purges":1,"victory":false,"max_hp_per_floor":[75,78,78,78,81,84,90,93,93,93,93,93,93,93],"card_choices":[{"not_picked":["Limit Break","Exhume"],"picked":"Feed","floor":0.0},{"not_picked":["Rupture","Flex"],"picked":"Second Wind","floor":1.0},{"not_picked":["Clash","Sever Soul"],"picked":"Power Through","floor":2.0},{"not_picked":["Headbutt","Iron Wave"],"picked":"Sentinel","floor":5.0},{"not_picked":["Shrug It Off","Rupture"],"picked":"Feed","floor":6.0},{"not_picked":["Sword Boomerang","Armaments"],"picked":"Sentinel","floor":7.0},{"not_picked":["Berserk","Uppercut"],"picked":"Juggernaut","floor":8.0},{"not_picked":["Cleave","Sword Boomerang","Brutality"],"picked":"SKIP","floor":11.0}],"player_experience":42440,"relics_obtained":[{"floor":6.0,"key":"Bronze Scales"},{"floor":8.0,"key":"Omamori"},{"floor":9.0,"key":"Oddly Smooth Stone"},{"floor":11.0,"key":"Self Forming Clay"}],"event_choices":[{"damage_healed":0.0,"max_hp_gain":0.0,"max_hp_loss":0.0,"gold_gain":0.0,"event_name":"Liars Game","player_choice":"Ignored","floor":4.0,"gold_loss":0.0,"damage_taken":0.0},{"damage_healed":0.0,"max_hp_gain":0.0,"max_hp_loss":0.0,"gold_gain":0.0,"event_name":"Shining Light","player_choice":"Ignored","floor":12.0,"gold_loss":0.0,"damage_taken":0.0}],"is_beta":false,"boss_relics":[],"items_purged_floors":[3],"is_endless":false,"potions_floor_spawned":[1,6,8,11],"killed_by":"Gremlin Nob","ascension_level":6}}