{"host":"ggy1mjjy92c62u6a","time":1613483506,"event":{"mods":["10 clothes from DAL","ATMod(阿瑾Mod)","Act Like it!","BaseMod","Colored Powertips","GifTheSpireLib","Infinite Spire","Library of Ruina","Library of Ruina Extra","Lobotomy","LobotomyExtend","Minty Spire (QoL Compilation)","Quick Restart","Relic Filter Mod","Relic Stats","Reliquary","Replay The Spire","RumiaBox-露米娅的神秘盒子","Shop Mod","Spicy Shops","StSLib","SuperFastMode","TestMod","【功能Mod】混沌之环修复补丁","【遗物Mod】死灵法师NEW","【遗物卡牌】REMEMod"],"gold_per_floor":[114,130,130,146,146,174,193,205,205,605,623,642,642,662,662,757,757,757,772,788,788,840,840,840,840,840,50,80,80,158,36,36,62,62],"floor_reached":33,"language":"ZHS","playtime":1319,"items_purged":["Pummel","Seeing Red","Inflame","Languid"],"score":349,"play_id":"8b3c4be9-538c-438b-839e-429684da496d","local_time":"20210216215146","is_ascension_mode":false,"campfire_choices":[{"floor":13,"key":"REST"},{"floor":15,"key":"REST"},{"floor":23,"key":"REST"},{"floor":25,"key":"REST"},{"floor":32,"key":"REST"}],"circlet_count":0,"master_deck":["Bash","infinitespire:OneForAll","AT_CaressingTears","infinitespire:OneForAll","ReplayTheSpireMod:Strike From Hell","ReplayTheSpireMod:Strike From Hell","Life Link","Dark Embrace","Power Through","Bloodletting","ReplayTheSpireMod:Muscle Training","Double Tap","AT_BodySlamDance","Infernal Blade","Corruption","Dual Wield","Abandon","Inflame","Cleave","Reckless Charge","Sever Soul","Battle Trance","Fiend Fire","Fiend Fire","ReplayTheSpireMod:Strike From Hell","ReplayTheSpireMod:Strike From Hell","AT_GerminateFire","Flex","ReplayReversal"],"relics":["Burning Blood","REME_ComplimentaryCards","testmod-TestBox","CogitoBucket","testmod-BlackFramedGlasses","Baka","LetterFromLob","Dream Catcher","Pear","AT_ImmortalShieldbow","Pandora\u0027s Box","infinitespire:Midas Blood","Ring of Fury","Ring of Searing","AT_DeathDance","Happy Flower","Gambling Chip","testmod-OneHitWonder","ReplayTheSpireMod:CursedCoin","REME_PuzzleBoxRelic"],"acts_visited":["Exordium","TheCity"],"potions_floor_usage":[6,16,16,16],"damage_taken":[{"damage":11,"enemies":"2 Louse","floor":1,"turns":3},{"damage":11,"enemies":"Jaw Worm","floor":2,"turns":2},{"damage":12,"enemies":"Small Slimes","floor":4,"turns":4},{"damage":31,"enemies":"3 Sentries","floor":6,"turns":5},{"damage":19,"enemies":"Gremlin Gang","floor":7,"turns":6},{"damage":44,"enemies":"2 Fungi Beasts","floor":8,"turns":4},{"damage":22,"enemies":"Exordium Wildlife","floor":11,"turns":4},{"damage":11,"enemies":"3 Louse","floor":12,"turns":3},{"damage":12,"enemies":"2 Fungi Beasts","floor":14,"turns":3},{"damage":108,"enemies":"Fading Forest","floor":16,"turns":11},{"damage":81,"enemies":"Chosen","floor":19,"turns":6},{"damage":27,"enemies":"Shell Parasite","floor":20,"turns":5},{"damage":78,"enemies":"Snecko","floor":22,"turns":7},{"damage":26,"enemies":"Shelled Parasite and Fungi","floor":28,"turns":3},{"damage":138,"enemies":"KingOfGreed","floor":33,"turns":7}],"seed_played":"8488133528749662835","potions_obtained":[{"floor":2,"key":"Block Potion"},{"floor":4,"key":"SteroidPotion"},{"floor":6,"key":"DistilledChaos"},{"floor":7,"key":"Elixir"},{"floor":20,"key":"CultistPotion"}],"is_trial":false,"path_per_floor":["M","M","?","M","?","E","M","M","T","?","M","M","R","M","R","B",null,"M","M","M","AVR","M","R","?","R","T","$","M","?","?","$","R","B"],"character_chosen":"IRONCLAD","items_purchased":["Happy Flower","Fiend Fire","Gambling Chip","ReplayTheSpireMod:CursedCoin","REME_PuzzleBoxRelic"],"campfire_rested":5,"item_purchase_floors":[27,27,27,31,31],"current_hp_per_floor":[77,74,79,77,70,56,49,26,26,26,25,27,64,63,100,37,125,125,56,57,57,44,81,81,118,118,118,103,103,83,83,120,0,0],"gold":62,"neow_bonus":"","is_daily":false,"chose_seed":false,"campfire_upgraded":0,"win_rate":0.0,"timestamp":1613483506,"path_taken":["M","M","?","M","?","E","M","M","T","?","M","M","R","M","R","BOSS","M","M","?","AVR","M","R","?","R","T","?","M","?","?","?","R","BOSS"],"items_purchased_type":["Relic","Card","Relic","Relic","Relic"],"build_version":"2020-12-22","purchased_purges":4,"victory":false,"max_hp_per_floor":[80,110,115,115,115,115,115,125,125,125,125,125,125,125,125,125,125,125,125,125,125,125,125,125,125,125,125,125,125,125,125,125,125,125],"relic_stats":{"Dream Catcher":5,"Happy Flower":[3],"counters":[17,74],"Gambling Chip":[6],"Pandora\u0027s Box":["AT_BodySlamDance","Infernal Blade","Inflame","Pummel","Corruption","Dual Wield","Abandon","Inflame","Cleave","Reckless Charge"],"obtain_stats":[{"AT_ATBox":0,"testmod-TestBox":0,"Pear":8,"Happy Flower":27,"ReplayTheSpireMod:CursedCoin":31,"Baka":1,"Burning Blood":0,"testmod-BlackFramedGlasses":0,"Ring of Searing":24,"AT_ImmortalShieldbow":9,"CogitoBucket":0,"Dream Catcher":6,"Gambling Chip":27,"Pandora\u0027s Box":17,"Ring of Fury":24,"LetterFromLob":1,"AT_DeathDance":26,"REME_PuzzleBoxRelic":31,"testmod-OneHitWonder":30,"REME_ComplimentaryCards":0,"infinitespire:Midas Blood":21},{"AT_ATBox":0,"testmod-TestBox":0,"Pear":7,"Happy Flower":15,"ReplayTheSpireMod:CursedCoin":16,"Baka":1,"Burning Blood":0,"testmod-BlackFramedGlasses":0,"Ring of Searing":15,"AT_ImmortalShieldbow":7,"CogitoBucket":0,"Dream Catcher":4,"Gambling Chip":15,"Pandora\u0027s Box":11,"Ring of Fury":15,"LetterFromLob":1,"AT_DeathDance":15,"REME_PuzzleBoxRelic":16,"testmod-OneHitWonder":16,"REME_ComplimentaryCards":0,"infinitespire:Midas Blood":14},{"AT_ATBox":0,"testmod-TestBox":0,"Pear":25,"Happy Flower":64,"ReplayTheSpireMod:CursedCoin":67,"Baka":3,"Burning Blood":0,"testmod-BlackFramedGlasses":0,"Ring of Searing":64,"AT_ImmortalShieldbow":25,"CogitoBucket":0,"Dream Catcher":14,"Gambling Chip":64,"Pandora\u0027s Box":45,"Ring of Fury":64,"LetterFromLob":3,"AT_DeathDance":64,"REME_PuzzleBoxRelic":67,"testmod-OneHitWonder":67,"REME_ComplimentaryCards":0,"infinitespire:Midas Blood":57}],"Burning Blood":84},"card_choices":[{"not_picked":["Whirlwind","Pommel Strike"],"picked":"infinitespire:OneForAll","floor":1},{"not_picked":["Shrug It Off","Flame Barrier"],"picked":"AT_CaressingTears","floor":2},{"not_picked":["AT_Dispersion","Clash"],"picked":"ReplayTheSpireMod:Strike From Hell","floor":4},{"not_picked":["Clothesline","Warcry"],"picked":"ReplayTheSpireMod:Strike From Hell","floor":6},{"not_picked":["Sword Boomerang","Thunderclap"],"picked":"Life Link","floor":7},{"not_picked":["Headbutt","ReplayTheSpireMod:Strike From Hell"],"picked":"Dark Embrace","floor":8},{"not_picked":["Sword Boomerang","Armaments"],"picked":"Power Through","floor":11},{"not_picked":["Cleave","Iron Wave"],"picked":"Bloodletting","floor":12},{"not_picked":["ReplayTheSpireMod:Corrosion Curse","Clash"],"picked":"ReplayTheSpireMod:Muscle Training","floor":13},{"not_picked":["Rampage","Infernal Blade"],"picked":"Seeing Red","floor":14},{"not_picked":["Offering","Feed"],"picked":"Double Tap","floor":16},{"not_picked":["Pummel","Dropkick","AT_BodySlamDance"],"picked":"SKIP","floor":19},{"not_picked":["Whirlwind","Clothesline"],"picked":"Sever Soul","floor":20},{"not_picked":["Pommel Strike","Anger+1","Run Through+1"],"picked":"SKIP","floor":22},{"not_picked":["Pummel+1","ReplayTheSpireMod:LeadingStrike"],"picked":"Battle Trance","floor":25},{"not_picked":["ReplayTheSpireMod:Limb From Limb","Iron Wave"],"picked":"ReplayTheSpireMod:Strike From Hell","floor":28},{"not_picked":["Perfected Strike","Armaments"],"picked":"ReplayTheSpireMod:Strike From Hell","floor":28},{"not_picked":["Demonic Infusion","Dropkick"],"picked":"AT_GerminateFire","floor":28},{"not_picked":["Entrench","Replay:Undeath\u0027s Touch","Cleave"],"picked":"SKIP","floor":28},{"not_picked":["Whirlwind+1","ReplayTheSpireMod:Stacked"],"picked":"Flex","floor":30}],"player_experience":143684,"relics_obtained":[{"floor":1,"key":"Baka"},{"floor":1,"key":"LetterFromLob"},{"floor":6,"key":"Dream Catcher"},{"floor":8,"key":"Pear"},{"floor":9,"key":"AT_ImmortalShieldbow"},{"floor":24,"key":"Ring of Fury"},{"floor":24,"key":"Ring of Searing"},{"floor":26,"key":"AT_DeathDance"},{"floor":30,"key":"testmod-OneHitWonder"}],"event_choices":[{"damage_healed":0,"gold_gain":0,"player_choice":"Donut","damage_taken":0,"max_hp_gain":5,"max_hp_loss":0,"event_name":"Big Fish","floor":3,"gold_loss":0},{"damage_healed":0,"gold_gain":400,"player_choice":"Sell","damage_taken":0,"max_hp_gain":0,"max_hp_loss":0,"event_name":"恩洛斯的盘子","floor":10,"relics_lost":["AT_ATBox"],"gold_loss":0},{"damage_healed":0,"gold_gain":0,"player_choice":"Ignored","damage_taken":0,"max_hp_gain":0,"max_hp_loss":0,"event_name":"Ghosts","floor":29,"gold_loss":0}],"is_beta":false,"boss_relics":[{"not_picked":["testmod-StringDisintegrator","Replay:Drink Me"],"picked":"Pandora\u0027s Box"}],"items_purged_floors":[21,27,27,31],"is_endless":false,"potions_floor_spawned":[2,4,6,7,8,20],"killed_by":"KingOfGreed","ascension_level":0}}