{"host":"blnmo1e2jbqugfxh","time":1613498017,"event":{"mods":["2.2 Compatiblity","Astrologer","Bard","BaseMod","Beaked The Cultist","Colored Powertips","Conspire","Downfall","Friendly Minions","Googly Eyes","Hermit","Highlight Path","Hubris","Infinite Spire","Lobotomy","Marisa????????","Mimic Mod","Minty Spire (QoL Compilation)","Prisma Mod","Quick Restart","Rare Cards Sparkle","Replay The Spire","Shop Mod","StSLib","The Construct","The Cursed","The Disciple","The Exalted","The Hierophant","The Mystic","The Servant 0.9.4"],"gold_per_floor":[108,127,150,40,51,0,0],"floor_reached":6,"language":"ENG","playtime":591,"items_purged":[],"score":38,"play_id":"6bde728f-512c-4f4e-b060-91921412470f","local_time":"20210216125337","is_ascension_mode":false,"campfire_choices":[],"circlet_count":0,"master_deck":["hierophant:Strike_Hierophant","hierophant:Strike_Hierophant","hierophant:Strike_Hierophant","hierophant:Strike_Hierophant","hierophant:Punish","hierophant:Defend_Hierophant","hierophant:Defend_Hierophant","hierophant:Defend_Hierophant","hierophant:Defend_Hierophant","hierophant:ChurchCoffers","hierophant:Doubloon","hierophant:RecallFunds","hierophant:Smite","hierophant:RustyCrate","hierophant:Doubloon","hierophant:Doubloon","hierophant:Sermon","hierophant:Sermon","hierophant:SolarFlare","hierophant:HammerAndAnvil"],"relics":["hierophant:PropheticMaskRelic","Bag of Preparation"],"acts_visited":["Exordium"],"potions_floor_usage":[],"damage_taken":[{"damage":0,"enemies":"Small Slimes","floor":1,"turns":4},{"damage":6,"enemies":"Jaw Worm","floor":2,"turns":5},{"damage":0,"enemies":"2 Louse","floor":3,"turns":1},{"damage":9,"enemies":"Blue Slaver","floor":5,"turns":6},{"damage":57,"enemies":"3 Sentries","floor":6,"turns":14}],"seed_played":"-6389676533581151699","potions_obtained":[],"is_trial":false,"path_per_floor":["M","M","M","$","M","E"],"character_chosen":"HIEROPHANT","items_purchased":["hierophant:Sermon","hierophant:SolarFlare"],"campfire_rested":0,"item_purchase_floors":[4,4],"current_hp_per_floor":[75,69,69,69,60,3,3],"gold":0,"neow_bonus":"RANDOM_COMMON_RELIC","is_daily":false,"chose_seed":false,"campfire_upgraded":0,"win_rate":0.0,"timestamp":1613498017,"path_taken":["M","M","M","$","M","E"],"items_purchased_type":["Card","Card"],"build_version":"2020-12-22","purchased_purges":0,"victory":false,"max_hp_per_floor":[75,75,75,75,75,75,75],"card_choices":[{"not_picked":["hierophant:Purify","hierophant:Prophecy"],"picked":"hierophant:RecallFunds","floor":1},{"not_picked":["hierophant:OrnateBuckler","hierophant:CursedGold"],"picked":"hierophant:Smite","floor":2},{"not_picked":["hierophant:Generosity","hierophant:Doubloon"],"picked":"hierophant:RustyCrate","floor":3},{"not_picked":["hierophant:MirrorShield","hierophant:Sermon"],"picked":"hierophant:HammerAndAnvil","floor":5}],"player_experience":50382,"relics_obtained":[],"event_choices":[],"is_beta":false,"boss_relics":[],"items_purged_floors":[],"is_endless":false,"potions_floor_spawned":[],"killed_by":"3 Sentries","ascension_level":0}}