{"host":"3j2m8n0ywf988fwb","time":1613506368,"event":{"mods":["2.2 Compatiblity","AchievementEnabler","Act Like it!","BaseMod","Better Altar","Better Match","Better Note","Better Sensory Stone","Better Skull","Better Third Choice","Colored Map","Colored Powertips","Dark Map","Hallownest","HexUI Lib","Highlight Path","Marked Mod","Mimic Mod","Minty Spire (QoL Compilation)","Random Character Button","Relic Stats","Robot Space Explorer","Ruina","Shapeshifter Mod","Shop Mod","Somnambulant","StSLib","The Bug Knight","The Servant 0.9.4","Unceasing Turn Reminder","Weighted Paths","everything is the same but u backflip on backflip"],"gold_per_floor":[109,127,140,140,140,140,41,0,0,35,49,88,88,120,120,120,120],"floor_reached":16,"language":"ENG","playtime":749,"items_purged":["Regret"],"score":155,"play_id":"50be0565-af2c-4f53-9d99-52c1a4deff62","local_time":"20210216141248","is_ascension_mode":true,"campfire_choices":[{"data":"Redo","floor":6,"key":"SMITH"},{"floor":15,"key":"REST"}],"circlet_count":0,"master_deck":["Strike_B","Strike_B","Strike_B","Strike_B","Defend_B","Defend_B","Defend_B","Defend_B","Zap","Dualcast","Go for the Eyes","Go for the Eyes","Redo+1","MarkedMod:OneThousandNeedles","Gash","Enlightenment","Gash","Gash","Buffer"],"relics":["Cracked Core","Akabeko","White Beast Statue","Sundial","Darkstone Periapt","Omamori","Ancient Tea Set"],"acts_visited":["Exordium"],"potions_floor_usage":[14,16],"damage_taken":[{"damage":0,"enemies":"Cultist","floor":1,"turns":4},{"damage":0,"enemies":"Jaw Worm","floor":2,"turns":4},{"damage":0,"enemies":"Small Slimes","floor":3,"turns":3},{"damage":32,"enemies":"3 Sentries","floor":10,"turns":8},{"damage":3,"enemies":"Looter","floor":11,"turns":3},{"damage":6,"enemies":"Blue Slaver","floor":12,"turns":6},{"damage":29,"enemies":"Gremlin Nob","floor":14,"turns":4},{"damage":42,"enemies":"Slime Boss","floor":16,"turns":8}],"seed_played":"6991448505566406629","potions_obtained":[{"floor":1,"key":"FocusPotion"},{"floor":2,"key":"GamblersBrew"},{"floor":10,"key":"GamblersBrew"},{"floor":11,"key":"PowerPotion"},{"floor":12,"key":"Fruit Juice"},{"floor":14,"key":"Explosive Potion"}],"is_trial":false,"path_per_floor":["M","M","M","?","?","R","$","?","T","E","M","MIM","$","E","R","B"],"character_chosen":"DEFECT","items_purchased":["Gash"],"campfire_rested":1,"item_purchase_floors":[7],"current_hp_per_floor":[82,82,82,82,68,68,68,74,74,42,39,33,33,9,36,0,0],"gold":120,"neow_bonus":"TEN_PERCENT_HP_BONUS","is_daily":false,"chose_seed":false,"campfire_upgraded":1,"win_rate":0.0,"timestamp":1613506368,"path_taken":["M","M","M","?","?","R","$","?","T","E","M","?","?","E","R","BOSS"],"items_purchased_type":["Card"],"build_version":"2020-12-22","purchased_purges":1,"victory":false,"max_hp_per_floor":[82,82,82,82,82,82,82,88,88,88,88,88,88,93,93,93,93],"relic_stats":{"Darkstone Periapt":0,"counters":[8,40],"Sundial":[2],"obtain_stats":[{"Darkstone Periapt":10,"Sundial":9,"Omamori":12,"Cracked Core":0,"Ancient Tea Set":14,"Akabeko":4,"White Beast Statue":5},{"Darkstone Periapt":4,"Sundial":3,"Omamori":6,"Cracked Core":0,"Ancient Tea Set":7,"Akabeko":3,"White Beast Statue":3},{"Darkstone Periapt":19,"Sundial":11,"Omamori":28,"Cracked Core":0,"Ancient Tea Set":32,"Akabeko":11,"White Beast Statue":11}]},"card_choices":[{"not_picked":["Undo","Cold Snap"],"picked":"Go for the Eyes","floor":1},{"not_picked":["Reinforced Body","Force Field"],"picked":"Go for the Eyes","floor":2},{"not_picked":["Buffer","Skim"],"picked":"Redo","floor":3},{"not_picked":["Cold Snap","Coolheaded"],"picked":"Gash","floor":10},{"not_picked":["Coolheaded","Darkness","Recycle"],"picked":"SKIP","floor":11},{"not_picked":["Leap","Doom and Gloom"],"picked":"Gash","floor":12},{"not_picked":["Hyperbeam","Melter"],"picked":"Buffer","floor":14}],"player_experience":982063,"relics_obtained":[{"floor":9,"key":"Sundial"},{"floor":10,"key":"Darkstone Periapt"},{"floor":12,"key":"Omamori"},{"floor":14,"key":"Ancient Tea Set"}],"event_choices":[{"damage_healed":0,"gold_gain":0,"player_choice":"Box","damage_taken":0,"relics_obtained":["Akabeko"],"max_hp_gain":0,"max_hp_loss":0,"event_name":"Big Fish","floor":4,"gold_loss":0,"cards_obtained":["Regret"]},{"damage_healed":0,"gold_gain":0,"player_choice":"RENOUNCE","damage_taken":41,"max_hp_gain":0,"max_hp_loss":0,"event_name":"betterThird:BetterSerpent","floor":8,"gold_loss":41,"cards_obtained":["Enlightenment"]}],"is_beta":false,"boss_relics":[],"items_purged_floors":[7],"is_endless":false,"potions_floor_spawned":[1,2,10,11,12,14],"killed_by":"Slime Boss","ascension_level":4}}