{"host":"hbvn1mkfq2iixsau","time":1613465750,"event":{"mods":["AchievementEnabler","Act Like it!","BaseMod","Better Altar","Better Match","Better Sensory Stone","Better Skull","Better Third Choice","Colored Map","Minty Spire (QoL Compilation)","Quick Restart","Relic Stats","Shop Mod","StSLib"],"gold_per_floor":[111,90,90,90,90,90,123,123,176,210,61,78,97,130,130,233,233,253,272,322,322,322,350,350,350,350,682,682,715,726,761,761,859,859,869,829,840,739,240,283,283,310,310,310,321,321,361,379,379,379,379,379,47,79,79],"floor_reached":56,"language":"ENG","playtime":3767,"items_purged":["Writhe"],"score":1477,"play_id":"16349485-13de-4fcc-87ee-843f92d54eee","local_time":"20210216105550","is_ascension_mode":true,"campfire_choices":[{"data":"Metamorphosis","floor":6.0,"key":"SMITH"},{"data":"Fire Breathing","floor":8.0,"key":"SMITH"},{"data":"Demon Form","floor":15.0,"key":"SMITH"},{"data":"Corruption","floor":25.0,"key":"SMITH"},{"floor":28.0,"key":"RECALL"},{"data":"Evolve","floor":32.0,"key":"SMITH"},{"floor":41.0,"key":"REST"},{"data":"Dark Embrace","floor":44.0,"key":"SMITH"},{"data":"Impervious","floor":46,"key":"SMITH"},{"floor":49,"key":"REST"},{"data":"Fire Breathing","floor":52,"key":"SMITH"}],"circlet_count":0,"master_deck":["Strike_R+1","Strike_R","Strike_R","Strike_R","Strike_R","Defend_R","Defend_R","Defend_R","Defend_R","Bash+1","Fire Breathing+1","Metamorphosis+1","Burn","Dark Embrace+1","Demon Form+1","Corruption+1","Demon Form","Evolve+1","Impervious+1","Feel No Pain+1","Fire Breathing+1","Master of Strategy","Evolve+1","Fire Breathing+1","Madness","Madness","Sentinel","Fire Breathing+1"],"relics":["Burning Blood","NeowsBlessing","betterThird:SlimedRelic","Centennial Puzzle","Mercury Hourglass","Lantern","MerchantsRug","Oddly Smooth Stone","SlaversCollar","Du-Vu Doll","Meat on the Bone","Turnip","Darkstone Periapt","Black Star","Paper Frog","Art of War","DollysMirror","Self Forming Clay","Ancient Tea Set","Bag of Marbles","Potion Belt","Blue Candle","Vajra","Bronze Scales","StrikeDummy"],"acts_visited":["Exordium","TheCity","TheBeyond","TheEnding"],"potions_floor_usage":[45,50,50,55],"damage_taken":[{"damage":0.0,"enemies":"2 Louse","floor":1.0,"turns":1.0},{"damage":0.0,"enemies":"Gremlin Nob","floor":7.0,"turns":1.0},{"damage":0.0,"enemies":"Lagavulin","floor":10.0,"turns":1.0},{"damage":10.0,"enemies":"Small Slimes","floor":12.0,"turns":3.0},{"damage":1.0,"enemies":"Jaw Worm","floor":13.0,"turns":3.0},{"damage":10.0,"enemies":"3 Sentries","floor":14.0,"turns":4.0},{"damage":31.0,"enemies":"Hexaghost","floor":16.0,"turns":8.0},{"damage":10.0,"enemies":"Spheric Guardian","floor":18.0,"turns":3.0},{"damage":11.0,"enemies":"Shell Parasite","floor":19.0,"turns":4.0},{"damage":22.0,"enemies":"Book of Stabbing","floor":23.0,"turns":4.0},{"damage":29.0,"enemies":"Gremlin Leader","floor":27.0,"turns":6.0},{"damage":32.0,"enemies":"Slavers","floor":29.0,"turns":4.0},{"damage":10.0,"enemies":"Centurion and Healer","floor":30.0,"turns":4.0},{"damage":21.0,"enemies":"Book of Stabbing","floor":31.0,"turns":4.0},{"damage":32.0,"enemies":"Collector","floor":33.0,"turns":5.0},{"damage":25.0,"enemies":"3 Shapes","floor":35.0,"turns":3.0},{"damage":24.0,"enemies":"Orb Walker","floor":37.0,"turns":4.0},{"damage":36.0,"enemies":"Reptomancer","floor":40.0,"turns":6.0},{"damage":18.0,"enemies":"Nemesis","floor":42.0,"turns":3.0},{"damage":22,"enemies":"Transient","floor":45,"turns":5},{"damage":19,"enemies":"Giant Head","floor":47,"turns":6},{"damage":54,"enemies":"Time Eater","floor":50,"turns":5},{"damage":31,"enemies":"Shield and Spear","floor":54,"turns":3},{"damage":44,"enemies":"The Heart","floor":55,"turns":6}],"seed_played":"-8648732100499199122","potions_obtained":[{"floor":12.0,"key":"Fruit Juice"},{"floor":14.0,"key":"FearPotion"},{"floor":16.0,"key":"Strength Potion"},{"floor":27.0,"key":"DistilledChaos"},{"floor":30.0,"key":"Strength Potion"},{"floor":31.0,"key":"DuplicationPotion"},{"floor":40.0,"key":"ColorlessPotion"}],"is_trial":false,"path_per_floor":["M","?","?","?","?","R","E","R","T","E","$","M","M","E","R","B",null,"M","M","?","?","$","E","?","R","T","E","R","E","M","E","R","B",null,"M","?","M","?","$","E","R","E","T","R","M","R","E","?","R","B",null,"R","$","E","B",null],"character_chosen":"IRONCLAD","items_purchased":["MerchantsRug","Art of War","DollysMirror","Master of Strategy","Vajra","DuplicationPotion","DistilledChaos","Sentinel"],"campfire_rested":2,"item_purchase_floors":[11,39,39,39,53,53,53,53],"current_hp_per_floor":[80,69,57,57,57,57,63,63,63,69,69,70,75,71,71,46,85,81,76,76,76,76,60,60,60,60,49,49,35,43,40,40,26,85,66,66,60,60,60,42,67,55,55,55,51,51,50,39,64,28,85,85,85,60,34],"gold":79,"neow_bonus":"THREE_ENEMY_KILL","is_daily":false,"chose_seed":false,"campfire_upgraded":8,"win_rate":0.0,"timestamp":1613465750,"path_taken":["M","?","?","?","?","R","E","R","T","E","?","M","M","E","R","BOSS","M","M","?","?","$","E","?","R","T","E","R","E","M","E","R","BOSS","M","?","M","?","?","E","R","E","T","R","M","R","E","?","R","BOSS","R","$","E","BOSS"],"items_purchased_type":["Relic","Relic","Relic","Card","Relic","Potion","Potion","Card"],"build_version":"2020-12-22","purchased_purges":1,"victory":true,"max_hp_per_floor":[80,80,80,80,80,80,80,80,80,80,80,85,85,85,85,85,85,85,85,85,85,85,85,85,85,85,85,85,85,85,85,85,85,85,85,85,85,85,85,85,85,85,85,85,85,85,85,85,85,85,85,85,85,85,85],"relic_stats":{"Darkstone Periapt":0,"counters":[24,96],"Self Forming Clay":[99],"Blue Candle":[1],"Burning Blood":138,"Mercury Hourglass":[332],"Centennial Puzzle":[63],"Bronze Scales":[42],"Turnip":[5],"Black Star":4,"Art of War":[9],"obtain_stats":[{"Darkstone Periapt":31,"Lantern":10,"CeramicFish":40,"Vajra":53,"Juzu Bracelet":9,"Ancient Tea Set":42,"Burning Blood":0,"Old Coin":27,"Centennial Puzzle":3,"DollysMirror":39,"Paper Frog":38,"Potion Belt":47,"MerchantsRug":11,"NeowsBlessing":0,"Self Forming Clay":40,"Blue Candle":47,"Oddly Smooth Stone":14,"Omamori":23,"Mercury Hourglass":7,"Du-Vu Doll":21,"SlaversCollar":17,"betterThird:SlimedRelic":2,"Bronze Scales":54,"Turnip":29,"Black Star":34,"Art of War":39,"Bag of Marbles":42,"StrikeDummy":54,"Meat on the Bone":26},{"Darkstone Periapt":14,"Lantern":3,"CeramicFish":18,"Vajra":22,"Juzu Bracelet":2,"Ancient Tea Set":19,"Burning Blood":0,"Old Coin":11,"Centennial Puzzle":1,"DollysMirror":17,"Paper Frog":17,"Potion Belt":21,"MerchantsRug":3,"NeowsBlessing":0,"Self Forming Clay":18,"Blue Candle":21,"Oddly Smooth Stone":6,"Omamori":10,"Mercury Hourglass":2,"Du-Vu Doll":9,"SlaversCollar":7,"betterThird:SlimedRelic":1,"Bronze Scales":23,"Turnip":12,"Black Star":15,"Art of War":17,"Bag of Marbles":19,"StrikeDummy":23,"Meat on the Bone":10},{"Darkstone Periapt":50,"Lantern":3,"CeramicFish":68,"Vajra":87,"Juzu Bracelet":2,"Ancient Tea Set":71,"Burning Blood":0,"Old Coin":38,"Centennial Puzzle":1,"DollysMirror":62,"Paper Frog":62,"Potion Belt":82,"MerchantsRug":3,"NeowsBlessing":0,"Self Forming Clay":68,"Blue Candle":82,"Oddly Smooth Stone":13,"Omamori":32,"Mercury Hourglass":2,"Du-Vu Doll":28,"SlaversCollar":21,"betterThird:SlimedRelic":1,"Bronze Scales":90,"Turnip":42,"Black Star":55,"Art of War":62,"Bag of Marbles":71,"StrikeDummy":90,"Meat on the Bone":32}],"Meat on the Bone":132},"card_choices":[{"not_picked":["Headbutt","Cleave"],"picked":"Fire Breathing","floor":1.0},{"not_picked":["Sadistic Nature","Mind Blast"],"picked":"Metamorphosis","floor":4.0},{"not_picked":["Anger","Dropkick","Ghostly Armor"],"picked":"SKIP","floor":7.0},{"not_picked":["Anger","Pommel Strike"],"picked":"Dark Embrace","floor":10.0},{"not_picked":["Clothesline","Perfected Strike","Shrug It Off"],"picked":"SKIP","floor":12.0},{"not_picked":["Headbutt","Burning Pact"],"picked":"Demon Form","floor":13.0},{"not_picked":["Perfected Strike","Body Slam","Entrench"],"picked":"SKIP","floor":14.0},{"not_picked":["Feed","Reaper"],"picked":"Corruption","floor":16.0},{"not_picked":["Flex","Inflame+1","Headbutt"],"picked":"SKIP","floor":18.0},{"not_picked":["Battle Trance","Ghostly Armor","Heavy Blade"],"picked":"SKIP","floor":19.0},{"not_picked":["Thunderclap+1","Dual Wield+1","Battle Trance"],"picked":"SKIP","floor":23.0},{"not_picked":["Ghostly Armor","Rampage"],"picked":"Demon Form","floor":27.0},{"not_picked":["Combust+1","Heavy Blade","Battle Trance+1"],"picked":"SKIP","floor":29.0},{"not_picked":["Perfected Strike","Feel No Pain+1"],"picked":"Evolve","floor":30.0},{"not_picked":["Clash","Twin Strike+1","Ghostly Armor"],"picked":"SKIP","floor":31.0},{"not_picked":["Exhume","Corruption"],"picked":"Impervious","floor":33.0},{"not_picked":["Cleave+1","Rage","Ghostly Armor"],"picked":"SKIP","floor":35.0},{"not_picked":["Perfected Strike+1","Shockwave"],"picked":"Feel No Pain+1","floor":37.0},{"not_picked":["Whirlwind+1","Body Slam"],"picked":"Evolve+1","floor":40.0},{"not_picked":["Anger+1","Sword Boomerang","Havoc"],"picked":"SKIP","floor":42.0},{"not_picked":["Anger+1","Perfected Strike","Warcry"],"picked":"SKIP","floor":45},{"not_picked":["Clash","Ghostly Armor"],"picked":"Fire Breathing","floor":47},{"not_picked":["Offering","Pommel Strike"],"picked":"Fire Breathing+1","floor":54}],"player_experience":255322,"relics_obtained":[{"floor":7.0,"key":"Mercury Hourglass"},{"floor":9.0,"key":"Juzu Bracelet"},{"floor":10.0,"key":"Lantern"},{"floor":14.0,"key":"Oddly Smooth Stone"},{"floor":23.0,"key":"Omamori"},{"floor":26.0,"key":"Meat on the Bone"},{"floor":27.0,"key":"Old Coin"},{"floor":29.0,"key":"Turnip"},{"floor":31.0,"key":"Darkstone Periapt"},{"floor":40.0,"key":"Self Forming Clay"},{"floor":40.0,"key":"CeramicFish"},{"floor":42.0,"key":"Ancient Tea Set"},{"floor":42.0,"key":"Bag of Marbles"},{"floor":47,"key":"Potion Belt"},{"floor":47,"key":"Blue Candle"},{"floor":54,"key":"Bronze Scales"},{"floor":54,"key":"StrikeDummy"}],"event_choices":[{"damage_healed":0.0,"max_hp_gain":0.0,"max_hp_loss":0.0,"gold_gain":0.0,"event_name":"betterThird:BetterGoop","player_choice":"Slimed","floor":2.0,"gold_loss":21.0,"damage_taken":11.0},{"damage_healed":0.0,"max_hp_gain":0.0,"max_hp_loss":0.0,"gold_gain":0.0,"event_name":"betterThird:BetterScrap","player_choice":"Relic ","floor":3.0,"gold_loss":0.0,"damage_taken":12.0,"cards_obtained":["WreathOfFlame"]},{"damage_healed":0.0,"max_hp_gain":0.0,"max_hp_loss":0.0,"gold_gain":1.0,"event_name":"betterStone:BetterStone","player_choice":"1","floor":4.0,"gold_loss":0.0,"damage_taken":0.0},{"damage_healed":57.0,"max_hp_gain":0.0,"max_hp_loss":80.0,"gold_gain":0.0,"event_name":"betterThird:BetterShining","player_choice":"Embrace Burn","floor":5.0,"gold_loss":0.0,"damage_taken":0.0},{"damage_healed":0.0,"max_hp_gain":0.0,"max_hp_loss":0.0,"gold_gain":100.0,"event_name":"The Joust","player_choice":"Bet on Murderer","floor":20.0,"gold_loss":50.0,"damage_taken":0.0},{"damage_healed":0.0,"max_hp_gain":0.0,"max_hp_loss":0.0,"gold_gain":0.0,"event_name":"The Mausoleum","player_choice":"Opened","floor":21.0,"gold_loss":0.0,"damage_taken":0.0,"relics_obtained":["Du-Vu Doll"],"cards_obtained":["Writhe"]},{"damage_healed":0.0,"max_hp_gain":0.0,"max_hp_loss":0.0,"gold_gain":0.0,"event_name":"Vampires","player_choice":"Ignored","floor":24.0,"gold_loss":0.0,"damage_taken":0.0},{"damage_healed":0.0,"max_hp_gain":0.0,"max_hp_loss":0.0,"gold_gain":0.0,"event_name":"Designer","player_choice":"Upgraded Two","floor":36.0,"gold_loss":40.0,"damage_taken":0.0,"cards_upgraded":["Bash","Strike_R"]},{"damage_healed":0.0,"max_hp_gain":0.0,"max_hp_loss":0.0,"gold_gain":0.0,"event_name":"WeMeetAgain","player_choice":"Paid Gold","floor":38.0,"gold_loss":101.0,"damage_taken":0.0,"relics_obtained":["Paper Frog"]},{"damage_healed":0,"gold_gain":0,"player_choice":"Embrace Madness","damage_taken":11,"max_hp_gain":0,"max_hp_loss":0,"event_name":"Winding Halls","floor":48,"gold_loss":0,"cards_obtained":["Madness","Madness"]}],"is_beta":false,"boss_relics":[{"not_picked":["SacredBark","Runic Dome"],"picked":"SlaversCollar"},{"not_picked":["Empty Cage","Sozu"],"picked":"Black Star"}],"items_purged_floors":[53],"is_endless":false,"potions_floor_spawned":[12,14,16,27,30,31,33,35,40],"ascension_level":1}}