{"host":"uv5ws9rdk87e8i5k","time":1613446610,"event":{"mods":["AchievementEnabler","BaseMod","Colored Map","Minty Spire (QoL Compilation)","Permanent Neow","Quick Restart","StSLib","SuperFastMode","The Necromancer"],"gold_per_floor":[119,119,135,153,166,196,196,216,216,10,10,10],"floor_reached":11,"language":"ENG","playtime":195,"items_purged":["Regret"],"score":94,"play_id":"1d971a03-ca80-40b8-8ff4-d161f1b9d198","local_time":"20210215213650","is_ascension_mode":true,"campfire_choices":[{"data":"Defragment","floor":7,"key":"SMITH"}],"circlet_count":0,"master_deck":["Strike_B","Strike_B","Strike_B","Strike_B","Defend_B","Defend_B","Defend_B","Defend_B","Zap","Dualcast","Loop","Conserve Battery","Defragment+1","Coolheaded","Hello World"],"relics":["Cracked Core","Singing Bowl","Blue Candle","Prayer Wheel"],"acts_visited":["Exordium"],"potions_floor_usage":[6,11],"damage_taken":[{"damage":2,"enemies":"Jaw Worm","floor":1,"turns":3},{"damage":1,"enemies":"2 Louse","floor":3,"turns":3},{"damage":9,"enemies":"Small Slimes","floor":4,"turns":4},{"damage":26,"enemies":"3 Louse","floor":5,"turns":5},{"damage":11,"enemies":"Gremlin Nob","floor":6,"turns":3},{"damage":21,"enemies":"Exordium Wildlife","floor":8,"turns":4},{"damage":11,"enemies":"3 Sentries","floor":11,"turns":2}],"seed_played":"8595947939435940265","potions_obtained":[{"floor":3,"key":"PowerPotion"}],"is_trial":false,"path_per_floor":["M","?","M","M","M","E","R","M","T","$","E"],"character_chosen":"DEFECT","items_purchased":["Block Potion","Hello World"],"campfire_rested":0,"item_purchase_floors":[10,10],"current_hp_per_floor":[73,73,74,65,41,30,30,11,11,11,0,0],"gold":10,"neow_bonus":"THREE_CARDS","is_daily":false,"chose_seed":false,"campfire_upgraded":1,"win_rate":0.0,"timestamp":1613446610,"path_taken":["M","?","M","M","M","E","R","M","T","$","E"],"items_purchased_type":["Potion","Card"],"build_version":"2020-12-22","purchased_purges":1,"victory":false,"max_hp_per_floor":[75,75,77,77,79,79,79,81,81,81,81,81],"card_choices":[{"not_picked":["Glacier","Steam"],"picked":"Loop","floor":0},{"not_picked":["Doom and Gloom","Turbo"],"picked":"Conserve Battery","floor":1},{"not_picked":["Compile Driver","Conserve Battery","Darkness"],"picked":"Singing Bowl","floor":3},{"not_picked":["Leap","Ball Lightning"],"picked":"Defragment","floor":4},{"not_picked":["Redo","Conserve Battery","Meteor Strike"],"picked":"Singing Bowl","floor":5},{"not_picked":["Consume","Steam"],"picked":"Coolheaded","floor":6},{"not_picked":["Streamline","Gash","Steam"],"picked":"Singing Bowl","floor":8}],"player_experience":202492,"relics_obtained":[{"floor":6,"key":"Blue Candle"},{"floor":9,"key":"Prayer Wheel"}],"event_choices":[{"damage_healed":0,"gold_gain":0,"player_choice":"Box","damage_taken":0,"relics_obtained":["Singing Bowl"],"max_hp_gain":0,"max_hp_loss":0,"event_name":"Big Fish","floor":2,"gold_loss":0,"cards_obtained":["Regret"]}],"is_beta":false,"boss_relics":[],"items_purged_floors":[10],"is_endless":false,"potions_floor_spawned":[3],"killed_by":"3 Sentries","ascension_level":5}}