{"host":"npxtnt8cx4pm3si6","time":1613440379,"event":{"mods":["BaseMod","Downfall","Hubris","Infinite Spire","Minty Spire (QoL Compilation)","Replay The Spire","StSLib"],"gold_per_floor":[99,99,99,99,115,132,132,166,166,183,62,62,78,104,122,221,221,21,34,19,39,139,139,139,155,173,189,189,218,230,250,264,365,365,365,365,365,365,83,83,106,139,159,193,193,218,218,237,263,263],"floor_reached":51,"language":"ENG","playtime":4269,"items_purged":["Guardian:Strike_Guardian"],"score":802,"play_id":"4c1df24f-178f-4236-96c7-5aee995df363","local_time":"20210215185259","is_ascension_mode":true,"campfire_choices":[{"floor":1,"key":"RECALL"},{"data":"Guardian:Orbwalk","floor":12,"key":"SMITH"},{"data":"Guardian:BodySlam","floor":18,"key":"SMITH"},{"data":"Guardian:TimeCapacitor","floor":23,"key":"SMITH"},{"data":"expansioncontent:DashGenerateEvil","floor":40,"key":"SMITH"},{"data":"Guardian:DecasProtection","floor":45,"key":"SMITH"},{"floor":47,"key":"REST"}],"circlet_count":0,"master_deck":["Guardian:Strike_Guardian","Guardian:Defend_Guardian","Guardian:Defend_Guardian","Guardian:Defend_Guardian","Guardian:CurlUp","Guardian:TwinSlam","Guardian:ShieldCharger","Guardian:Planning","Guardian:TimeCapacitor+1","Guardian:TemporalShield","Guardian:BodySlam+1","Guardian:Orbwalk+1","Guardian:DonusPower+1","Guardian:Planning","Guardian:FierceBash","Guardian:BronzeOrb+1","Guardian:Incinerate","J.A.X.","Guardian:DecasProtection+1","Guardian:FierceBash","Guardian:TemporalStrike","Guardian:TimeCapacitor+1","Guardian:Emergency","expansioncontent:DashGenerateEvil+1","Guardian:Preprogram+1","Guardian:ShieldCharger"],"relics":["Guardian:ModeShifter","downfall:HeartsMalice","Iron Hammer","Omamori","TungstenRod","Letter Opener","Busted Crown","downfall:HeartBlessingRed","downfall:HeartBlessingGreen","MutagenicStrength","Garlic","Frozen Egg 2","Black Star","Oddly Smooth Stone","Meat on the Bone","CeramicFish","hubris:Zylophone","Bag of Preparation"],"acts_visited":["Exordium","TheCity","TheBeyond"],"potions_floor_usage":[15,19,29,33,33,50,50,50],"damage_taken":[{"damage":0,"enemies":"2 Louse","floor":2,"turns":1},{"damage":0,"enemies":"Small Slimes","floor":3,"turns":1},{"damage":0,"enemies":"Cultist","floor":4,"turns":1},{"damage":5,"enemies":"downfall:LooterAlt","floor":5,"turns":5},{"damage":2,"enemies":"2 Fungi Beasts","floor":6,"turns":5},{"damage":29,"enemies":"3 Sentries","floor":8,"turns":15},{"damage":2,"enemies":"3 Louse","floor":10,"turns":4},{"damage":1,"enemies":"downfall:FleeingMerchant","floor":11,"turns":4},{"damage":12,"enemies":"Red Slaver","floor":13,"turns":4},{"damage":0,"enemies":"Lagavulin","floor":14,"turns":6},{"damage":6,"enemies":"Exordium Thugs","floor":15,"turns":4},{"damage":0,"enemies":"SI_SHIV_ARCHETYPE","floor":16,"turns":6},{"damage":0,"enemies":"downfall:LooterAlt2","floor":19,"turns":3},{"damage":0,"enemies":"downfall:FleeingMerchant","floor":20,"turns":4},{"damage":7,"enemies":"3 Byrds","floor":21,"turns":3},{"damage":12,"enemies":"downfall:Augmenter","floor":22,"turns":5},{"damage":0,"enemies":"Shelled Parasite and Fungi","floor":25,"turns":4},{"damage":0,"enemies":"Centurion and Healer","floor":26,"turns":5},{"damage":10,"enemies":"Sentry and Sphere","floor":27,"turns":5},{"damage":6,"enemies":"Slavers","floor":29,"turns":5},{"damage":0,"enemies":"Shelled Parasite and Fungi","floor":30,"turns":4},{"damage":0,"enemies":"Chosen and Byrds","floor":31,"turns":5},{"damage":8,"enemies":"Snake Plant","floor":32,"turns":4},{"damage":7,"enemies":"IC_MUSHROOM_ARCHETYPE","floor":33,"turns":5},{"damage":0,"enemies":"downfall:FleeingMerchant","floor":39,"turns":4},{"damage":26,"enemies":"Nemesis","floor":42,"turns":7},{"damage":0,"enemies":"3 Shapes","floor":43,"turns":5},{"damage":34,"enemies":"Giant Head","floor":44,"turns":8},{"damage":0,"enemies":"3 Darklings","floor":46,"turns":4},{"damage":2,"enemies":"Writhing Mass","floor":48,"turns":7},{"damage":8,"enemies":"4 Shapes","floor":49,"turns":5},{"damage":40,"enemies":"WA_ARCHETYPE_DIVINITY","floor":50,"turns":10}],"seed_played":"6447532084960178869","potions_obtained":[{"floor":5,"key":"PowerPotion"},{"floor":8,"key":"SteroidPotion"},{"floor":10,"key":"PowerPotion"},{"floor":13,"key":"AttackPotion"},{"floor":16,"key":"SkillPotion"},{"floor":21,"key":"EssenceOfSteel"},{"floor":25,"key":"hexamod:SoulburnPotion"},{"floor":30,"key":"BlessingOfTheForge"},{"floor":32,"key":"hexamod:SoulburnPotion"},{"floor":44,"key":"LiquidBronze"},{"floor":46,"key":"champ:CounterPotion"}],"is_trial":false,"path_per_floor":["R","M","M","M","M","M","T","E","?","M","$","R","M","E","M","B",null,"R","M","$","M","?","R","T","M","M","M","?","E","M","M","M","B",null,"R","?","?","?","$","R","T","E","M","E","R","M","R","M","M","B",null],"character_chosen":"GUARDIAN","items_purchased":["Guardian:Orbwalk","Guardian:Gem_Lightblue","expansioncontent:DashGenerateEvil"],"campfire_rested":1,"item_purchase_floors":[11,11,39],"current_hp_per_floor":[80,80,80,80,75,73,73,44,44,42,41,41,29,29,23,23,80,80,80,80,73,61,61,61,61,61,51,51,45,45,45,37,30,80,80,80,80,80,80,80,80,54,54,32,32,44,68,66,58,30],"gold":263,"neow_bonus":"THREE_ENEMY_KILL","is_daily":false,"chose_seed":false,"campfire_upgraded":5,"win_rate":0.0,"timestamp":1613440379,"path_taken":["R","M","M","M","M","M","T","E","?","M","$","R","M","E","M","BOSS","R","M","$","M","?","R","T","M","M","M","?","E","M","?","M","BOSS","R","?","?","?","$","R","T","E","M","E","R","M","R","M","M","BOSS"],"items_purchased_type":["Card","Card","Card"],"build_version":"2020-12-22","purchased_purges":1,"victory":true,"max_hp_per_floor":[80,80,80,80,80,80,80,80,80,80,80,80,80,80,80,80,80,80,80,80,80,80,80,80,80,80,80,80,80,80,80,80,80,80,80,80,80,80,80,80,80,80,80,80,80,80,80,80,80,80],"card_choices":[{"not_picked":["Guardian:ChargeCore","Guardian:Gem_Red"],"picked":"Guardian:ShieldCharger","floor":2},{"not_picked":["Guardian:RollAttack","Guardian:Reroute"],"picked":"Guardian:Planning","floor":3},{"not_picked":["Guardian:RollAttack","Guardian:Harden"],"picked":"Guardian:TimeCapacitor","floor":4},{"not_picked":["Guardian:Harden","Guardian:TimeCapacitor","Guardian:VentSteam"],"picked":"SKIP","floor":5},{"not_picked":["Guardian:PolyBeam","Guardian:ChargeCore"],"picked":"Guardian:Gem_Green","floor":6},{"not_picked":["Guardian:BronzeArmor","Guardian:BaubleBeam"],"picked":"Guardian:TemporalShield","floor":8},{"not_picked":["Guardian:Planning","Guardian:TemporalShield"],"picked":"Guardian:BodySlam","floor":10},{"not_picked":["Guardian:Suspension","Guardian:Planning","Guardian:TemporalStrike"],"picked":"SKIP","floor":11},{"not_picked":["Guardian:Planning","Guardian:Repulse"],"picked":"Guardian:DonusPower","floor":13},{"not_picked":["Guardian:Gem_Synthetic","Guardian:TemporalStrike"],"picked":"Guardian:Planning","floor":14},{"not_picked":["Guardian:Gem_Blue","Guardian:Suspension"],"picked":"Guardian:Gem_White","floor":15},{"not_picked":["Guardian:SphericShield","Guardian:GemFire"],"picked":"Guardian:FierceBash","floor":16},{"not_picked":["Guardian:PrismaticBeam"],"picked":"SKIP","floor":19},{"not_picked":[],"picked":"Guardian:BronzeOrb+1","floor":20},{"not_picked":[],"picked":"Guardian:Incinerate","floor":21},{"not_picked":[],"picked":"J.A.X.","floor":22},{"not_picked":["Guardian:TemporalShield"],"picked":"SKIP","floor":25},{"not_picked":["Guardian:ArmoredProtocol+1"],"picked":"SKIP","floor":26},{"not_picked":["Guardian:ShieldSpikes+1"],"picked":"SKIP","floor":27},{"not_picked":[],"picked":"Guardian:Gem_Lightblue","floor":29},{"not_picked":["Guardian:CrystalBeam"],"picked":"SKIP","floor":30},{"not_picked":["Guardian:PrismaticBeam"],"picked":"SKIP","floor":31},{"not_picked":[],"picked":"Guardian:Gem_Green","floor":32},{"not_picked":[],"picked":"Guardian:FierceBash","floor":33},{"not_picked":[],"picked":"Guardian:Emergency","floor":39},{"not_picked":["Guardian:Repulse+1"],"picked":"SKIP","floor":42},{"not_picked":["Guardian:BronzeArmor+1"],"picked":"SKIP","floor":43},{"not_picked":["Guardian:RollAttack"],"picked":"SKIP","floor":44},{"not_picked":[],"picked":"Guardian:Gem_Yellow","floor":46},{"not_picked":[],"picked":"Guardian:Preprogram+1","floor":48},{"not_picked":[],"picked":"Guardian:ShieldCharger","floor":49}],"player_experience":234967,"relics_obtained":[{"floor":7,"key":"Iron Hammer"},{"floor":8,"key":"Omamori"},{"floor":9,"key":"TungstenRod"},{"floor":14,"key":"Letter Opener"},{"floor":22,"key":"MutagenicStrength"},{"floor":24,"key":"Garlic"},{"floor":29,"key":"Frozen Egg 2"},{"floor":41,"key":"Oddly Smooth Stone"},{"floor":42,"key":"Meat on the Bone"},{"floor":42,"key":"CeramicFish"},{"floor":44,"key":"hubris:Zylophone"},{"floor":44,"key":"Bag of Preparation"}],"event_choices":[],"is_beta":false,"boss_relics":[{"not_picked":["Pandora\u0027s Box","Replay:Bronze Core"],"picked":"Busted Crown"},{"not_picked":["hubris:TerracottaHorce","ReplayTheSpireMod:DimensionalGlitch"],"picked":"Black Star"}],"items_purged_floors":[39],"is_endless":false,"potions_floor_spawned":[5,8,10,13,16,21,22,25,30,31,32,44,46],"ascension_level":1}}