{"host":"hcg1n1zeml53gytb","time":1613518018,"event":{"mods":["BaseMod","Better Third Choice","Colored Powertips","Displayed Cursed Tome","Hermit","Highlight Path","Minty Spire (QoL Compilation)","Quick Restart","Rare Cards Sparkle","Relic Stats","Replay The Spire","StSLib","The Cursed"],"gold_per_floor":[114,114,130,142,142,172,172,224,270,286,310,364,400,41,41,150,150,150],"floor_reached":17,"language":"ENG","playtime":661,"items_purged":[],"score":228,"play_id":"bb69429d-2bfb-42b0-a3d3-2f9ce59f829a","local_time":"20210216172658","is_ascension_mode":true,"campfire_choices":[{"data":"Offering","floor":7.0,"key":"SMITH"},{"data":"Bash","floor":15.0,"key":"SMITH"}],"circlet_count":0,"master_deck":["Strike_R","Strike_R","Strike_R","Strike_R","Defend_R","Defend_R","Defend_R+1","Defend_R","Bash+1","Battle Trance","Run Through","Flex","Offering+1","Thunderclap","Shrug It Off","Sword Boomerang","Inflame","Whirlwind","Feed"],"relics":["Burning Blood","MealTicket","Vajra","Replay:Bandana","Unceasing Top","Shuriken","Fusion Hammer"],"acts_visited":["Exordium","TheCity"],"potions_floor_usage":[],"damage_taken":[{"damage":0.0,"enemies":"2 Louse","floor":1.0,"turns":3.0},{"damage":5.0,"enemies":"Small Slimes","floor":3.0,"turns":4.0},{"damage":3.0,"enemies":"Jaw Worm","floor":4.0,"turns":3.0},{"damage":34.0,"enemies":"Lagavulin","floor":6.0,"turns":4.0},{"damage":6.0,"enemies":"Red Slaver","floor":10.0,"turns":1.0},{"damage":1.0,"enemies":"Exordium Wildlife","floor":11.0,"turns":3.0},{"damage":22.0,"enemies":"3 Sentries","floor":12.0,"turns":6.0},{"damage":10.0,"enemies":"Lots of Slimes","floor":13.0,"turns":4.0},{"damage":0.0,"enemies":"Slime Boss","floor":16.0,"turns":6.0}],"seed_played":"-7714093110076281125","potions_obtained":[{"floor":10.0,"key":"BloodPotion"},{"floor":11.0,"key":"LifebloodPotion"},{"floor":12.0,"key":"ColorlessPotion"},{"floor":13.0,"key":"Weak Potion"},{"floor":16.0,"key":"Weak Potion"}],"is_trial":false,"path_per_floor":["M","?","M","M","?","E","R","T","T","M","M","E","M","$","R","B",null],"character_chosen":"IRONCLAD","items_purchased":["Shuriken","Inflame","Whirlwind"],"campfire_rested":0,"item_purchase_floors":[14,14,14],"current_hp_per_floor":[80,80,80,80,73,45,45,45,45,45,50,34,30,45,45,51,80,80],"gold":150,"neow_bonus":"THREE_CARDS","is_daily":false,"chose_seed":false,"campfire_upgraded":2,"win_rate":0.0,"timestamp":1613518018,"path_taken":["M","?","M","M","?","E","R","?","T","M","M","E","M","$","R","BOSS"],"items_purchased_type":["Relic","Card","Card"],"build_version":"2020-12-22","purchased_purges":0,"victory":false,"max_hp_per_floor":[80,80,80,80,80,80,80,80,80,80,80,80,80,80,80,80,80,80],"relic_stats":{"counters":[9,34],"Shuriken":[1],"MealTicket":15,"obtain_stats":[{"Replay:Bandana":9,"Shuriken":14,"Vajra":8,"MealTicket":6,"Fusion Hammer":17,"Burning Blood":0,"Unceasing Top":12},{"Replay:Bandana":4,"Shuriken":8,"Vajra":4,"MealTicket":4,"Fusion Hammer":9,"Burning Blood":0,"Unceasing Top":7},{"Replay:Bandana":14,"Shuriken":28,"Vajra":14,"MealTicket":14,"Fusion Hammer":34,"Burning Blood":0,"Unceasing Top":24}],"Burning Blood":44,"Unceasing Top":[0]},"card_choices":[{"not_picked":["Ghostly Armor","Blood for Blood"],"picked":"Battle Trance","floor":0.0},{"not_picked":["Iron Wave","Clothesline"],"picked":"Run Through","floor":1.0},{"not_picked":["Havoc","Sentinel"],"picked":"Flex","floor":3.0},{"not_picked":["Thunderclap","Headbutt"],"picked":"Offering","floor":4.0},{"not_picked":["Second Wind","Hemogenesis"],"picked":"Thunderclap","floor":6.0},{"not_picked":["Iron Wave","Rampage"],"picked":"Shrug It Off","floor":10.0},{"not_picked":["Pommel Strike","Iron Wave","Flex"],"picked":"SKIP","floor":11.0},{"not_picked":["Cleave","ReplayTheSpireMod:Strike From Hell"],"picked":"Sword Boomerang","floor":12.0},{"not_picked":["Demonic Infusion","Hemokinesis","Perfected Strike"],"picked":"SKIP","floor":13.0},{"not_picked":["Juggernaut","Double Tap"],"picked":"Feed","floor":16.0}],"player_experience":515770,"relics_obtained":[{"floor":6.0,"key":"MealTicket"},{"floor":8.0,"key":"Vajra"},{"floor":9.0,"key":"Replay:Bandana"},{"floor":12.0,"key":"Unceasing Top"}],"event_choices":[{"cards_removed":["Strike_R"],"damage_healed":0.0,"max_hp_gain":0.0,"max_hp_loss":0.0,"gold_gain":0.0,"event_name":"Golden Wing","player_choice":"Card Removal","floor":5.0,"gold_loss":0.0,"damage_taken":7.0}],"is_beta":false,"boss_relics":[{"not_picked":["Empty Cage","Runic Cube"],"picked":"Fusion Hammer"}],"items_purged_floors":[],"is_endless":false,"potions_floor_spawned":[10,11,12,13,16],"ascension_level":1}}