{"host":"g7sxcfouz24f0psv","time":1613435461,"event":{"mods":["BaseMod","Hermit","Minty Spire (QoL Compilation)","StSLib","The Cursed"],"gold_per_floor":[110,121,121,121,140,174,198,198,225,243,40,76,92,135,135,260,260,283,43,67,67,90,124,149,149,173,186,21,21,21,21,21,140,140,158,177,177,201,227,261,286,304,373,389,389,11,11,11,11,11,11,11,11,42,42,42],"floor_reached":55,"language":"ENG","playtime":6273,"items_purged":["TheCursedMod:Strike_TheCursed","TheCursedMod:Strike_TheCursed","TheCursedMod:DemonSword"],"score":864,"play_id":"6ac9cc75-889e-4e23-9f33-7d39052598e2","local_time":"20210216013101","is_ascension_mode":false,"campfire_choices":[{"data":"TheCursedMod:HellfireBreathing","floor":8,"key":"SMITH"},{"data":"TheCursedMod:SpitefulPlan","floor":15,"key":"SMITH"},{"data":"TheCursedMod:DemonicPact","floor":25,"key":"SMITH"},{"data":"TheCursedMod:CleanUpWorkshop","floor":32,"key":"SMITH"},{"floor":47,"key":"RECALL"},{"floor":49,"key":"REST"},{"data":"Ghostly","floor":52,"key":"SMITH"}],"circlet_count":0,"master_deck":["TheCursedMod:Defend_TheCursed","TheCursedMod:Defend_TheCursed","TheCursedMod:Defend_TheCursed","TheCursedMod:CursedWand","TheCursedMod:CleanUpWorkshop+1","TheCursedMod:Dregs","TheCursedMod:CursedAmulet","TheCursedMod:Obscuration","Injury","TheCursedMod:VitalStrike","TheCursedMod:HellfireBreathing+1","TheCursedMod:CircleOfCorruption","TheCursedMod:RapidMovement","TheCursedMod:Mangle","Good Instincts","TheCursedMod:CursedBlade","TheCursedMod:SpitefulPlan+1","TheCursedMod:CursedStaff","TheCursedMod:DemonicPact+1","CurseOfTheBell","TheCursedMod:HellfireBreathing+1","TheCursedMod:SurpriseAttack","TheCursedMod:LuckyCharm","TheCursedMod:Obscuration","TheCursedMod:FleshFromBone","Ghostly","Ghostly","Ghostly","Ghostly","Ghostly+1","TheCursedMod:Wield+1","TheCursedMod:TroublousMinions","TheCursedMod:TacticalStrike+1","TheCursedMod:BlessingInDisguise","TheCursedMod:CursedShiv","Blind","TheCursedMod:Stigma","TheCursedMod:SpitefulStrike","TheCursedMod:CursedRelics","TheCursedMod:CircleOfCorruption+1","TheCursedMod:RapidMovement+1","Writhe","TheCursedMod:CursedRelics","TheCursedMod:CursedBoomerang","TheCursedMod:CursedAmulet","TheCursedMod:SurpriseAttack+1","TheCursedMod:NeowsMight+1","TheCursedMod:CursedAmulet+1","TheCursedMod:SpitefulPlan","TheCursedMod:CircleOfCorruption+1"],"relics":["TheCursedMod:BlackMagic101","Golden Idol","TheCursedMod:Tack","Tiny Chest","MealTicket","Ornamental Fan","Peace Pipe","Calling Bell","Pen Nib","TheCursedMod:BloodyHarpoon","Lizard Tail","Bottled Lightning","Vajra","Mercury Hourglass","Sozu","Calipers","Toxic Egg 2","Bag of Preparation","InkBottle"],"acts_visited":["Exordium","TheCity","TheBeyond","TheEnding"],"potions_floor_usage":[12,14,16,33,50,54],"damage_taken":[{"damage":0,"enemies":"2 Louse","floor":1,"turns":3},{"damage":2,"enemies":"Small Slimes","floor":2,"turns":5},{"damage":5,"enemies":"Jaw Worm","floor":5,"turns":4},{"damage":11,"enemies":"Gremlin Nob","floor":6,"turns":5},{"damage":8,"enemies":"Lots of Slimes","floor":7,"turns":3},{"damage":2,"enemies":"Large Slime","floor":10,"turns":6},{"damage":16,"enemies":"3 Sentries","floor":12,"turns":8},{"damage":0,"enemies":"Blue Slaver","floor":13,"turns":2},{"damage":0,"enemies":"Gremlin Nob","floor":14,"turns":4},{"damage":13,"enemies":"The Guardian","floor":16,"turns":9},{"damage":2,"enemies":"2 Thieves","floor":18,"turns":4},{"damage":6,"enemies":"Spheric Guardian","floor":20,"turns":3},{"damage":16,"enemies":"Cultist and Chosen","floor":22,"turns":8},{"damage":1,"enemies":"Gremlin Leader","floor":23,"turns":7},{"damage":1,"enemies":"Centurion and Healer","floor":24,"turns":7},{"damage":0,"enemies":"Shelled Parasite and Fungi","floor":27,"turns":4},{"damage":11,"enemies":"Automaton","floor":33,"turns":13},{"damage":4,"enemies":"3 Shapes","floor":35,"turns":5},{"damage":0,"enemies":"Orb Walker","floor":36,"turns":2},{"damage":0,"enemies":"Sphere and 2 Shapes","floor":38,"turns":5},{"damage":16,"enemies":"Nemesis","floor":40,"turns":9},{"damage":8,"enemies":"3 Darklings","floor":41,"turns":3},{"damage":0,"enemies":"Maw","floor":42,"turns":7},{"damage":9,"enemies":"4 Shapes","floor":44,"turns":4},{"damage":1,"enemies":"Awakened One","floor":50,"turns":12},{"damage":27,"enemies":"Shield and Spear","floor":54,"turns":7},{"damage":37,"enemies":"The Heart","floor":55,"turns":11}],"seed_played":"-5092791192178106691","potions_obtained":[{"floor":6,"key":"SneckoOil"},{"floor":7,"key":"DuplicationPotion"},{"floor":10,"key":"DuplicationPotion"},{"floor":12,"key":"LiquidBronze"},{"floor":23,"key":"DistilledChaos"},{"floor":24,"key":"ColorlessPotion"},{"floor":27,"key":"BlessingOfTheForge"}],"is_trial":false,"path_per_floor":["M","M","?","?","M","E","M","R","T","M","$","E","M","E","R","B",null,"M","$","M","?","M","E","M","R","T","M","$","T","?","?","R","B",null,"M","M","?","M","T","E","M","M","T","M","?","$","R","T","R","B",null,"R","$","E","B"],"character_chosen":"THE_CURSED","items_purchased":["TheCursedMod:Mangle","Good Instincts","TheCursedMod:SurpriseAttack","TheCursedMod:LuckyCharm","TheCursedMod:Obscuration","TheCursedMod:CursedShiv","Blind","TheCursedMod:Stigma","TheCursedMod:NeowsMight+1","TheCursedMod:CursedAmulet+1","TheCursedMod:SpitefulPlan"],"campfire_rested":1,"item_purchase_floors":[11,11,19,19,19,28,28,28,46,46,46],"current_hp_per_floor":[82,80,80,77,72,61,53,53,53,51,66,50,50,50,50,37,82,80,82,76,41,25,24,23,23,23,23,38,38,38,38,38,27,41,37,37,41,41,41,25,17,17,17,8,8,23,23,23,35,34,41,41,41,14,0,0],"gold":42,"neow_bonus":"TEN_PERCENT_HP_BONUS","is_daily":false,"chose_seed":false,"campfire_upgraded":5,"win_rate":0.0,"timestamp":1613435461,"path_taken":["M","M","?","?","M","E","M","R","T","M","?","E","M","E","R","BOSS","M","?","M","?","M","E","M","R","T","M","$","?","?","?","R","BOSS","M","M","?","M","?","E","M","?","T","M","?","?","R","?","R","BOSS","R","$","E","BOSS"],"items_purchased_type":["Card","Card","Card","Card","Card","Card","Card","Card","Card","Card","Card"],"build_version":"2020-12-22","purchased_purges":3,"victory":false,"max_hp_per_floor":[82,82,82,82,82,82,82,82,82,82,82,82,82,82,82,82,82,82,82,82,41,41,41,41,41,41,41,41,41,41,41,41,41,41,41,41,41,41,41,41,41,41,41,41,41,41,41,41,41,41,41,41,41,41,41,41],"card_choices":[{"not_picked":["TheCursedMod:WearCloak","TheCursedMod:RavingStaff"],"picked":"TheCursedMod:CursedAmulet","floor":1},{"not_picked":["TheCursedMod:CircleOfFlame","TheCursedMod:Evocation"],"picked":"TheCursedMod:Obscuration","floor":2},{"not_picked":["TheCursedMod:Evocation","TheCursedMod:CircleOfBlood"],"picked":"TheCursedMod:VitalStrike","floor":5},{"not_picked":["TheCursedMod:VitalStrike","TheCursedMod:ParallelWorld"],"picked":"TheCursedMod:HellfireBreathing","floor":6},{"not_picked":["TheCursedMod:Torture","TheCursedMod:TacticalStrike"],"picked":"TheCursedMod:CircleOfCorruption","floor":7},{"not_picked":["TheCursedMod:VitalStrike","TheCursedMod:AbyssShockwave"],"picked":"TheCursedMod:RapidMovement","floor":10},{"not_picked":["TheCursedMod:Mangle","TheCursedMod:CursedAmulet"],"picked":"TheCursedMod:CursedBlade","floor":12},{"not_picked":["TheCursedMod:CircleOfCorruption","TheCursedMod:CircleOfFocus"],"picked":"TheCursedMod:SpitefulPlan","floor":13},{"not_picked":["TheCursedMod:AshesToAshes","TheCursedMod:ForbiddenAlchemy"],"picked":"TheCursedMod:CursedStaff","floor":14},{"not_picked":["TheCursedMod:ManaCirculation","TheCursedMod:Neurasthenia"],"picked":"TheCursedMod:DemonicPact","floor":16},{"not_picked":["TheCursedMod:Evocation+1","TheCursedMod:AshesToAshes"],"picked":"TheCursedMod:HellfireBreathing+1","floor":18},{"not_picked":["TheCursedMod:CursedStaff","TheCursedMod:UltimatePain"],"picked":"TheCursedMod:FleshFromBone","floor":20},{"not_picked":["TheCursedMod:AbyssShockwave","TheCursedMod:Stigma"],"picked":"TheCursedMod:Wield+1","floor":22},{"not_picked":["TheCursedMod:RavingStaff","TheCursedMod:Evocation+1"],"picked":"TheCursedMod:TroublousMinions","floor":23},{"not_picked":["TheCursedMod:CursedBlade","TheCursedMod:CircleOfWindfury"],"picked":"TheCursedMod:TacticalStrike+1","floor":24},{"not_picked":["TheCursedMod:TacticalStrike","TheCursedMod:CursedStaff+1"],"picked":"TheCursedMod:BlessingInDisguise","floor":27},{"not_picked":["TheCursedMod:ManaCirculation","TheCursedMod:DemonSword"],"picked":"TheCursedMod:CursedRelics","floor":33},{"not_picked":["TheCursedMod:RavingStaff","TheCursedMod:FleshFromBone+1"],"picked":"TheCursedMod:CircleOfCorruption+1","floor":35},{"not_picked":["TheCursedMod:BlessingInDisguise+1","TheCursedMod:ReleasedStrength+1"],"picked":"TheCursedMod:RapidMovement+1","floor":36},{"not_picked":["TheCursedMod:FuryStrike+1","TheCursedMod:SpreadPlague+1","TheCursedMod:StunningStrike"],"picked":"SKIP","floor":38},{"not_picked":["TheCursedMod:DarkBarrier","TheCursedMod:ReleasedStrength+1"],"picked":"TheCursedMod:CursedRelics","floor":40},{"not_picked":["TheCursedMod:StingEye","TheCursedMod:TacticalStrike+1"],"picked":"TheCursedMod:CursedBoomerang","floor":41},{"not_picked":["TheCursedMod:Torture","TheCursedMod:VitalStrike+1"],"picked":"TheCursedMod:CursedAmulet","floor":42},{"not_picked":["TheCursedMod:Obscuration+1","TheCursedMod:SmokeScreen+1"],"picked":"TheCursedMod:SurpriseAttack+1","floor":44},{"not_picked":["TheCursedMod:SpreadPlague+1","TheCursedMod:Neurasthenia+1"],"picked":"TheCursedMod:CircleOfCorruption+1","floor":54}],"player_experience":36126,"relics_obtained":[{"floor":6,"key":"Tiny Chest"},{"floor":9,"key":"MealTicket"},{"floor":12,"key":"Ornamental Fan"},{"floor":14,"key":"Peace Pipe"},{"floor":17,"key":"Pen Nib"},{"floor":17,"key":"TheCursedMod:BloodyHarpoon"},{"floor":17,"key":"Lizard Tail"},{"floor":23,"key":"Bottled Lightning"},{"floor":26,"key":"Vajra"},{"floor":29,"key":"Mercury Hourglass"},{"floor":40,"key":"Calipers"},{"floor":43,"key":"Toxic Egg 2"},{"floor":48,"key":"Bag of Preparation"},{"floor":54,"key":"InkBottle"}],"event_choices":[{"damage_healed":0,"gold_gain":0,"player_choice":"Take Wound","damage_taken":0,"relics_obtained":["Golden Idol"],"max_hp_gain":0,"max_hp_loss":0,"event_name":"Golden Idol","floor":3,"gold_loss":0,"cards_obtained":["Injury"]},{"damage_healed":0,"gold_gain":0,"player_choice":"Success","damage_taken":3,"relics_obtained":["TheCursedMod:Tack"],"max_hp_gain":0,"max_hp_loss":0,"event_name":"Scrap Ooze","floor":4,"gold_loss":0},{"damage_healed":0,"gold_gain":0,"player_choice":"Became a Ghost","damage_taken":0,"max_hp_gain":0,"max_hp_loss":41,"event_name":"Ghosts","floor":21,"gold_loss":0,"cards_obtained":["Ghostly","Ghostly","Ghostly","Ghostly","Ghostly"]},{"damage_healed":0,"gold_gain":0,"cards_transformed":["TheCursedMod:Defend_TheCursed","TheCursedMod:Strike_TheCursed"],"player_choice":"Became Test Subject","damage_taken":0,"max_hp_gain":0,"max_hp_loss":0,"event_name":"Drug Dealer","floor":30,"gold_loss":0,"cards_obtained":["TheCursedMod:DemonSword","TheCursedMod:SpitefulStrike"]},{"damage_healed":0,"gold_gain":0,"player_choice":"Ignored","damage_taken":0,"max_hp_gain":0,"max_hp_loss":0,"event_name":"Vampires","floor":31,"gold_loss":0},{"damage_healed":10,"gold_gain":0,"player_choice":"Writhe","damage_taken":0,"max_hp_gain":0,"max_hp_loss":0,"event_name":"Winding Halls","floor":37,"gold_loss":0,"cards_obtained":["Writhe"]},{"cards_removed":["TheCursedMod:Strike_TheCursed"],"damage_healed":0,"gold_gain":0,"player_choice":"Purged","damage_taken":0,"max_hp_gain":0,"max_hp_loss":0,"event_name":"Purifier","floor":45,"gold_loss":0}],"is_beta":false,"boss_relics":[{"not_picked":["Astrolabe","Ectoplasm"],"picked":"Calling Bell"},{"not_picked":["Runic Dome","TheCursedMod:FourLeafCloverCharm"],"picked":"Sozu"}],"items_purged_floors":[11,19,46],"is_endless":false,"potions_floor_spawned":[6,7,10,12,23,24,27,35,36,40,42],"killed_by":"The Heart","ascension_level":0}}