{"host":"w01zow3jg16g8jdh","time":1613483342,"event":{"mods":["2.2 Compatiblity","AchievementEnabler","BaseMod","DeckTracker","Hermit","Keyboard Shortcuts","Marisa£¨Ùöéë¡¡Øª×âÞÞ£©","Minty Spire (QoL Compilation)","Permanent Neow","StSLib","SuperFastMode"],"gold_per_floor":[110,123,123,123,48,48,83,96,119,129,143,143,43,75,75,75,75],"floor_reached":16,"language":"KOR","playtime":301,"items_purged":["Defend_MRS","Strike_MRS"],"score":193,"play_id":"84cab344-3a01-456f-b73c-78783a466d3e","local_time":"20210216224902","is_ascension_mode":true,"campfire_choices":[{"floor":6,"key":"REST"},{"data":"MagicChant","floor":15,"key":"SMITH"}],"circlet_count":0,"master_deck":["AscendersBane","Strike_MRS","Strike_MRS","Defend_MRS","Defend_MRS","MasterSpark","UpSweep","MagicChant+1","SporeBomb","GrandCross","GrandCross"],"relics":["MiniHakkero","Ancient Tea Set","Eternal Feather","Centennial Puzzle","Anchor"],"acts_visited":["Exordium"],"potions_floor_usage":[7,16],"damage_taken":[{"damage":5,"enemies":"Small Slimes","floor":1,"turns":2},{"damage":2,"enemies":"2 Louse","floor":2,"turns":2},{"damage":16,"enemies":"Lagavulin","floor":7,"turns":6},{"damage":2,"enemies":"Jaw Worm","floor":8,"turns":4},{"damage":11,"enemies":"Looter","floor":10,"turns":2},{"damage":23,"enemies":"3 Louse","floor":11,"turns":2},{"damage":10,"enemies":"3 Sentries","floor":14,"turns":4},{"damage":53,"enemies":"The Guardian","floor":16,"turns":12}],"seed_played":"-2100637835489903993","potions_obtained":[{"floor":1,"key":"ColorlessPotion"},{"floor":7,"key":"SpeedPotion"},{"floor":10,"key":"Strength Potion"}],"is_trial":false,"path_per_floor":["M","M","?","?","$","R","E","M","T","M","M","?","$","E","R","B"],"character_chosen":"MARISA","items_purchased":[],"campfire_rested":1,"item_purchase_floors":[],"current_hp_per_floor":[40,38,12,12,12,33,17,15,15,4,31,54,54,44,50,0,0],"gold":75,"neow_bonus":"REMOVE_TWO","is_daily":false,"chose_seed":false,"campfire_upgraded":1,"win_rate":0.0,"timestamp":1613483342,"path_taken":["M","M","?","?","?","R","E","M","T","M","M","?","?","E","R","BOSS"],"items_purchased_type":[],"build_version":"2020-12-22","purchased_purges":2,"victory":false,"max_hp_per_floor":[70,70,70,70,70,70,70,70,70,70,70,70,70,70,70,70,70],"card_choices":[{"not_picked":["ShootTheMoon","MeteoricShower"],"picked":"MagicChant","floor":1},{"not_picked":["IllusionStar","PowerUp","ManaConvection"],"picked":"SKIP","floor":2},{"not_picked":["DoubleSpark","Acceleration"],"picked":"SporeBomb","floor":7},{"not_picked":["StarBarrage","WitchOfGreed"],"picked":"GrandCross","floor":8},{"not_picked":["OrrerysSun","DoubleSpark"],"picked":"GrandCross","floor":10},{"not_picked":["DoubleSpark","BigCrunch","IllusionStar"],"picked":"SKIP","floor":11},{"not_picked":["6A","OrrerysSun","SporeBomb"],"picked":"SKIP","floor":14}],"player_experience":395028,"relics_obtained":[{"floor":7,"key":"Eternal Feather"},{"floor":9,"key":"Centennial Puzzle"},{"floor":14,"key":"Anchor"}],"event_choices":[{"damage_healed":0,"gold_gain":0,"player_choice":"Success","damage_taken":26,"relics_obtained":["Ancient Tea Set"],"max_hp_gain":0,"max_hp_loss":0,"event_name":"Scrap Ooze","floor":3,"gold_loss":0},{"damage_healed":0,"gold_gain":0,"player_choice":"Ignored","damage_taken":0,"max_hp_gain":0,"max_hp_loss":0,"event_name":"Shining Light","floor":4,"gold_loss":0},{"damage_healed":23,"gold_gain":0,"player_choice":"Banana","damage_taken":0,"max_hp_gain":0,"max_hp_loss":0,"event_name":"Big Fish","floor":12,"gold_loss":0}],"is_beta":false,"boss_relics":[],"items_purged_floors":[5,13],"is_endless":false,"potions_floor_spawned":[1,7,10],"killed_by":"The Guardian","ascension_level":15}}