{"host":"yhipfp2q5jnlph7f","time":1613471981,"event":{"mods":["BaseMod","Minty Spire (QoL Compilation)","Quick Restart"],"gold_per_floor":[115,115,115,127,52,79,29,60,86,117,130,130,157,174,174,275,275,287,287,212,16,16,16],"floor_reached":22,"language":"JPN","playtime":1244,"items_purged":["Defend_P","DeusExMachina"],"score":270,"play_id":"92ff02cc-33d4-42e5-a451-d65dc77d9fa9","local_time":"20210216193941","is_ascension_mode":true,"campfire_choices":[{"data":"Vigilance","floor":12.0,"key":"SMITH"},{"data":"Eruption","floor":15.0,"key":"SMITH"}],"circlet_count":0,"master_deck":["Strike_P","Strike_P","Strike_P","Defend_P","Defend_P","Defend_P","Eruption+1","Vigilance+1","Vengeance","Fasting2","EmptyFist","Prostrate"],"relics":["PureWater","NeowsBlessing","Orichalcum","TungstenRod","Smiling Mask","PreservedInsect","Damaru","Juzu Bracelet","Sozu","MealTicket","Toolbox"],"acts_visited":["Exordium","TheCity"],"potions_floor_usage":[16],"damage_taken":[{"damage":0.0,"enemies":"2 Louse","floor":1.0,"turns":1.0},{"damage":0.0,"enemies":"Jaw Worm","floor":4.0,"turns":1.0},{"damage":0.0,"enemies":"Gremlin Nob","floor":6.0,"turns":1.0},{"damage":41.0,"enemies":"Lagavulin","floor":8.0,"turns":7.0},{"damage":6.0,"enemies":"Gremlin Nob","floor":10.0,"turns":3.0},{"damage":0.0,"enemies":"Small Slimes","floor":11.0,"turns":3.0},{"damage":2.0,"enemies":"3 Sentries","floor":13.0,"turns":6.0},{"damage":0.0,"enemies":"Blue Slaver","floor":14.0,"turns":5.0},{"damage":14,"enemies":"The Guardian","floor":16,"turns":7},{"damage":10,"enemies":"3 Byrds","floor":18,"turns":6},{"damage":0,"enemies":"Shell Parasite","floor":22,"turns":2}],"seed_played":"3774263315241639724","potions_obtained":[{"floor":8.0,"key":"BottledMiracle"},{"floor":10.0,"key":"EssenceOfSteel"},{"floor":13.0,"key":"FearPotion"},{"floor":14.0,"key":"Explosive Potion"}],"is_trial":false,"path_per_floor":["M","?","?","M","$","E","$","E","T","E","M","R","E","M","R","B",null,"M","?","?","$","M"],"character_chosen":"WATCHER","items_purchased":["EmptyFist","Toolbox"],"campfire_rested":0,"item_purchase_floors":[7,21],"current_hp_per_floor":[72,72,69,69,69,69,69,28,28,22,22,22,20,20,20,6,72,62,62,62,72,72,72],"gold":16,"neow_bonus":"THREE_ENEMY_KILL","is_daily":false,"chose_seed":false,"campfire_upgraded":2,"win_rate":0.0,"timestamp":1613471981,"path_taken":["M","?","?","M","$","E","?","E","T","E","M","R","E","M","R","BOSS","M","?","?","?","M"],"items_purchased_type":["Card","Relic"],"build_version":"2020-12-22","purchased_purges":2,"victory":false,"max_hp_per_floor":[72,72,72,72,72,72,72,72,72,72,72,72,72,72,72,72,72,72,72,72,72,72,72],"card_choices":[{"not_picked":["EmptyBody","Evaluate"],"picked":"Vengeance","floor":1.0},{"not_picked":["LikeWater","Protect","WaveOfTheHand"],"picked":"SKIP","floor":4.0},{"not_picked":["CutThroughFate","JustLucky","Vengeance"],"picked":"SKIP","floor":6.0},{"not_picked":["WheelKick","Protect","Conclude"],"picked":"SKIP","floor":8.0},{"not_picked":["CutThroughFate","MentalFortress","WaveOfTheHand"],"picked":"SKIP","floor":10.0},{"not_picked":["Halt","Crescendo","CutThroughFate"],"picked":"SKIP","floor":11.0},{"not_picked":["Consecrate","ForeignInfluence","FlyingSleeves"],"picked":"SKIP","floor":13.0},{"not_picked":["Alpha","ThirdEye"],"picked":"Prostrate","floor":14.0},{"not_picked":["Scrawl","Vault"],"picked":"DeusExMachina","floor":16},{"not_picked":["PathToVictory+1","CutThroughFate","CrushJoints+1"],"picked":"SKIP","floor":18}],"player_experience":1908400,"relics_obtained":[{"floor":6.0,"key":"TungstenRod"},{"floor":8.0,"key":"Smiling Mask"},{"floor":9.0,"key":"PreservedInsect"},{"floor":10.0,"key":"Damaru"},{"floor":13.0,"key":"Juzu Bracelet"}],"event_choices":[{"damage_healed":0.0,"max_hp_gain":0.0,"max_hp_loss":0.0,"gold_gain":0.0,"cards_transformed":["Strike_P"],"event_name":"Living Wall","player_choice":"Change","floor":2.0,"gold_loss":0.0,"damage_taken":0.0,"cards_obtained":["Fasting2"]},{"damage_healed":0.0,"max_hp_gain":0.0,"max_hp_loss":0.0,"gold_gain":0.0,"event_name":"Scrap Ooze","player_choice":"Success","floor":3.0,"gold_loss":0.0,"damage_taken":3.0,"relics_obtained":["Orichalcum"]},{"damage_healed":0,"gold_gain":0,"player_choice":"Opened","damage_taken":0,"relics_obtained":["MealTicket"],"max_hp_gain":0,"max_hp_loss":0,"event_name":"The Mausoleum","floor":19,"gold_loss":0,"cards_obtained":["Writhe"]},{"cards_removed":["Writhe"],"damage_healed":0,"gold_gain":0,"player_choice":"Gave Gold","damage_taken":0,"max_hp_gain":0,"max_hp_loss":0,"event_name":"Beggar","floor":20,"gold_loss":75}],"is_beta":false,"boss_relics":[{"not_picked":["Philosopher\u0027s Stone","Fusion Hammer"],"picked":"Sozu"}],"items_purged_floors":[5,21],"is_endless":false,"potions_floor_spawned":[8,10,13,14],"killed_by":"Shell Parasite","ascension_level":3}}