{"host":"ydg0vn0pu4pubmdt","time":1613485436,"event":{"mods":["AchievementEnabler","BaseMod","Colored Map","Minty Spire (QoL Compilation)","Quick Restart","SuperFastMode"],"gold_per_floor":[112,126,51,63,74,99,99,110,133,133,148,162,187,0,0,78,78,93,93,107,107,117,117,134,159,182,57,107,126,145,161,161,238,238,248,90,90,105,105,130,141,172,195,195,214,249,249,269,269,269,269],"floor_reached":50,"language":"KOR","playtime":20336,"items_purged":["Strike_G","Strike_G","Defend_G"],"score":1236,"play_id":"4ca5bcc8-6a47-43eb-ba12-7f4778310895","local_time":"20210216232356","is_ascension_mode":true,"campfire_choices":[{"data":"Tools of the Trade","floor":7.0,"key":"SMITH"},{"data":"Wraith Form v2","floor":10.0,"key":"SMITH"},{"data":"Neutralize","floor":15.0,"key":"SMITH"},{"floor":23.0,"key":"REST"},{"floor":32.0,"key":"REST"},{"floor":44.0,"key":"REST"},{"floor":49.0,"key":"RECALL"}],"circlet_count":0,"master_deck":["AscendersBane","Strike_G","Strike_G","Defend_G","Defend_G","Defend_G","Defend_G","Survivor","Neutralize+1","Tools of the Trade+1","Blade Dance","Poisoned Stab","Wraith Form v2+1","Crippling Poison","Blade Dance","Adrenaline","Blade Dance","Terror","After Image","Adrenaline","Cloak And Dagger","Escape Plan","Backflip+1","Backstab+1","Envenom","Blur","Prepared+1","Concentrate","Calculated Gamble+1"],"relics":["Ring of the Snake","Question Card","Bag of Marbles","Orichalcum","WristBlade","Boot","Snake Skull","Runic Pyramid","Lantern","MealTicket","PreservedInsect","InkBottle"],"acts_visited":["Exordium","TheCity","TheBeyond"],"potions_floor_usage":[50],"damage_taken":[{"damage":6.0,"enemies":"Cultist","floor":1.0,"turns":5.0},{"damage":1.0,"enemies":"Small Slimes","floor":2.0,"turns":4.0},{"damage":1.0,"enemies":"Jaw Worm","floor":4.0,"turns":5.0},{"damage":6.0,"enemies":"2 Fungi Beasts","floor":5.0,"turns":3.0},{"damage":15.0,"enemies":"3 Sentries","floor":6.0,"turns":6.0},{"damage":4.0,"enemies":"3 Louse","floor":8.0,"turns":4.0},{"damage":2.0,"enemies":"Lots of Slimes","floor":11.0,"turns":4.0},{"damage":2.0,"enemies":"Red Slaver","floor":12.0,"turns":6.0},{"damage":0.0,"enemies":"Gremlin Nob","floor":13.0,"turns":2.0},{"damage":4.0,"enemies":"Hexaghost","floor":16.0,"turns":11.0},{"damage":0.0,"enemies":"Chosen","floor":18.0,"turns":2.0},{"damage":0.0,"enemies":"Spheric Guardian","floor":20.0,"turns":3.0},{"damage":22.0,"enemies":"Snake Plant","floor":22.0,"turns":4.0},{"damage":1.0,"enemies":"3 Cultists","floor":24.0,"turns":5.0},{"damage":5.0,"enemies":"Slavers","floor":25.0,"turns":5.0},{"damage":0.0,"enemies":"Cultist and Chosen","floor":29.0,"turns":3.0},{"damage":7.0,"enemies":"Snake Plant","floor":30.0,"turns":3.0},{"damage":2.0,"enemies":"Centurion and Healer","floor":31.0,"turns":3.0},{"damage":43.0,"enemies":"Automaton","floor":33.0,"turns":10.0},{"damage":1.0,"enemies":"3 Shapes","floor":35.0,"turns":5.0},{"damage":0.0,"enemies":"Orb Walker","floor":38.0,"turns":2.0},{"damage":2.0,"enemies":"Reptomancer","floor":40.0,"turns":6.0},{"damage":9.0,"enemies":"3 Darklings","floor":41.0,"turns":5.0},{"damage":2.0,"enemies":"Giant Head","floor":42.0,"turns":7.0},{"damage":1.0,"enemies":"4 Shapes","floor":45.0,"turns":3.0},{"damage":0.0,"enemies":"Nemesis","floor":46.0,"turns":4.0},{"damage":3.0,"enemies":"Transient","floor":48.0,"turns":6.0},{"damage":62,"enemies":"Awakened One","floor":50,"turns":11}],"seed_played":"-7525532392753820892","potions_obtained":[{"floor":4.0,"key":"SteroidPotion"},{"floor":6.0,"key":"FearPotion"},{"floor":8.0,"key":"Swift Potion"},{"floor":12.0,"key":"AttackPotion"},{"floor":13.0,"key":"Swift Potion"},{"floor":16.0,"key":"GhostInAJar"},{"floor":25.0,"key":"Weak Potion"},{"floor":29.0,"key":"SteroidPotion"},{"floor":41.0,"key":"GamblersBrew"}],"is_trial":false,"path_per_floor":["M","M","$","M","M","E","R","M","T","R","M","M","E","$","R","B",null,"M","?","M","?","M","R","M","E","T","$","?","M","M","M","R","B",null,"M","$","?","M","$","E","M","E","T","R","M","E","?","M","R","B"],"character_chosen":"THE_SILENT","items_purchased":["After Image","Lantern"],"campfire_rested":3,"item_purchase_floors":[14,36],"current_hp_per_floor":[53,52,52,51,45,30,30,26,26,26,24,22,22,22,22,18,54,54,54,54,54,32,51,50,45,45,45,45,45,38,36,55,12,53,52,52,52,52,52,50,41,39,39,58,57,57,57,54,54,0,0],"gold":269,"neow_bonus":"ONE_RANDOM_RARE_CARD","is_daily":false,"chose_seed":false,"campfire_upgraded":3,"win_rate":0.0,"timestamp":1613485436,"path_taken":["M","M","$","?","M","E","R","M","T","R","M","M","E","$","R","BOSS","M","?","M","?","?","R","M","E","T","$","?","M","M","M","R","BOSS","M","$","?","M","$","E","M","E","T","R","M","E","?","M","R","BOSS"],"items_purchased_type":["Card","Relic"],"build_version":"2020-12-22","purchased_purges":3,"victory":false,"max_hp_per_floor":[66,66,66,66,66,66,66,66,66,66,66,66,66,66,66,66,66,66,66,66,66,66,66,66,66,66,66,66,66,66,66,66,66,66,66,66,66,66,66,66,66,66,66,66,66,66,66,66,66,66,66],"card_choices":[{"not_picked":["Leg Sweep","Poisoned Stab"],"picked":"Blade Dance","floor":1.0},{"not_picked":["Well Laid Plans","Sucker Punch"],"picked":"Poisoned Stab","floor":2.0},{"not_picked":["Terror","Expertise"],"picked":"Riddle With Holes","floor":4.0},{"not_picked":["Dagger Throw","Sucker Punch"],"picked":"Wraith Form v2","floor":5.0},{"not_picked":["Quick Slash","Sucker Punch"],"picked":"Crippling Poison","floor":6.0},{"not_picked":["Underhanded Strike","Poisoned Stab","Expertise"],"picked":"Blade Dance","floor":8.0},{"not_picked":["Setup","Infinite Blades","Acrobatics"],"picked":"Adrenaline","floor":11.0},{"not_picked":["Infinite Blades","Backflip","Dodge and Roll"],"picked":"Blade Dance","floor":12.0},{"not_picked":["Slice","Blade Dance","Calculated Gamble"],"picked":"Terror","floor":13.0},{"not_picked":["Burst","Unload","Night Terror"],"picked":"Adrenaline","floor":16.0},{"not_picked":["Acrobatics","Finisher","Eviscerate"],"picked":"Cloak And Dagger","floor":18.0},{"not_picked":["Footwork+1","Quick Slash","Reflex","Concentrate"],"picked":"SKIP","floor":20.0},{"not_picked":["Infinite Blades","Poisoned Stab","Distraction","Sucker Punch"],"picked":"SKIP","floor":22.0},{"not_picked":["Dagger Spray","Blade Dance+1","Cloak And Dagger"],"picked":"Backflip+1","floor":24.0},{"not_picked":["Bullet Time","Cloak And Dagger","Deflect"],"picked":"Backstab+1","floor":25.0},{"not_picked":["Flying Knee","Blade Dance","Envenom","Deflect"],"picked":"SKIP","floor":29.0},{"not_picked":["Flying Knee","Blade Dance","Deflect"],"picked":"Envenom","floor":29.0},{"not_picked":["Flechettes","Flying Knee","Endless Agony","Distraction"],"picked":"SKIP","floor":30.0},{"not_picked":["Deadly Poison","Choke","Catalyst+1","Sucker Punch"],"picked":"SKIP","floor":31.0},{"not_picked":["Sucker Punch","Flying Knee","Deadly Poison","Backflip"],"picked":"SKIP","floor":35.0},{"not_picked":["All Out Attack","Prepared","Setup+1","Slice"],"picked":"SKIP","floor":38.0},{"not_picked":["Endless Agony","Cloak And Dagger","Leg Sweep"],"picked":"Blur","floor":40.0},{"not_picked":["Deflect+1","Terror","Footwork"],"picked":"Prepared+1","floor":41.0},{"not_picked":["Noxious Fumes","Dagger Throw+1","A Thousand Cuts","Backflip"],"picked":"SKIP","floor":42.0},{"not_picked":["Expertise+1","Noxious Fumes","PiercingWail+1"],"picked":"Concentrate","floor":45.0},{"not_picked":["Skewer+1","Slice","Expertise","Reflex"],"picked":"SKIP","floor":46.0},{"not_picked":["PiercingWail","Blade Dance+1","Finisher"],"picked":"Calculated Gamble+1","floor":48.0}],"player_experience":568885,"relics_obtained":[{"floor":6.0,"key":"Question Card"},{"floor":9.0,"key":"Bag of Marbles"},{"floor":13.0,"key":"Orichalcum"},{"floor":25.0,"key":"Boot"},{"floor":26.0,"key":"Snake Skull"},{"floor":40.0,"key":"MealTicket"},{"floor":42.0,"key":"PreservedInsect"},{"floor":46.0,"key":"InkBottle"}],"event_choices":[{"damage_healed":0.0,"max_hp_gain":0.0,"max_hp_loss":0.0,"gold_gain":0.0,"event_name":"The Mausoleum","player_choice":"Ignored","floor":19.0,"gold_loss":0.0,"damage_taken":0.0},{"damage_healed":0.0,"max_hp_gain":0.0,"max_hp_loss":0.0,"gold_gain":0.0,"cards_transformed":["Riddle With Holes"],"event_name":"Transmorgrifier","player_choice":"Transformed","floor":21.0,"gold_loss":0.0,"damage_taken":0.0,"cards_obtained":["Escape Plan"]},{"damage_healed":0.0,"max_hp_gain":0.0,"max_hp_loss":0.0,"gold_gain":50.0,"event_name":"Nest","player_choice":"Stole From Cult","floor":28.0,"gold_loss":0.0,"damage_taken":0.0},{"damage_healed":0.0,"max_hp_gain":0.0,"max_hp_loss":0.0,"gold_gain":0.0,"event_name":"Tomb of Lord Red Mask","player_choice":"Ignored","floor":37.0,"gold_loss":0.0,"damage_taken":0.0},{"cards_removed":["Strike_G"],"damage_healed":0.0,"max_hp_gain":0.0,"max_hp_loss":0.0,"gold_gain":0.0,"event_name":"Purifier","player_choice":"Purged","floor":47.0,"gold_loss":0.0,"damage_taken":0.0}],"is_beta":false,"boss_relics":[{"not_picked":["Velvet Choker","Astrolabe"],"picked":"WristBlade"},{"not_picked":["Pandora\u0027s Box","Coffee Dripper"],"picked":"Runic Pyramid"}],"items_purged_floors":[3,14,27],"is_endless":false,"potions_floor_spawned":[4,6,8,12,13,16,18,25,29,30,41,42,45],"killed_by":"Awakened One","ascension_level":20}}