{"host":"nlbr7nnijupf3yfg","time":1613451180,"event":{"mods":["AchievementEnabler","BaseMod","BetterRewards","Colored Powertips","DeckTracker","Downfall","Hermit","Hubris","Infinite Spire","Minty Spire (QoL Compilation)","Quick Restart","Replay The Spire","StSLib","SuperFastMode","The Servant 0.9.4"],"gold_per_floor":[112,125,219,219,219,219,258,292,292,345,345,345,191,215,215,327,327,365,365,365,365,30,88,110,110,134,134,134],"floor_reached":27,"language":"ENG","playtime":345,"items_purged":["Pain"],"score":419,"play_id":"15fa332f-c030-45d4-99fb-ca13bd6f7252","local_time":"20210215235300","is_ascension_mode":true,"campfire_choices":[{"floor":6,"key":"REST"},{"floor":11,"key":"REST"},{"floor":15,"key":"REST"},{"data":"hubris:Fate","floor":25,"key":"SMITH"}],"circlet_count":0,"master_deck":["AscendersBane","Strike_R","Strike_R+1","Strike_R","Strike_R","Defend_R","Defend_R","Defend_R","Defend_R","Bash","ReplayTheSpireMod:Strike From Hell","Cleave+1","Flame Barrier","Fire Breathing","Sword Boomerang","Clash","Dropkick","ReplayTheSpireMod:Stacked","Barricade","Sword Boomerang","infinitespire:SealOfDarkness+","hubris:Fate+1","Fiend Fire","ReplayTheSpireMod:Limb From Limb+1"],"relics":["Runic Dome","Replay:Bandana","Mercury Hourglass","Slimebound:StickyStick","Another Sword","ReplayTheSpireMod:TigerMarble","Ring of Chaos","hubris:CuriousFeather","hubris:BottledHeart","WarpedTongs","Matryoshka","Counterbalance","ReplayTheSpireMod:Spearhead","Bag of Marbles"],"acts_visited":["Exordium","TheCity"],"potions_floor_usage":[23],"damage_taken":[{"damage":5,"enemies":"2 Louse","floor":1,"turns":2},{"damage":12,"enemies":"Jaw Worm","floor":2,"turns":2},{"damage":41,"enemies":"Gremlin Nob","floor":7,"turns":5},{"damage":1,"enemies":"Cultist","floor":8,"turns":3},{"damage":5,"enemies":"3 Sentries","floor":10,"turns":4},{"damage":3,"enemies":"3 Louse","floor":14,"turns":2},{"damage":16,"enemies":"Slime Boss","floor":16,"turns":7},{"damage":31,"enemies":"Shell Parasite","floor":18,"turns":5},{"damage":0,"enemies":"Nightmare","floor":23,"turns":5},{"damage":0,"enemies":"Spheric Guardian","floor":24,"turns":1}],"seed_played":"5647315176071288141","potions_obtained":[{"floor":1,"key":"Ancient Potion"},{"floor":7,"key":"ElixirPotion"},{"floor":23,"key":"Fruit Juice"}],"is_trial":false,"path_per_floor":["M","M","?","?","?","R","E","M","T","E","R","?","$","M","R","B",null,"M","AVR","?","?","$","NM","M","R","T","?"],"character_chosen":"IRONCLAD","items_purchased":["ReplayTheSpireMod:TigerMarble","Matryoshka"],"campfire_rested":3,"item_purchase_floors":[13,22],"current_hp_per_floor":[67,55,35,35,35,59,18,17,17,12,36,36,36,33,57,41,70,39,39,1,1,1,1,1,1,1,0,0],"gold":134,"neow_bonus":"BOSS_RELIC","is_daily":false,"chose_seed":false,"campfire_upgraded":1,"win_rate":0.0,"timestamp":1613451180,"path_taken":["M","M","?","?","?","R","E","?","T","E","R","?","?","?","R","BOSS","M","AVR","?","?","$","NM","?","R","T","?"],"items_purchased_type":["Relic","Relic"],"build_version":"2020-12-22","purchased_purges":1,"victory":false,"max_hp_per_floor":[80,80,80,80,80,80,80,80,80,80,80,80,80,80,80,80,80,80,80,1,1,1,1,1,1,1,1,1],"card_choices":[{"not_picked":["ReplayTheSpireMod:LeadingStrike","hubris:ReadiedAction"],"picked":"ReplayTheSpireMod:Strike From Hell","floor":1},{"not_picked":["Twin Strike","Juggernaut"],"picked":"Cleave","floor":2},{"not_picked":["Pommel Strike","Battle Trance"],"picked":"Flame Barrier","floor":3},{"not_picked":["Headbutt","hubris:CleavingFinish"],"picked":"Fire Breathing","floor":3},{"not_picked":["Armaments","Limit Break"],"picked":"Sword Boomerang","floor":7},{"not_picked":["True Grit","Iron Wave"],"picked":"Clash","floor":8},{"not_picked":["Hemogenesis","Clothesline"],"picked":"Dropkick","floor":10},{"not_picked":["Shockwave","Havoc"],"picked":"ReplayTheSpireMod:Stacked","floor":14},{"not_picked":["Limit Break","Fiend Fire"],"picked":"Barricade","floor":16},{"not_picked":["Rage","Replay:Undeath\u0027s Touch"],"picked":"Sword Boomerang","floor":18},{"not_picked":["Headbutt","Rage"],"picked":"Fiend Fire","floor":23},{"not_picked":["Headbutt","Rage"],"picked":"ReplayTheSpireMod:Limb From Limb+1","floor":24}],"player_experience":84116,"relics_obtained":[{"floor":3,"key":"Replay:Bandana"},{"floor":7,"key":"Mercury Hourglass"},{"floor":9,"key":"Slimebound:StickyStick"},{"floor":10,"key":"Another Sword"},{"floor":23,"key":"Counterbalance"},{"floor":26,"key":"ReplayTheSpireMod:Spearhead"},{"floor":26,"key":"Bag of Marbles"}],"event_choices":[{"cards_removed":["Strike_R"],"damage_healed":0,"gold_gain":0,"player_choice":"Offered Basic","damage_taken":0,"max_hp_gain":0,"max_hp_loss":0,"event_name":"Bonfire Elementals","floor":5,"gold_loss":0},{"damage_healed":0,"gold_gain":0,"player_choice":"Grow","damage_taken":0,"max_hp_gain":0,"max_hp_loss":0,"event_name":"Living Wall","floor":12,"gold_loss":0,"cards_upgraded":["Cleave"]},{"damage_healed":0,"gold_gain":0,"player_choice":"Rummage","damage_taken":0,"relics_obtained":["WarpedTongs"],"max_hp_gain":0,"max_hp_loss":0,"event_name":"Accursed Blacksmith","floor":21,"gold_loss":0,"cards_obtained":["Pain"]}],"is_beta":false,"boss_relics":[{"not_picked":["hubris:Stopwatch","hubris:TerracottaHorce"],"picked":"Ring of Chaos"}],"items_purged_floors":[22],"is_endless":true,"potions_floor_spawned":[1,7,16,23],"ascension_level":12}}