{"host":"r9lzc41cv7vlmf2g","time":1613479710,"event":{"mods":["2.2 Compatiblity","Act Like it!","Aspiration","BaseMod","Better Third Choice","Challenge The Spire","Chen","Downfall","Friendly Minions","GifTheSpireLib","Googly Eyes","Hermit","Hubris","Marked Mod","Minty Spire (QoL Compilation)","StSLib","Stuff the Spire","The Animator","The Disciple","The IronCluck","The Servant 0.9.4"],"gold_per_floor":[99,111,126,141,159,159,159,170,170,185,205,115,140,140,151,151,151,151],"floor_reached":16,"language":"ENG","playtime":904,"items_purged":["Injury"],"score":106,"play_id":"f7cdb171-9fc5-4c36-8dba-a243f16ccb87","local_time":"20210216074830","is_ascension_mode":false,"campfire_choices":[{"data":"bronze:Replicate","floor":1,"key":"SMITH"},{"data":"bronze:Iterate","floor":6,"key":"SMITH"}],"circlet_count":0,"master_deck":["bronze:Strike","bronze:Strike","bronze:Strike","bronze:Strike","bronze:Defend","bronze:Defend","bronze:Defend","bronze:Defend","bronze:Replicate+1","bronze:Goto","bronze:FollowUp","bronze:ClassDefault","bronze:Iterate+1","bronze:BronzeOrb","bronze:DelayedSlice+1","bronze:Fortify+1","bronze:Branch+1","bronze:FineTuning"],"relics":["bronze:BronzeCore","Matryoshka","Molten Egg 2","Juzu Bracelet"],"acts_visited":["Exordium"],"potions_floor_usage":[10,15,16],"damage_taken":[{"damage":1,"enemies":"Cultist","floor":2,"turns":3},{"damage":0,"enemies":"2 Louse","floor":3,"turns":3},{"damage":1,"enemies":"Small Slimes","floor":4,"turns":3},{"damage":19,"enemies":"Red Slaver","floor":5,"turns":5},{"damage":2,"enemies":"Blue Slaver","floor":8,"turns":4},{"damage":6,"enemies":"Exordium Thugs","floor":10,"turns":6},{"damage":5,"enemies":"Red Slaver","floor":11,"turns":3},{"damage":2,"enemies":"downfall:FleeingMerchant","floor":12,"turns":4},{"damage":8,"enemies":"Gremlin Nob","floor":13,"turns":3},{"damage":5,"enemies":"Large Slime","floor":15,"turns":4},{"damage":48,"enemies":"DF_ARCHETYPE_STREAMLINE","floor":16,"turns":9}],"seed_played":"-113900803140583263","potions_obtained":[{"floor":2,"key":"Energy Potion"},{"floor":4,"key":"Regen Potion"},{"floor":13,"key":"Energy Potion"}],"is_trial":false,"path_per_floor":["R","M","M","M","M","R","T","M","?","M","M","$","E","?","M","B"],"character_chosen":"THE_AUTOMATON","items_purchased":[],"campfire_rested":0,"item_purchase_floors":[],"current_hp_per_floor":[77,76,76,75,56,56,56,54,54,48,43,41,33,33,40,0,0,0],"gold":151,"neow_bonus":"TEN_PERCENT_HP_BONUS","is_daily":false,"chose_seed":false,"campfire_upgraded":2,"win_rate":0.0,"timestamp":1613479710,"path_taken":["R","M","M","M","?","R","T","M","?","M","M","$","E","?","M","BOSS"],"items_purchased_type":[],"build_version":"2020-12-22","purchased_purges":1,"victory":false,"max_hp_per_floor":[77,77,77,77,77,77,77,77,77,77,77,77,77,77,77,77,77,77],"card_choices":[{"not_picked":["bronze:BitShift","bronze:BronzeArmor"],"picked":"bronze:FollowUp","floor":2},{"not_picked":["bronze:BitShift","bronze:Deprecate","bronze:Turbo"],"picked":"SKIP","floor":3},{"not_picked":["bronze:Repulsor","bronze:FineTuning"],"picked":"bronze:ClassDefault","floor":4},{"not_picked":["bronze:Repulsor","bronze:Fortify"],"picked":"bronze:Iterate","floor":5},{"not_picked":["bronze:BitShift","bronze:Frontload"],"picked":"bronze:BronzeOrb","floor":8},{"not_picked":["bronze:Allocate","bronze:Invalidate"],"picked":"bronze:DelayedSlice+1","floor":10},{"not_picked":["bronze:GetLatest","bronze:DelayedSlice+1"],"picked":"bronze:Fortify+1","floor":11},{"not_picked":["bronze:Shield","bronze:BugBarrage+1","bronze:Frontload"],"picked":"SKIP","floor":12},{"not_picked":["bronze:Shield","bronze:NullPointer+1"],"picked":"bronze:Branch+1","floor":13},{"not_picked":["bronze:NullPointer+1","bronze:Repulsor"],"picked":"bronze:FineTuning","floor":15}],"player_experience":279591,"relics_obtained":[{"floor":7,"key":"Matryoshka"},{"floor":13,"key":"Juzu Bracelet"}],"event_choices":[],"is_beta":false,"boss_relics":[],"items_purged_floors":[12],"is_endless":false,"potions_floor_spawned":[2,4,13],"killed_by":"DF_ARCHETYPE_STREAMLINE","ascension_level":0}}