{"host":"y2nx07t75db4hs5p","time":1613458274,"event":{"mods":["Act Like it!","BaseMod","Gensokyo","Lobotomy","LobotomyExtend","Minty Spire (QoL Compilation)","StSLib"],"gold_per_floor":[110,110,129,129,175,210,226,226,252,252,252,277,288,218,218,322,322,334,344,344,360,320,320,350,362,374,250,293,324,336,228,240,353,415,437,123,133,133,133,133,161,161,234,234,253,153,153,164,164,164],"floor_reached":51,"language":"ZHS","playtime":17415,"items_purged":["Funeral","CENSORED"],"score":769,"play_id":"8d877f98-7f24-4327-b260-e30af5915edb","local_time":"20210216145114","is_ascension_mode":false,"campfire_choices":[{"floor":8.0,"key":"RECALL"}],"circlet_count":0,"master_deck":["BigBird","SpecialBullet","SpecialBullet","SpecialBullet","SecurityCode","DisciplinaryCode","GreenStem+1","ShedSkin","Logging+1","TheSmile","Ecstasy+1","OSAHOGD","DaCapo","Gensokyo:FourOfAKind","Gensokyo:FourOfAKind","Gensokyo:FourOfAKind","CentralCode","Mimicry","InformationCode","WhiteNight"],"relics":["CogitoBucket","Girya","LetterFromLob","Gensokyo:PortableGap","Matryoshka","Bag of Marbles","Potion Belt","InspiredRelic","Omamori","AspirationHeart","Fusion Hammer","MawBank","Anchor","Boot","DollysMirror","Lamp_r","Shuriken","SolemnVow_r","SkinProphecy","Gensokyo:MaskOfHope","Tiny House","Mummified Hand","CENSORED_r","Pen Nib","Kunai","RedMistMask"],"acts_visited":["Gensokyo:Gensokyo","Gensokyo:Gensokyoer","Gensokyo:Gensokyoest"],"potions_floor_usage":[51,51,51],"damage_taken":[{"damage":7.0,"enemies":"Gensokyo:Gryphon","floor":1.0,"turns":3.0},{"damage":5.0,"enemies":"Gensokyo:3_Fairies","floor":3.0,"turns":3.0},{"damage":0.0,"enemies":"Gensokyo:Mamizou","floor":6.0,"turns":11.0},{"damage":1.0,"enemies":"Gensokyo:Python","floor":7.0,"turns":2.0},{"damage":17.0,"enemies":"Gensokyo:Aya","floor":12.0,"turns":7.0},{"damage":19.0,"enemies":"Gensokyo:Kitsune","floor":13.0,"turns":6.0},{"damage":18.0,"enemies":"Gensokyo:Kokoro","floor":16.0,"turns":11.0},{"damage":0.0,"enemies":"Gensokyo:Chomper","floor":18.0,"turns":2.0},{"damage":35.0,"enemies":"Gensokyo:3_Dogs","floor":19.0,"turns":10.0},{"damage":37.0,"enemies":"Gensokyo:Wraith","floor":21.0,"turns":6.0},{"damage":17.0,"enemies":"Gensokyo:Koishi","floor":24.0,"turns":5.0},{"damage":15.0,"enemies":"Gensokyo:Reisen","floor":28.0,"turns":7.0},{"damage":36.0,"enemies":"Gensokyo:3_Gloops","floor":29.0,"turns":5.0},{"damage":33.0,"enemies":"Gensokyo:Eiki","floor":33.0,"turns":11.0},{"damage":26,"enemies":"Gensokyo:AncientGuardian","floor":35,"turns":6},{"damage":2,"enemies":"Gensokyo:3_Bats","floor":37,"turns":3},{"damage":17,"enemies":"Gensokyo:Doremy","floor":41,"turns":7},{"damage":9,"enemies":"Gensokyo:SeedOfUnknown","floor":45,"turns":3},{"damage":18,"enemies":"Gensokyo:AtlasGolem","floor":48,"turns":5},{"damage":24,"enemies":"Gensokyo:Scarlet_Devils","floor":50,"turns":9},{"damage":16,"enemies":"Malkuth","floor":51,"turns":11},{"damage":4,"enemies":"Yesod","floor":51,"turns":19},{"damage":33,"enemies":"Geburah","floor":51,"turns":27},{"damage":10,"enemies":"Binah","floor":51,"turns":28}],"seed_played":"-8786031443081043673","potions_obtained":[{"floor":3.0,"key":"SteroidPotion"},{"floor":6.0,"key":"Dexterity Potion"},{"floor":7.0,"key":"SpeedPotion"},{"floor":16.0,"key":"Weak Potion"},{"floor":19.0,"key":"SmokeBomb"},{"floor":21.0,"key":"DuplicationPotion"}],"is_trial":false,"path_per_floor":["M","?","M","?","T","E","M","R","T","R","M","E","M","?","R","B",null,"M","M","?","M","?","R","E","R","T","COS","E","M","?","?","R","B",null,"M","$","M","?","COS","R","E","R","T","R","M","$","R","M","R","B",null],"character_chosen":"Angela","items_purchased":["Mummified Hand"],"campfire_rested":0,"item_purchase_floors":[36],"current_hp_per_floor":[50,50,53,53,53,63,63,63,63,63,58,55,60,60,60,56,68,68,68,48,29,29,29,26,26,26,26,47,48,48,48,48,29,55,44,44,58,58,58,58,61,61,61,61,62,62,62,52,52,45],"gold":164,"neow_bonus":"ONE_RARE_RELIC","is_daily":false,"chose_seed":false,"campfire_upgraded":0,"win_rate":0.0,"timestamp":1613458274,"path_taken":["M","?","M","?","?","E","M","R","T","R","M","E","?","?","R","BOSS","M","M","?","M","?","R","E","R","T","COS","E","?","?","?","R","BOSS","M","$","?","?","COS","R","E","R","T","R","M","?","R","M","R","BOSS"],"items_purchased_type":["Relic"],"build_version":"2020-12-22","purchased_purges":2,"victory":true,"max_hp_per_floor":[70,70,70,63,63,63,63,63,63,63,58,58,68,68,68,68,68,68,68,48,48,48,48,48,48,48,48,48,48,48,48,48,50,55,57,57,59,59,59,59,61,61,61,61,65,65,65,67,67,69],"card_choices":[{"not_picked":["OSAHOGD","WallGazer"],"picked":"PunishingBird","floor":1.0},{"not_picked":["Pleasure","Regret_ego"],"picked":"SKIP","floor":1.0},{"not_picked":["Tough"],"picked":"ShedSkin","floor":3.0},{"not_picked":["CUTE"],"picked":"Logging","floor":6.0},{"not_picked":["Horn"],"picked":"TheSmile","floor":7.0},{"not_picked":["BlackSwan_ego","GreenStem"],"picked":"SKIP","floor":12.0},{"not_picked":["RapturousDream"],"picked":"Ecstasy","floor":13.0},{"not_picked":["Adoration"],"picked":"Twilight","floor":16.0},{"not_picked":["Freischutz","SilentOrchestra"],"picked":"OSAHOGD","floor":18.0},{"not_picked":["Harmony+1","Tough"],"picked":"SKIP","floor":18.0},{"not_picked":["Ecstasy+1"],"picked":"DaCapo","floor":19.0},{"not_picked":["Wingbeat","Soda"],"picked":"SKIP","floor":21.0},{"not_picked":["BlackSwan","LittleHelper"],"picked":"BigBird","floor":24.0},{"not_picked":["ScreamingWedge","Soda"],"picked":"SKIP","floor":24.0},{"not_picked":["SpiderBud","MHz"],"picked":"Funeral","floor":28.0},{"not_picked":["Beak","Loneliness"],"picked":"SKIP","floor":28.0},{"not_picked":["Heaven","TodaysExpression"],"picked":"SKIP","floor":29.0},{"not_picked":["GoldRush"],"picked":"Mimicry","floor":33.0},{"not_picked":["Yin","DreamingCurrent"],"picked":"CENSORED","floor":35},{"not_picked":["Tough","Wingbeat+1"],"picked":"SKIP","floor":35},{"not_picked":["Regret_ego+1","RapturousDream+1"],"picked":"SKIP","floor":37},{"not_picked":["Lantern","Wingbeat+1"],"picked":"SKIP","floor":41},{"not_picked":["Horn","CUTE+1"],"picked":"SKIP","floor":45},{"not_picked":["BodiesMountain","RedShoes"],"picked":"WhiteNight","floor":48},{"not_picked":["Ecstasy","Horn+1"],"picked":"SKIP","floor":48},{"not_picked":["Ecstasy","Horn+1"],"picked":"SKIP","floor":48}],"player_experience":297364,"relics_obtained":[{"floor":1.0,"key":"LetterFromLob"},{"floor":6.0,"key":"Matryoshka"},{"floor":9.0,"key":"Bag of Marbles"},{"floor":9.0,"key":"Potion Belt"},{"floor":12.0,"key":"Omamori"},{"floor":24.0,"key":"MawBank"},{"floor":26.0,"key":"Anchor"},{"floor":26.0,"key":"Boot"},{"floor":28.0,"key":"Shuriken"},{"floor":41,"key":"Pen Nib"},{"floor":43,"key":"Kunai"},{"floor":45,"key":"RedMistMask"}],"event_choices":[],"is_beta":false,"boss_relics":[{"not_picked":["Empty Cage","Coffee Dripper"],"picked":"Fusion Hammer"},{"not_picked":["Busted Crown","Velvet Choker"],"picked":"Tiny House"}],"items_purged_floors":[36,46],"is_endless":false,"potions_floor_spawned":[3,6,7,16,19,21,48],"ascension_level":0}}