{"host":"pi8b3ffzwvxqztac","time":1613465642,"event":{"mods":["BaseMod","Colored Map","Custom Start","Downfall","Minty Spire (QoL Compilation)","StSLib"],"gold_per_floor":[99,110,110,128,143,43,43,28,28,41,141,141,166,178,188,290,290,190,206,206,226,211,222,249,249,267,267,349,383,383,412,441,537,564,564,593,605,614,633,633,633,655,682,694,152,166,216,248,261,261],"floor_reached":51,"language":"ENG","playtime":3850,"items_purged":[],"score":1094,"play_id":"8c63b4d8-09cb-4866-95a3-718986cd9337","local_time":"20210216215402","is_ascension_mode":true,"campfire_choices":[{"floor":1.0,"key":"RECALL"},{"data":"hexamod:Float","floor":6.0,"key":"SMITH"},{"data":"hexamod:Sear","floor":9.0,"key":"SMITH"},{"data":"hexamod:GhostOfSpireFuture","floor":12.0,"key":"SMITH"},{"data":"hexamod:SkipABeat","floor":18.0,"key":"SMITH"},{"data":"hexamod:TimeWarp","floor":25.0,"key":"SMITH"},{"data":"hexamod:GhostLash","floor":27.0,"key":"SMITH"},{"data":"hexamod:GhostLash","floor":30.0,"key":"SMITH"},{"data":"hexamod:GhostShield","floor":35.0,"key":"SMITH"},{"data":"hexamod:ApocalypticArmor","floor":40.0,"key":"SMITH"}],"circlet_count":0,"master_deck":["hexamod:Strike","hexamod:Strike","hexamod:Defend","hexamod:Defend","hexamod:Sear+1","hexamod:Float+1","hexamod:GhostLash+1","hexamod:GhostOfSpireFuture+1","hexamod:FastForward","hexamod:GhostShield+1","hexamod:AdvancingGuard","hexamod:SkipABeat+1","hexamod:FastForward","hexamod:GhostLash+1","hexamod:TimeWarp+1","hexamod:SpectersWail","hexamod:AdvancingGuard+1","hexamod:RadiantFlame+1","hexamod:AdvancingGuard+1","hexamod:EmpoweredFlame+1","hexamod:FastForward","hexamod:FastForward","hexamod:SoulSteal+1","hexamod:FlameSwitch+1","hexamod:ForkedFlame+1","hexamod:HauntingEcho","hexamod:ApocalypticArmor+1","hexamod:PhantomCloak+1","hexamod:GhostOfSpireFuture","Sadistic Nature"],"relics":["hexamod:SpiritBrand","downfall:HeartBlessingRed","Incense Burner","Bronze Scales","sneckomod:SneckoTalon","downfall:HeartBlessingGreen","sneckomod:BlankCard","Eternal Feather","CeramicFish","Astrolabe","OrangePellets","Guardian:PocketSentry","Gambling Chip","Pantograph"],"acts_visited":["Exordium","TheCity","TheBeyond"],"potions_floor_usage":[43,44,44,44,44,47,48,49],"damage_taken":[{"damage":1.0,"enemies":"Cultist","floor":2.0,"turns":3.0},{"damage":0.0,"enemies":"Small Slimes","floor":4.0,"turns":2.0},{"damage":2.0,"enemies":"Jaw Worm","floor":5.0,"turns":3.0},{"damage":0.0,"enemies":"downfall:FleeingMerchant","floor":8.0,"turns":4.0},{"damage":8.0,"enemies":"Large Slime","floor":10.0,"turns":6.0},{"damage":5.0,"enemies":"Lagavulin","floor":13.0,"turns":7.0},{"damage":5.0,"enemies":"Gremlin Gang","floor":14.0,"turns":4.0},{"damage":0.0,"enemies":"Exordium Wildlife","floor":15.0,"turns":3.0},{"damage":15.0,"enemies":"DF_ARCHETYPE_STREAMLINE","floor":16.0,"turns":10.0},{"damage":0.0,"enemies":"Shell Parasite","floor":19.0,"turns":4.0},{"damage":0.0,"enemies":"Chosen","floor":21.0,"turns":3.0},{"damage":0.0,"enemies":"downfall:FleeingMerchant","floor":22.0,"turns":4.0},{"damage":0.0,"enemies":"Centurion and Healer","floor":23.0,"turns":6.0},{"damage":0.0,"enemies":"Cultist and Chosen","floor":26.0,"turns":4.0},{"damage":6.0,"enemies":"Book of Stabbing","floor":29.0,"turns":5.0},{"damage":1.0,"enemies":"Sentry and Sphere","floor":31.0,"turns":4.0},{"damage":0.0,"enemies":"Centurion and Healer","floor":32.0,"turns":4.0},{"damage":1.0,"enemies":"IC_MUSHROOM_ARCHETYPE","floor":33.0,"turns":6.0},{"damage":1.0,"enemies":"Orb Walker","floor":36.0,"turns":3.0},{"damage":5.0,"enemies":"3 Darklings","floor":37.0,"turns":4.0},{"damage":0.0,"enemies":"Transient","floor":39.0,"turns":6.0},{"damage":0,"enemies":"Spire Growth","floor":42,"turns":3},{"damage":1,"enemies":"4 Shapes","floor":43,"turns":4},{"damage":0,"enemies":"Transient","floor":44,"turns":6},{"damage":0,"enemies":"downfall:FleeingMerchant","floor":45,"turns":5},{"damage":0,"enemies":"Writhing Mass","floor":46,"turns":4},{"damage":14,"enemies":"Writhing Mass","floor":47,"turns":4},{"damage":6,"enemies":"Nemesis","floor":48,"turns":7},{"damage":3,"enemies":"Maw","floor":49,"turns":6},{"damage":15,"enemies":"SI_POISON_ARCHETYPE","floor":50,"turns":8}],"seed_played":"-1511148939164090720","potions_obtained":[{"floor":0.0,"key":"hexamod:InfernoChargePotion"},{"floor":0.0,"key":"Energy Potion"},{"floor":0.0,"key":"EntropicBrew"},{"floor":13.0,"key":"SkillPotion"},{"floor":14.0,"key":"DistilledChaos"},{"floor":15.0,"key":"Block Potion"},{"floor":16.0,"key":"EssenceOfSteel"},{"floor":21.0,"key":"Swift Potion"},{"floor":23.0,"key":"Block Potion"},{"floor":29.0,"key":"FearPotion"},{"floor":32.0,"key":"Energy Potion"},{"floor":37.0,"key":"hexamod:InfernoChargePotion"},{"floor":42,"key":"hexamod:EctoCoolerPotion"},{"floor":43,"key":"Fire Potion"},{"floor":44,"key":"PowerPotion"},{"floor":47,"key":"champ:CounterPotion"},{"floor":49,"key":"FearPotion"}],"is_trial":false,"path_per_floor":["R","M","?","M","M","R","T","$","R","M","?","R","E","M","M","B",null,"R","M","?","M","$","M","T","R","M","R","T","E","R","M","M","B",null,"R","M","M","?","M","R","T","M","M","M","$","M","?","E","M","B",null],"character_chosen":"THE_SPIRIT","items_purchased":["OrangePellets","Guardian:PocketSentry","Sadistic Nature","Swift Potion"],"campfire_rested":0,"item_purchase_floors":[45,45,45,45],"current_hp_per_floor":[70,69,69,69,67,67,67,67,67,59,59,59,54,49,49,34,61,61,61,61,61,61,61,61,61,61,61,61,55,67,66,66,65,69,70,69,64,64,64,70,70,70,69,69,69,69,55,49,46,55],"gold":261,"neow_bonus":"THREE_SMALL_POTIONS","is_daily":false,"chose_seed":false,"campfire_upgraded":9,"win_rate":0.0,"timestamp":1613465642,"path_taken":["R","M","?","M","?","R","T","?","R","M","?","R","E","M","M","BOSS","R","M","?","M","$","M","T","R","M","R","?","E","R","M","M","BOSS","R","M","M","?","M","R","T","M","M","?","$","M","?","E","M","BOSS"],"items_purchased_type":["Relic","Relic","Card","Potion"],"build_version":"2020-12-22","purchased_purges":0,"victory":true,"max_hp_per_floor":[70,70,70,70,70,70,70,70,70,70,70,70,70,70,70,70,70,70,70,70,70,70,70,70,70,70,70,70,70,70,70,70,70,70,70,70,70,70,70,70,70,70,70,70,70,70,70,70,70,70],"card_choices":[{"not_picked":["hexamod:ChargedBarrage","hexamod:SecondSeal"],"picked":"hexamod:GhostLash","floor":2.0},{"not_picked":["hexamod:Firestarter","hexamod:Rewind"],"picked":"hexamod:GhostOfSpireFuture","floor":4.0},{"not_picked":["hexamod:RainOfEmbers","hexamod:Again"],"picked":"hexamod:FastForward","floor":5.0},{"not_picked":["hexamod:HeatShield","hexamod:NightmareStrike"],"picked":"hexamod:GhostShield","floor":8.0},{"not_picked":["hexamod:GhostflameInferno","hexamod:BacktrackSmack"],"picked":"hexamod:AdvancingGuard","floor":10.0},{"not_picked":["hexamod:AdvancingGuard","hexamod:NightmareGuise"],"picked":"hexamod:SkipABeat","floor":13.0},{"not_picked":["hexamod:EtherealExpedition","hexamod:HeatMetal"],"picked":"hexamod:FastForward","floor":14.0},{"not_picked":["hexamod:NightmareStrike","hexamod:NightmareGuise"],"picked":"hexamod:GhostLash","floor":15.0},{"not_picked":["hexamod:VolcanoVisage","hexamod:ApocalypticArmor"],"picked":"hexamod:TimeWarp","floor":16.0},{"not_picked":["hexamod:AdvancingGuard","hexamod:SecondSeal"],"picked":"hexamod:SpectersWail","floor":19.0},{"not_picked":["hexamod:HeatMetal","hexamod:FastForward"],"picked":"hexamod:AdvancingGuard+1","floor":21.0},{"not_picked":["hexamod:NightmareStrike","hexamod:SpectersWail"],"picked":"hexamod:RadiantFlame+1","floor":22.0},{"not_picked":["hexamod:SpectersWail","hexamod:Hexaguard"],"picked":"hexamod:AdvancingGuard+1","floor":23.0},{"not_picked":["hexamod:BacktrackSmack","hexamod:NecessarySacrifice","hexamod:SuperheatedStrike"],"picked":"SKIP","floor":26.0},{"not_picked":["hexamod:Again","hexamod:Toasty"],"picked":"hexamod:EmpoweredFlame+1","floor":29.0},{"not_picked":["hexamod:FlamesFromBeyond","hexamod:ShieldOfDarkness"],"picked":"hexamod:FastForward","floor":31.0},{"not_picked":["hexamod:BurningTouch","hexamod:NightmareStrike"],"picked":"hexamod:FastForward","floor":32.0},{"not_picked":["hexamod:BurningTouch+1","hexamod:HeatShield+1"],"picked":"hexamod:HauntingEcho","floor":36.0},{"not_picked":["hexamod:HauntingEcho+1","hexamod:SwordOfDarkness","hexamod:EmpoweredFlame"],"picked":"SKIP","floor":37.0},{"not_picked":["hexamod:Haunt","hexamod:HeatShield","hexamod:DynamicBlow"],"picked":"SKIP","floor":39.0},{"not_picked":["hexamod:AdvancingGuard+1","hexamod:BurningTouch"],"picked":"hexamod:PhantomCloak+1","floor":42},{"not_picked":["hexamod:BacktrackSmack","hexamod:HeatCrush+1"],"picked":"hexamod:GhostOfSpireFuture","floor":43},{"not_picked":["hexamod:ShieldOfDarkness","hexamod:SpectersWail+1","hexamod:WildfireWeapon"],"picked":"SKIP","floor":44},{"not_picked":["hexamod:Hexaguard","hexamod:NecessarySacrifice+1","hexamod:SuperheatedStrike+1"],"picked":"SKIP","floor":45},{"not_picked":["hexamod:EmpoweredFlame","hexamod:SpectersWail+1","hexamod:GhostOfSpirePast"],"picked":"SKIP","floor":46},{"not_picked":["hexamod:NecessarySacrifice+1","hexamod:RetreatToShadows+1","hexamod:InspiringFlames+1"],"picked":"SKIP","floor":48},{"not_picked":["hexamod:FastForward","hexamod:AdvancingGuard+1","hexamod:Hexaguard"],"picked":"SKIP","floor":49}],"player_experience":805394,"relics_obtained":[{"floor":7.0,"key":"Incense Burner"},{"floor":13.0,"key":"Bronze Scales"},{"floor":24.0,"key":"sneckomod:BlankCard"},{"floor":28.0,"key":"Eternal Feather"},{"floor":29.0,"key":"CeramicFish"},{"floor":47,"key":"Gambling Chip"},{"floor":48,"key":"Pantograph"}],"event_choices":[],"is_beta":false,"boss_relics":[{"not_picked":["Snecko Eye","bronze:MakeshiftBattery"],"picked":"sneckomod:SneckoTalon"},{"not_picked":["Pandora\u0027s Box","Coffee Dripper"],"picked":"Astrolabe"}],"items_purged_floors":[],"is_endless":false,"potions_floor_spawned":[5,13,14,15,16,21,23,29,32,37,42,43,44,47,49],"ascension_level":5}}