{"host":"r3eb5kff0hcmimdq","time":1613484702,"event":{"mods":["ATMod(阿瑾Mod)","AchievementEnabler","Act Like it!","Aspiration","BaseMod","Challenge The Spire","Colored Powertips","Conspire","Dota2Spire","Elementarium","Highlight Path","Luminous","Minty Spire (QoL Compilation)","MostiFishMod","Quick Restart","Rare Cards Sparkle","Reimu（博丽灵梦）","Relic Filter","Relic Filter Mod","Replay The Spire","RumiaBox-露米娅的神秘盒子","Shop Mod","Spicy Shops","StSLib","TestMod","The Jungle","The Senshi","【遗物卡牌】REMEMod","篝火指南"],"gold_per_floor":[111,111,125,135,59,74,74,74,74,109,122,135,147,176,176,272,272,292,292,308,333,351,351,384,384,407,407,423,438,199,212,212,310,310,326,326,341,341,341],"floor_reached":38,"language":"ZHS","playtime":1074,"items_purged":["Defend_R","Strike_R"],"score":535,"play_id":"7d185058-b999-4706-9650-b58dfd6776e3","local_time":"20210216221142","is_ascension_mode":false,"campfire_choices":[{"floor":7,"key":"RECALL"},{"data":"Flex","floor":15,"key":"SMITH"},{"data":"MostiFishMod:RacingGame","floor":23,"key":"SMITH"},{"data":"Demon Form","floor":25,"key":"SMITH"},{"data":"Inflame","floor":27,"key":"SMITH"}],"circlet_count":0,"master_deck":["Strike_R","Strike_R+1","Strike_R+1","Defend_R","Defend_R","Defend_R","Bash","Bash","Spot Weakness+1","Inflame+1","Flex+1","Berserk","MostiFishMod:RacingGame+1","Demon Form+1","Anger","MostiFishMod:#F4004+1"],"relics":["Burning Blood","REME_ComplimentaryCards","AT_ATBox","testmod-TestBox","Civilization","testmod-Maize","NeowsBlessing","SynthV:TestCard","MealTicket","SentryEyes","Art of War","aspiration:ChemicalBlood","JellyFishMachine","DaveBox","HaiYi:Twilight","Akabeko","Replay:Rubber Ducky","AT_BellDemon","Bag of Marbles","MerchantsRug","Omamori","Dota2Spire:OrchidMalevolence","Black Star","testmod-AssaultLearning","testmod-FatalChain"],"acts_visited":["Exordium","TheCity","TheBeyond"],"potions_floor_usage":[16,16,16,24,28,29,33],"damage_taken":[{"damage":0,"enemies":"2 Louse","floor":1,"turns":1},{"damage":0,"enemies":"Cultist","floor":3,"turns":1},{"damage":0,"enemies":"Jaw Worm","floor":4,"turns":1},{"damage":16,"enemies":"Exordium Thugs","floor":6,"turns":4},{"damage":10,"enemies":"Lagavulin","floor":10,"turns":3},{"damage":0,"enemies":"Lots of Slimes","floor":11,"turns":2},{"damage":6,"enemies":"2 Fungi Beasts","floor":12,"turns":2},{"damage":13,"enemies":"Red Slaver","floor":13,"turns":2},{"damage":0,"enemies":"3 Sentries","floor":14,"turns":2},{"damage":90,"enemies":"Hexaghost","floor":16,"turns":5},{"damage":10,"enemies":"Chosen","floor":18,"turns":3},{"damage":12,"enemies":"Shell Parasite","floor":20,"turns":3},{"damage":0,"enemies":"Chosen and Byrds","floor":22,"turns":3},{"damage":29,"enemies":"Book of Stabbing","floor":24,"turns":3},{"damage":21,"enemies":"Snecko","floor":28,"turns":4},{"damage":40,"enemies":"Centurion and Healer","floor":29,"turns":2},{"damage":1,"enemies":"Sentry and Sphere","floor":31,"turns":3},{"damage":65,"enemies":"Champ","floor":33,"turns":4},{"damage":0,"enemies":"3 Darklings","floor":35,"turns":2},{"damage":2,"enemies":"Orb Walker","floor":37,"turns":2},{"damage":0,"enemies":"4 Shapes","floor":38,"turns":1}],"seed_played":"-5274248320030588084","potions_obtained":[{"floor":6,"key":"SkillPotion"},{"floor":13,"key":"Ancient Potion"},{"floor":14,"key":"Dexterity Potion"},{"floor":16,"key":"LiquidBronze"},{"floor":16,"key":"Adrenaline Potion"},{"floor":16,"key":"Dexterity Potion"},{"floor":24,"key":"BloodPotion"},{"floor":28,"key":"Toxic Potion"},{"floor":31,"key":"DuplicationPotion"}],"is_trial":false,"path_per_floor":["M","?","M","M","$","M","R","?","T","E","M","M","M","E","R","B",null,"M","?","M","T","M","R","E","R","T","R","M","M","$","M","R","B",null,"M","?","M","M"],"character_chosen":"IRONCLAD","items_purchased":["MealTicket","MerchantsRug"],"campfire_rested":0,"item_purchase_floors":[5,30],"current_hp_per_floor":[82,82,85,89,89,84,84,84,84,85,96,101,99,110,110,31,124,125,125,124,124,135,135,117,117,117,117,135,106,121,131,131,77,164,169,169,174,174,174],"gold":341,"neow_bonus":"THREE_ENEMY_KILL","is_daily":false,"chose_seed":false,"campfire_upgraded":4,"win_rate":0.0,"timestamp":1613484702,"path_taken":["M","?","?","M","$","M","R","?","T","E","M","?","M","E","R","BOSS","M","?","M","?","?","R","E","R","T","R","M","M","$","M","R","BOSS","M","?","M","M"],"items_purchased_type":["Relic","Relic"],"build_version":"2020-12-22","purchased_purges":2,"victory":false,"max_hp_per_floor":[82,82,85,89,89,94,94,94,94,99,104,109,114,119,119,124,124,129,129,134,134,139,139,144,144,144,144,149,154,154,159,159,164,164,169,169,174,174,174],"card_choices":[{"not_picked":["AT_CaressingTears","Metallicize","conspire:Charge"],"picked":"SKIP","floor":1},{"not_picked":["AT_GerminateFire","AT_BodySlamDance","Warcry","Sword Boomerang"],"picked":"Spot Weakness","floor":3},{"not_picked":["Anger","Body Slam","Perfected Strike","Heavy Blade"],"picked":"Inflame","floor":4},{"not_picked":["Perfected Strike","Twin Strike","Searing Blow","Clash","Feel No Pain"],"picked":"SKIP","floor":6},{"not_picked":["Inflame","Evolve","Abandon","Anger","conspire:Charge"],"picked":"SKIP","floor":10},{"not_picked":["ReplayTheSpireMod:Corrosion Curse","Armaments","Cleave","MostiFishMod:FireWorks","Perfected Strike"],"picked":"SKIP","floor":11},{"not_picked":["AT_DiedThrough","Shrug It Off","Sword Boomerang","Replay:Undeath\u0027s Touch","Heavy Blade"],"picked":"SKIP","floor":12},{"not_picked":["Spot Weakness","Massacre","Blood for Blood","Heavy Blade"],"picked":"Flex","floor":13},{"not_picked":["Infernal Blade","Intimidate","True Grit","Perfected Strike"],"picked":"Berserk","floor":14},{"not_picked":["Corruption","MostiFishMod:ChineseTea","Barricade","MostiFishMod:404NotFound"],"picked":"MostiFishMod:RacingGame","floor":16},{"not_picked":["Body Slam","Dual Wield","Perfected Strike+1","ReplayTheSpireMod:Corrosion Curse+1","REME_Cut+1"],"picked":"SKIP","floor":18},{"not_picked":["Second Wind","Wild Strike","Shrug It Off","Twin Strike","Headbutt+1"],"picked":"SKIP","floor":20},{"not_picked":["Headbutt","Massacre","Body Slam","Heavy Blade+1"],"picked":"Demon Form","floor":22},{"not_picked":["Thunderclap","Iron Wave","Replay:Many Hands","Cleave+1"],"picked":"Anger","floor":24},{"not_picked":["AT_DrawKnifeCut+1","Entrench","Shockwave+1","Uppercut","Twin Strike"],"picked":"SKIP","floor":28},{"not_picked":["Thunderclap","Run Through+1","Carnage+1","Body Slam"],"picked":"MostiFishMod:#F4004+1","floor":29},{"not_picked":["ReplayTheSpireMod:Limb From Limb+1","Armaments+1","AT_BodySlamDance+1","Clash","Warcry"],"picked":"SKIP","floor":31},{"not_picked":["Clash","Armaments+1","Cleave","Replay:Undeath\u0027s Touch+1","Havoc"],"picked":"SKIP","floor":35},{"not_picked":["Evolve","Abandon+1","Perfected Strike+1","Body Slam+1","AT_CaressingTears"],"picked":"SKIP","floor":37}],"player_experience":165595,"relics_obtained":[{"floor":1,"key":"SynthV:TestCard"},{"floor":9,"key":"SentryEyes"},{"floor":10,"key":"Art of War"},{"floor":14,"key":"aspiration:ChemicalBlood"},{"floor":21,"key":"Akabeko"},{"floor":24,"key":"Replay:Rubber Ducky"},{"floor":26,"key":"AT_BellDemon"},{"floor":28,"key":"Simple Rune"},{"floor":29,"key":"Bag of Marbles"},{"floor":31,"key":"Omamori"},{"floor":33,"key":"Dota2Spire:OrchidMalevolence"},{"floor":35,"key":"testmod-AssaultLearning"},{"floor":37,"key":"testmod-FatalChain"}],"event_choices":[{"damage_healed":0,"gold_gain":0,"player_choice":"Upgraded","damage_taken":0,"max_hp_gain":0,"max_hp_loss":0,"event_name":"Upgrade Shrine","floor":8,"gold_loss":0,"cards_upgraded":["Spot Weakness"]},{"damage_healed":0,"gold_gain":0,"player_choice":"Swap Relic","damage_taken":0,"relics_obtained":["DaveBox"],"max_hp_gain":0,"max_hp_loss":0,"event_name":"给自己的盒子","floor":19,"relics_lost":["DaveBox"],"gold_loss":0},{"cards_removed":["Strike_R"],"damage_healed":0,"gold_gain":0,"player_choice":"Offered Basic","damage_taken":0,"max_hp_gain":0,"max_hp_loss":0,"event_name":"Bonfire Elementals","floor":36,"gold_loss":0}],"is_beta":false,"boss_relics":[{"not_picked":["testmod-SaigiyounoYou","Abe\u0027s Treasure"],"picked":"JellyFishMachine"},{"not_picked":["testmod-EnergyCheck","MoonlightInvasionPlan"],"picked":"Black Star"}],"items_purged_floors":[30,30],"is_endless":false,"potions_floor_spawned":[3,6,13,14,16,28,31,33,35],"killed_by":"4 Shapes","ascension_level":0}}