{"host":"p9vmbvw2hh2n16dn","time":1613475030,"event":{"mods":["AchievementEnabler","BaseMod","Block Reminder","Minty Spire (QoL Compilation)","Relic Stats","SuperFastMode"],"gold_per_floor":[118,193,193,118,131,160,174,206,206,217,230,263,263,263,263,263,263],"floor_reached":16,"language":"ENG","playtime":427,"items_purged":[],"score":332,"play_id":"b25b7d82-df4e-4d70-8a19-25fe234369d7","local_time":"20210216123030","is_ascension_mode":true,"campfire_choices":[{"floor":15.0,"key":"REST"}],"circlet_count":0,"master_deck":["AscendersBane","Strike_R","Strike_R","Strike_R","Defend_R","Defend_R","Defend_R","Defend_R","Bash","Cleave","True Grit","Shrug It Off","Body Slam","Fiend Fire"],"relics":["Burning Blood","NeowsBlessing","Happy Flower","HornCleat","Potion Belt","CaptainsWheel","Ancient Tea Set"],"acts_visited":["Exordium"],"potions_floor_usage":[16],"damage_taken":[{"damage":0.0,"enemies":"Small Slimes","floor":1.0,"turns":1.0},{"damage":0.0,"enemies":"2 Louse","floor":5.0,"turns":1.0},{"damage":0.0,"enemies":"Gremlin Nob","floor":6.0,"turns":1.0},{"damage":7.0,"enemies":"Jaw Worm","floor":7.0,"turns":3.0},{"damage":48.0,"enemies":"3 Sentries","floor":8.0,"turns":12.0},{"damage":6.0,"enemies":"Looter","floor":10.0,"turns":3.0},{"damage":20.0,"enemies":"3 Louse","floor":11.0,"turns":3.0},{"damage":0.0,"enemies":"Gremlin Nob","floor":12.0,"turns":3.0},{"damage":30,"enemies":"The Guardian","floor":16,"turns":14}],"seed_played":"-5530836020209453907","potions_obtained":[{"floor":5.0,"key":"ElixirPotion"},{"floor":6.0,"key":"SpeedPotion"},{"floor":8.0,"key":"CultistPotion"},{"floor":12.0,"key":"Energy Potion"}],"is_trial":false,"path_per_floor":["M","?","?","?","M","E","M","E","T","M","M","E","?","?","R","B"],"character_chosen":"IRONCLAD","items_purchased":[],"campfire_rested":1,"item_purchase_floors":[],"current_hp_per_floor":[74,63,56,56,62,68,67,25,25,25,11,17,17,17,39,9,9],"gold":263,"neow_bonus":"THREE_ENEMY_KILL","is_daily":false,"chose_seed":false,"campfire_upgraded":0,"win_rate":0.0,"timestamp":1613475030,"path_taken":["M","?","?","?","M","E","?","E","T","M","M","E","?","?","R","BOSS"],"items_purchased_type":[],"build_version":"2020-12-22","purchased_purges":0,"victory":false,"max_hp_per_floor":[75,75,75,75,75,75,75,75,75,75,75,75,75,75,75,75,75],"relic_stats":{"Happy Flower":[12],"counters":[9,41],"obtain_stats":[{"Potion Belt":9,"CaptainsWheel":12,"HornCleat":8,"NeowsBlessing":0,"Happy Flower":6,"Ancient Tea Set":13,"Burning Blood":0},{"Potion Belt":5,"CaptainsWheel":8,"HornCleat":5,"NeowsBlessing":0,"Happy Flower":3,"Ancient Tea Set":8,"Burning Blood":0},{"Potion Belt":18,"CaptainsWheel":27,"HornCleat":18,"NeowsBlessing":0,"Happy Flower":3,"Ancient Tea Set":27,"Burning Blood":0}],"Burning Blood":48},"card_choices":[{"not_picked":["Sword Boomerang","Bloodletting"],"picked":"Cleave","floor":1.0},{"not_picked":["Headbutt","Havoc"],"picked":"True Grit","floor":5.0},{"not_picked":["Heavy Blade","Rupture"],"picked":"Shrug It Off","floor":6.0},{"not_picked":["Fire Breathing","Second Wind"],"picked":"Body Slam","floor":7.0},{"not_picked":["Ghostly Armor","Heavy Blade"],"picked":"Fiend Fire","floor":8.0},{"not_picked":["Infernal Blade","Anger","True Grit"],"picked":"SKIP","floor":10.0},{"not_picked":["Infernal Blade","True Grit","Anger"],"picked":"SKIP","floor":11.0},{"not_picked":["Sword Boomerang","Iron Wave","Heavy Blade"],"picked":"SKIP","floor":12.0}],"player_experience":342348,"relics_obtained":[{"floor":6.0,"key":"Happy Flower"},{"floor":8.0,"key":"HornCleat"},{"floor":9.0,"key":"Potion Belt"},{"floor":12.0,"key":"CaptainsWheel"}],"event_choices":[{"damage_healed":0.0,"max_hp_gain":0.0,"max_hp_loss":0.0,"gold_gain":75.0,"event_name":"World of Goop","player_choice":"Gather Gold","floor":2.0,"gold_loss":0.0,"damage_taken":11.0},{"cards_removed":["Strike_R"],"damage_healed":0.0,"max_hp_gain":0.0,"max_hp_loss":0.0,"gold_gain":0.0,"event_name":"Golden Wing","player_choice":"Card Removal","floor":3.0,"gold_loss":0.0,"damage_taken":7.0},{"cards_removed":["Strike_R"],"damage_healed":0.0,"max_hp_gain":0.0,"max_hp_loss":0.0,"gold_gain":0.0,"event_name":"The Cleric","player_choice":"Card Removal","floor":4.0,"gold_loss":75.0,"damage_taken":0.0},{"damage_healed":0.0,"max_hp_gain":0.0,"max_hp_loss":0.0,"gold_gain":0.0,"event_name":"Dead Adventurer","player_choice":"Searched \u00271\u0027 times","floor":13.0,"gold_loss":0.0,"damage_taken":0.0,"relics_obtained":["Ancient Tea Set"]},{"damage_healed":0.0,"max_hp_gain":0.0,"max_hp_loss":0.0,"gold_gain":0.0,"event_name":"Shining Light","player_choice":"Ignored","floor":14.0,"gold_loss":0.0,"damage_taken":0.0}],"is_beta":false,"boss_relics":[],"items_purged_floors":[],"is_endless":false,"potions_floor_spawned":[5,6,8,12],"killed_by":"The Guardian","ascension_level":19}}