{"host":"o6j8h35axmoodbwy","time":1613482598,"event":{"mods":["2.2 Compatiblity","Act Like it!","BaseMod","Colored Map","Colored Powertips","Faster Ascension Climbing","MarisaÅiñ∂âJÅ@ñÇóùçπÅj","Minty Spire (QoL Compilation)","Prisma Mod","Quick Restart","Shop Mod","StSLib","SuperFastMode","Td1madao Mod"],"gold_per_floor":[117,48,62,62,75,75,88,88,88,123,223,233,233,253,253,348,348,367,377,377,302,302,320,331,331,331,349,46,76,76,88,88,186,186,228,228,33,50,91,155,155,173,173,173,0,0,11,66,66,66],"floor_reached":51,"language":"JPN","playtime":2648,"items_purged":["PrismaMod:IllyaUncommonAttack"],"score":815,"play_id":"0becc7cd-6555-48c0-bcea-972b968f5c3c","local_time":"20210216223638","is_ascension_mode":true,"campfire_choices":[{"data":"PrismaMod:IllyaUncommonDefend","floor":6,"key":"SMITH"},{"data":"PrismaMod:IllyaBerserCAR","floor":8,"key":"SMITH"},{"data":"PrismaMod:IllyaUberPoisonChannel","floor":13,"key":"SMITH"},{"data":"PrismaMod:IllyaBlindPoisonToss","floor":15,"key":"SMITH"},{"data":"PrismaMod:IllyaStunPoison","floor":25,"key":"SMITH"},{"data":"PrismaMod:IllyaCarnivalPrismaAstolfo","floor":30,"key":"SMITH"},{"data":"PrismaMod:IllyaCheapAttack","floor":32,"key":"SMITH"},{"data":"PrismaMod:IllyaUncommonDefend","floor":44,"key":"SMITH"},{"data":"PrismaMod:IllyaPoisonBomb","floor":46,"key":"SMITH"},{"data":"PrismaMod:IllyaUberPoisonChannel","floor":49,"key":"SMITH"}],"circlet_count":0,"master_deck":["PrismaMod:IllyaCommonDefend","PrismaMod:IllyaCommonAttack","PrismaMod:IllyaCommonDefend","PrismaMod:IllyaCommonAttack","PrismaMod:IllyaCommonDefend","PrismaMod:IllyaCommonAttack","PrismaMod:IllyaCommonDefend","PrismaMod:IllyaUncommonDefend+1","PrismaMod:IllyaBoysLove","PrismaMod:IllyaCommandSeal","PrismaMod:IllyaMinorRapidFire","PrismaMod:IllyaBlindPoisonToss+1","PrismaMod:IllyaBerserCAR+1","PrismaMod:IllyaUberPoisonChannel+1","PrismaMod:IllyaCommandSeal","PrismaMod:IllyaRubysPotion","PrismaMod:IllyaInstallShielder","PrismaMod:IllyaStunPoison+1","PrismaMod:IllyaPoisonBomb+1","PrismaMod:IllyaCarnivalPrismaAstolfo+1","PrismaMod:IllyaCheapAttack+1","PrismaMod:IllyaUberPoisonChannel+1","PrismaMod:IllyaPoisonBlock+1","PrismaMod:IllyaUncommonDefend+1","PrismaMod:IllyaFriendMaker+1","PrismaMod:IllyaSaphire+1","PrismaMod:IllyaUberPoisonChannel+1"],"relics":["PrismaMod:PrismaRuby","Ancient Tea Set","White Beast Statue","StrikeDummy","Velvet Choker","Akabeko","Smiling Mask","Bottled Lightning","Frozen Egg 2","Empty Cage","Anchor","Juzu Bracelet","Bottled Tornado","Red Mask","PreservedInsect"],"acts_visited":["Exordium","TheCity","TheBeyond"],"potions_floor_usage":[16,18,47,50,50,50],"damage_taken":[{"damage":0,"enemies":"Cultist","floor":1,"turns":4},{"damage":6,"enemies":"2 Louse","floor":3,"turns":3},{"damage":0,"enemies":"Jaw Worm","floor":5,"turns":5},{"damage":9,"enemies":"Gremlin Gang","floor":7,"turns":5},{"damage":7,"enemies":"Lagavulin","floor":10,"turns":5},{"damage":0,"enemies":"2 Fungi Beasts","floor":12,"turns":2},{"damage":0,"enemies":"Red Slaver","floor":14,"turns":2},{"damage":0,"enemies":"Hexaghost","floor":16,"turns":8},{"damage":9,"enemies":"2 Thieves","floor":18,"turns":5},{"damage":2,"enemies":"Shell Parasite","floor":19,"turns":5},{"damage":2,"enemies":"Centurion and Healer","floor":23,"turns":6},{"damage":3,"enemies":"Snake Plant","floor":24,"turns":4},{"damage":0,"enemies":"Chosen and Byrds","floor":27,"turns":4},{"damage":16,"enemies":"Slavers","floor":29,"turns":5},{"damage":14,"enemies":"Centurion and Healer","floor":31,"turns":5},{"damage":16,"enemies":"Champ","floor":33,"turns":9},{"damage":0,"enemies":"3 Shapes","floor":35,"turns":4},{"damage":3,"enemies":"3 Darklings","floor":38,"turns":4},{"damage":0,"enemies":"Transient","floor":39,"turns":5},{"damage":28,"enemies":"Nemesis","floor":40,"turns":7},{"damage":5,"enemies":"Jaw Worm Horde","floor":42,"turns":4},{"damage":0,"enemies":"Spire Growth","floor":47,"turns":5},{"damage":11,"enemies":"Reptomancer","floor":48,"turns":6},{"damage":12,"enemies":"Time Eater","floor":50,"turns":11}],"seed_played":"1116562879412419165","potions_obtained":[{"floor":3,"key":"Fire Potion"},{"floor":10,"key":"AttackPotion"},{"floor":12,"key":"EssenceOfSteel"},{"floor":16,"key":"ColorlessPotion"},{"floor":18,"key":"FearPotion"},{"floor":29,"key":"CultistPotion"},{"floor":33,"key":"Strength Potion"},{"floor":40,"key":"Ancient Potion"},{"floor":47,"key":"PowerPotion"}],"is_trial":false,"path_per_floor":["M","$","M","$","M","R","M","R","T","E","?","M","R","M","R","B",null,"M","M","?","?","?","M","M","R","T","M","$","E","R","M","R","B",null,"M","?","$","M","M","E","?","M","T","R","?","R","M","E","R","B",null],"character_chosen":"ILLYA","items_purchased":["PrismaMod:IllyaCommandSeal","Bottled Lightning","PrismaMod:IllyaUncommonDefend","Anchor"],"campfire_rested":0,"item_purchase_floors":[2,28,37,37],"current_hp_per_floor":[75,75,72,72,75,75,69,69,69,65,65,65,65,68,68,75,75,74,75,75,75,75,75,75,75,75,75,75,67,67,66,66,65,75,75,75,75,72,75,58,58,69,69,69,69,69,75,64,64,66],"gold":66,"neow_bonus":"RANDOM_COMMON_RELIC","is_daily":false,"chose_seed":false,"campfire_upgraded":10,"win_rate":0.0,"timestamp":1613482598,"path_taken":["M","?","M","$","M","R","M","R","T","E","?","M","R","M","R","BOSS","M","M","?","?","?","M","M","R","T","M","$","E","R","M","R","BOSS","M","?","$","M","?","E","?","M","T","R","?","R","M","E","R","BOSS"],"items_purchased_type":["Card","Relic","Card","Relic"],"build_version":"2020-12-22","purchased_purges":1,"victory":true,"max_hp_per_floor":[75,75,75,75,75,75,75,75,75,75,75,75,75,75,75,75,75,75,75,75,75,75,75,75,75,75,75,75,75,75,75,75,75,75,75,75,75,75,75,75,75,75,75,75,75,75,75,75,75,75],"card_choices":[{"not_picked":["PrismaMod:IllyaRubysPotion","PrismaMod:IllyaPoisonTippedWeapons"],"picked":"PrismaMod:IllyaBoysLove","floor":1},{"not_picked":["PrismaMod:IllyaPartialInstallAssassin","PrismaMod:IllyaFriendMaker"],"picked":"PrismaMod:IllyaMinorRapidFire","floor":3},{"not_picked":["PrismaMod:IllyaBoysLove","PrismaMod:IllyaGun"],"picked":"PrismaMod:IllyaBlindPoisonToss","floor":5},{"not_picked":["PrismaMod:IllyaRubysPotion","PrismaMod:IllyaCheapChannelPoison"],"picked":"PrismaMod:IllyaBerserCAR","floor":7},{"not_picked":["PrismaMod:IllyaBride","PrismaMod:IllyaPoisoningPhantasm"],"picked":"PrismaMod:IllyaUberPoisonChannel","floor":10},{"not_picked":["PrismaMod:IllyaBlindPoisonToss","PrismaMod:IllyaAOECommonAttack"],"picked":"PrismaMod:IllyaCommandSeal","floor":12},{"not_picked":["PrismaMod:IllyaPoisonBlock","PrismaMod:IllyaRapidFire"],"picked":"PrismaMod:IllyaRubysPotion","floor":14},{"not_picked":["PrismaMod:IllyaInstallAvenger","PrismaMod:IllyaUberPoisonChannel"],"picked":"PrismaMod:IllyaInstallShielder","floor":16},{"not_picked":["PrismaMod:IllyaPoisonBlock+1","PrismaMod:IllyaHassanGift"],"picked":"PrismaMod:IllyaStunPoison","floor":18},{"not_picked":["PrismaMod:IllyaPoisonBlock","PrismaMod:IllyaEvokeAll","PrismaMod:IllyaPoisonTippedWeapons"],"picked":"SKIP","floor":19},{"not_picked":["PrismaMod:IllyaRubysPotion","PrismaMod:IllyaCommonEvoke"],"picked":"PrismaMod:IllyaPoisonBomb","floor":23},{"not_picked":["PrismaMod:IllyaPoisonTippedWeapons","PrismaMod:IllyaGrailKun","PrismaMod:IllyaTestament"],"picked":"SKIP","floor":24},{"not_picked":["PrismaMod:IllyaFeed","PrismaMod:IllyaBlindPoisonToss","PrismaMod:IllyaPartialInstallAssassin"],"picked":"SKIP","floor":27},{"not_picked":["PrismaMod:IllyaRapidFire+1","PrismaMod:IllyaCarnivalAttack"],"picked":"PrismaMod:IllyaCarnivalPrismaAstolfo","floor":29},{"not_picked":["PrismaMod:IllyaUpgradeOrbs","PrismaMod:IllyaGrailKun"],"picked":"PrismaMod:IllyaCheapAttack","floor":31},{"not_picked":["PrismaMod:IllyaInstallArcher","PrismaMod:IllyaUberDefendChannel"],"picked":"PrismaMod:IllyaUberPoisonChannel","floor":33},{"not_picked":["PrismaMod:IllyaGrailKun","PrismaMod:IllyaMaid+1"],"picked":"PrismaMod:IllyaPoisonBlock+1","floor":35},{"not_picked":["PrismaMod:IllyaCheapChannelPoison","PrismaMod:IllyaHassanGift+1"],"picked":"PrismaMod:IllyaFriendMaker+1","floor":38},{"not_picked":["PrismaMod:IllyaCheapChannelDefend+1","PrismaMod:IllyaRubysPotion+1","PrismaMod:IllyaZwei"],"picked":"SKIP","floor":39},{"not_picked":["PrismaMod:IllyaCheapChannelAttack+1","PrismaMod:IllyaDualEvoke+1","PrismaMod:IllyaEvokeAll+1"],"picked":"SKIP","floor":40},{"not_picked":["PrismaMod:IllyaCommonEvoke","PrismaMod:IllyaStunPoison"],"picked":"PrismaMod:IllyaSaphire+1","floor":42},{"not_picked":["PrismaMod:IllyaGrailKun","PrismaMod:IllyaFriendMaker+1","PrismaMod:IllyaHassanGift+1"],"picked":"SKIP","floor":47},{"not_picked":["PrismaMod:IllyaCheapChannelPoison+1","PrismaMod:IllyaUpgradeOrbs+1"],"picked":"PrismaMod:IllyaUberPoisonChannel","floor":48}],"player_experience":441803,"relics_obtained":[{"floor":9,"key":"White Beast Statue"},{"floor":10,"key":"StrikeDummy"},{"floor":26,"key":"Smiling Mask"},{"floor":29,"key":"Frozen Egg 2"},{"floor":40,"key":"Juzu Bracelet"},{"floor":43,"key":"Bottled Tornado"},{"floor":48,"key":"PreservedInsect"}],"event_choices":[{"damage_healed":0,"gold_gain":100,"player_choice":"Pray","damage_taken":0,"max_hp_gain":0,"max_hp_loss":0,"event_name":"Golden Shrine","floor":11,"gold_loss":0},{"damage_healed":0,"gold_gain":0,"player_choice":"Opened","damage_taken":0,"relics_obtained":["Akabeko"],"max_hp_gain":0,"max_hp_loss":0,"event_name":"The Mausoleum","floor":20,"gold_loss":0},{"cards_removed":["PrismaMod:IllyaCommonAttack"],"damage_healed":0,"gold_gain":0,"player_choice":"Gave Gold","damage_taken":0,"max_hp_gain":0,"max_hp_loss":0,"event_name":"Beggar","floor":21,"gold_loss":75},{"damage_healed":0,"gold_gain":0,"player_choice":"Ignored","damage_taken":0,"max_hp_gain":0,"max_hp_loss":0,"event_name":"Ghosts","floor":22,"gold_loss":0},{"damage_healed":0,"gold_gain":0,"player_choice":"Upgraded","damage_taken":0,"max_hp_gain":0,"max_hp_loss":0,"event_name":"Upgrade Shrine","floor":36,"gold_loss":0,"cards_upgraded":["PrismaMod:IllyaUberPoisonChannel"]},{"damage_healed":0,"gold_gain":0,"player_choice":"Bought 0 Potions","damage_taken":0,"max_hp_gain":0,"max_hp_loss":0,"event_name":"The Woman in Blue","floor":41,"gold_loss":0},{"damage_healed":0,"gold_gain":0,"player_choice":"Paid","damage_taken":0,"relics_obtained":["Red Mask"],"max_hp_gain":0,"max_hp_loss":0,"event_name":"Tomb of Lord Red Mask","floor":45,"gold_loss":173}],"is_beta":false,"boss_relics":[{"not_picked":["Fusion Hammer","Runic Pyramid"],"picked":"Velvet Choker"},{"not_picked":["Runic Dome","Philosopher\u0027s Stone"],"picked":"Empty Cage"}],"items_purged_floors":[28],"is_endless":false,"potions_floor_spawned":[3,10,12,14,16,18,19,23,24,27,29,31,33,35,38,39,40,42,47,48],"ascension_level":1}}