{"host":"wxz7488rqrwl2v46","time":1613473133,"event":{"mods":["BaseMod","Minty Spire (QoL Compilation)","Quick Restart","Replay The Spire","StSLib"],"gold_per_floor":[119,21,32,43,60,94,94,94,94,104,104,104,118,132,132,233,233,248,79,79,148,160,160,160],"floor_reached":23,"language":"ZHS","playtime":1142,"items_purged":["Strike_G","Strike_G"],"score":195,"play_id":"ecfd0d61-1c5f-485e-ba69-e4c0fa478b05","local_time":"20210216185853","is_ascension_mode":false,"campfire_choices":[{"data":"ReplayTheSpireMod:Shiv Toss","floor":8,"key":"SMITH"},{"floor":12,"key":"REST"},{"floor":15,"key":"REST"}],"circlet_count":0,"master_deck":["Strike_G","Strike_G","Strike_G","Defend_G","Defend_G","Defend_G","Defend_G","Defend_G","Survivor","Neutralize","ReplayTheSpireMod:Shiv Toss+1","Quick Slash","Hidden Blade","Slice","Accuracy","ReplayTheSpireMod:Scrap Shanks","Flechettes","Dagger Throw","ReplayTheSpireMod:Speed Training","Replay:Bag of Tricks","Blade Dance+1","ReplayTheSpireMod:Shiv Toss","Hidden Blade","Blade Dance"],"relics":["Ring of the Snake","Potion Belt","Bird Faced Urn","Torii","The Specimen","WristBlade","SsserpentHead"],"acts_visited":["Exordium","TheCity"],"potions_floor_usage":[16,23],"damage_taken":[{"damage":6,"enemies":"Cultist","floor":1,"turns":6},{"damage":0,"enemies":"2 Louse","floor":3,"turns":4},{"damage":0,"enemies":"Jaw Worm","floor":4,"turns":6},{"damage":7,"enemies":"Looter","floor":5,"turns":5},{"damage":27,"enemies":"Gremlin Nob","floor":6,"turns":4},{"damage":8,"enemies":"Red Slaver","floor":10,"turns":4},{"damage":11,"enemies":"Blue Slaver","floor":13,"turns":4},{"damage":9,"enemies":"Lots of Slimes","floor":14,"turns":7},{"damage":41,"enemies":"Slime Boss","floor":16,"turns":10},{"damage":0,"enemies":"Chosen","floor":18,"turns":3},{"damage":7,"enemies":"3 Byrds","floor":21,"turns":5},{"damage":55,"enemies":"Shelled Parasite and Fungi","floor":22,"turns":5},{"damage":20,"enemies":"Slavers","floor":23,"turns":1}],"seed_played":"-9041844276109711020","potions_obtained":[{"floor":3,"key":"GamblersBrew"},{"floor":10,"key":"Fire Potion"},{"floor":14,"key":"GamblersBrew"},{"floor":21,"key":"Venom Potion"}],"is_trial":false,"path_per_floor":["M","$","M","M","M","E","T","R","T","M","?","R","M","M","R","B",null,"M","$","?","M","M","E"],"character_chosen":"THE_SILENT","items_purchased":["Quick Slash","ReplayTheSpireMod:Shiv Toss"],"campfire_rested":2,"item_purchase_floors":[2,19],"current_hp_per_floor":[64,64,64,64,57,30,30,30,30,26,26,47,40,35,56,19,70,70,70,70,65,14,0,0],"gold":160,"neow_bonus":"RANDOM_COMMON_RELIC","is_daily":false,"chose_seed":false,"campfire_upgraded":1,"win_rate":0.0,"timestamp":1613473133,"path_taken":["M","$","M","M","M","E","?","R","T","M","?","R","M","M","R","BOSS","M","$","?","?","M","E"],"items_purchased_type":["Card","Card"],"build_version":"2020-12-22","purchased_purges":2,"victory":false,"max_hp_per_floor":[70,70,70,70,70,70,70,70,70,70,70,70,70,70,70,70,70,70,70,70,70,70,70,70],"card_choices":[{"not_picked":["Sucker Punch","Terror"],"picked":"ReplayTheSpireMod:Shiv Toss","floor":1},{"not_picked":["PiercingWail","Cloak And Dagger"],"picked":"Hidden Blade","floor":3},{"not_picked":["Dagger Throw","Bane"],"picked":"Slice","floor":4},{"not_picked":["Slice","Outmaneuver"],"picked":"Accuracy","floor":5},{"not_picked":["Terror","Footwork"],"picked":"ReplayTheSpireMod:Scrap Shanks","floor":6},{"not_picked":["Acrobatics","Heel Hook"],"picked":"Flechettes","floor":10},{"not_picked":["Underhanded Strike","Dodge and Roll"],"picked":"Dagger Throw","floor":13},{"not_picked":["Endless Agony","Dodge and Roll"],"picked":"ReplayTheSpireMod:Speed Training","floor":14},{"not_picked":["Bullet Time","Poison Darts"],"picked":"Replay:Bag of Tricks","floor":16},{"not_picked":["Endless Agony","Leg Sweep"],"picked":"Blade Dance+1","floor":18},{"not_picked":["Caltrops","PiercingWail+1"],"picked":"Hidden Blade","floor":21},{"not_picked":["Dagger Throw","Underhanded Strike"],"picked":"Blade Dance","floor":22}],"player_experience":47628,"relics_obtained":[{"floor":6,"key":"Bird Faced Urn"},{"floor":7,"key":"Torii"},{"floor":9,"key":"The Specimen"}],"event_choices":[{"damage_healed":0,"gold_gain":0,"player_choice":"Ignored","damage_taken":0,"max_hp_gain":0,"max_hp_loss":0,"event_name":"Liars Game","floor":11,"gold_loss":0},{"damage_healed":0,"gold_gain":0,"player_choice":"Trade","damage_taken":0,"relics_obtained":["SsserpentHead"],"max_hp_gain":0,"max_hp_loss":0,"event_name":"FaceTrader","floor":20,"gold_loss":0}],"is_beta":false,"boss_relics":[{"not_picked":["Replay:Drink Me","Kintsugi"],"picked":"WristBlade"}],"items_purged_floors":[2,19],"is_endless":false,"potions_floor_spawned":[3,10,14,21],"killed_by":"Slavers","ascension_level":0}}