{"host":"jngeqill3bw7azzz","time":1613508551,"event":{"mods":["BaseMod","Highlight Path","Minty Spire (QoL Compilation)","Permanent Neow","Relic Stats"],"gold_per_floor":[110,130,130,141,151,151,177,197,197,208,235,253,253,266,266,345,345,359,274,291,291,128,146,146,46,114,114,143,143,169,188,188,259,259,271,286,63,76,76,109,121,168,180,222,254,266,289,326,338,350,362,374,386,59,85,85],"floor_reached":57,"language":"ENG","playtime":6042,"items_purged":["Bite","Bite","Bite"],"score":3098,"play_id":"21d51854-b926-4bdf-965c-696dc9e2b5aa","local_time":"20210216154911","is_ascension_mode":true,"campfire_choices":[{"data":"Carnage","floor":6,"key":"SMITH"},{"data":"Armaments","floor":13,"key":"SMITH"},{"data":"Bash","floor":15,"key":"SMITH"},{"data":"Barricade","floor":27,"key":"SMITH"},{"data":"Corruption","floor":29,"key":"SMITH"},{"data":"Feel No Pain","floor":32,"key":"SMITH"},{"data":"Shockwave","floor":41,"key":"SMITH"},{"floor":46,"key":"RECALL"},{"data":"Dark Embrace","floor":49,"key":"SMITH"},{"floor":53,"key":"DIG"}],"circlet_count":0,"master_deck":["AscendersBane","Defend_R","Defend_R","Defend_R","Defend_R","Bash+1","Battle Trance","Carnage+1","Pommel Strike","Impervious","Armaments+1","Carnage","Barricade+1","Second Wind","Metallicize","Corruption+1","Shockwave+1","Bite","Bite","Feel No Pain+1","Power Through+1","Impervious+1","Seeing Red","Impervious+1","Dark Shackles","Body Slam","Dark Embrace+1","Battle Trance","Entrench","PanicButton","Evolve","Offering"],"relics":["Burning Blood","InkBottle","TungstenRod","Paper Frog","Sozu","Shovel","Nilry\u0027s Codex","Ornamental Fan","Potion Belt","Akabeko","SlaversCollar","MawBank","War Paint","White Beast Statue","Mercury Hourglass","Kunai","OrangePellets","Turnip"],"acts_visited":["Exordium","TheCity","TheBeyond","TheEnding"],"potions_floor_usage":[5,7,11,16,16],"damage_taken":[{"damage":0,"enemies":"2 Louse","floor":1,"turns":3},{"damage":1,"enemies":"Cultist","floor":2,"turns":3},{"damage":6,"enemies":"Small Slimes","floor":4,"turns":3},{"damage":7,"enemies":"Looter","floor":5,"turns":4},{"damage":12,"enemies":"Gremlin Nob","floor":7,"turns":4},{"damage":11,"enemies":"Exordium Thugs","floor":8,"turns":7},{"damage":3,"enemies":"2 Fungi Beasts","floor":10,"turns":3},{"damage":21,"enemies":"3 Sentries","floor":11,"turns":7},{"damage":8,"enemies":"Red Slaver","floor":12,"turns":2},{"damage":21,"enemies":"Gremlin Gang","floor":14,"turns":5},{"damage":23,"enemies":"Hexaghost","floor":16,"turns":10},{"damage":9,"enemies":"3 Byrds","floor":18,"turns":7},{"damage":20,"enemies":"Shell Parasite","floor":20,"turns":4},{"damage":14,"enemies":"Snake Plant","floor":23,"turns":6},{"damage":16,"enemies":"Gremlin Leader","floor":28,"turns":6},{"damage":15,"enemies":"Book of Stabbing","floor":30,"turns":7},{"damage":0,"enemies":"Cultist and Chosen","floor":31,"turns":12},{"damage":5,"enemies":"Champ","floor":33,"turns":24},{"damage":0,"enemies":"3 Darklings","floor":35,"turns":7},{"damage":0,"enemies":"3 Shapes","floor":36,"turns":6},{"damage":0,"enemies":"Spire Growth","floor":38,"turns":4},{"damage":0,"enemies":"Nemesis","floor":40,"turns":11},{"damage":33,"enemies":"Reptomancer","floor":42,"turns":9},{"damage":0,"enemies":"Nemesis","floor":44,"turns":9},{"damage":23,"enemies":"Maw","floor":45,"turns":11},{"damage":30,"enemies":"3 Darklings","floor":47,"turns":13},{"damage":5,"enemies":"Giant Head","floor":48,"turns":5},{"damage":6,"enemies":"Time Eater","floor":50,"turns":6},{"damage":39,"enemies":"Awakened One","floor":51,"turns":12},{"damage":7,"enemies":"Shield and Spear","floor":55,"turns":6},{"damage":9,"enemies":"The Heart","floor":56,"turns":6}],"seed_played":"-5085128310381083465","potions_obtained":[{"floor":3,"key":"AttackPotion"},{"floor":3,"key":"BloodPotion"},{"floor":5,"key":"PowerPotion"},{"floor":10,"key":"SneckoOil"},{"floor":12,"key":"Swift Potion"}],"is_trial":false,"path_per_floor":["M","M","?","M","M","R","E","M","T","M","E","M","R","M","R","B",null,"M","?","M","?","$","M","?","$","T","R","E","R","E","M","R","B",null,"M","M","$","M","?","E","R","E","T","E","M","R","M","E","R","B","B",null,"R","$","E","B",null],"character_chosen":"IRONCLAD","items_purchased":["Feel No Pain","Dark Shackles","OrangePellets","PanicButton","Evolve"],"campfire_rested":0,"item_purchase_floors":[22,37,54,54,54],"current_hp_per_floor":[74,75,75,75,75,75,69,64,64,67,52,50,50,35,35,18,61,58,58,44,44,44,50,33,33,33,33,35,35,35,52,52,52,52,52,52,52,52,52,52,52,35,35,52,52,52,52,52,52,52,52,52,52,52,52,52],"gold":85,"neow_bonus":"TRANSFORM_CARD","is_daily":false,"chose_seed":false,"campfire_upgraded":8,"win_rate":0.0,"timestamp":1613508551,"path_taken":["M","M","?","M","M","R","E","M","T","?","E","M","R","M","R","BOSS","M","?","M","?","$","M","?","$","T","R","E","R","E","M","R","BOSS","M","M","$","M","?","E","R","E","T","E","M","R","M","E","R","BOSS","BOSS","R","$","E","BOSS"],"items_purchased_type":["Card","Card","Relic","Card","Card"],"build_version":"2020-12-22","purchased_purges":3,"victory":true,"max_hp_per_floor":[75,75,75,75,75,75,75,75,75,75,75,75,75,75,75,75,75,75,75,75,52,52,52,52,52,52,52,52,52,52,52,52,52,52,52,52,52,52,52,52,52,52,52,52,52,52,52,52,52,52,52,52,52,52,52,52],"relic_stats":{"counters":[31,222],"War Paint":["Impervious","Impervious"],"MawBank":168,"Burning Blood":100,"Mercury Hourglass":[111],"Sozu":11,"OrangePellets":[2],"Shovel":1,"Ornamental Fan":[152],"Turnip":[2],"Kunai":[5],"obtain_stats":[{"Potion Belt":28,"Nilry\u0027s Codex":24,"War Paint":42,"MawBank":40,"Burning Blood":0,"Akabeko":30,"White Beast Statue":44,"Mercury Hourglass":48,"Sozu":17,"SlaversCollar":34,"OrangePellets":54,"Shovel":19,"Ornamental Fan":26,"Turnip":55,"Kunai":53,"InkBottle":7,"TungstenRod":9,"Paper Frog":11},{"Potion Belt":15,"Nilry\u0027s Codex":14,"War Paint":23,"MawBank":22,"Burning Blood":0,"Akabeko":16,"White Beast Statue":24,"Mercury Hourglass":27,"Sozu":11,"SlaversCollar":18,"OrangePellets":29,"Shovel":12,"Ornamental Fan":14,"Turnip":30,"Kunai":29,"InkBottle":5,"TungstenRod":6,"Paper Frog":8},{"Potion Belt":74,"Nilry\u0027s Codex":68,"War Paint":154,"MawBank":145,"Burning Blood":0,"Akabeko":81,"White Beast Statue":163,"Mercury Hourglass":192,"Sozu":51,"SlaversCollar":117,"OrangePellets":210,"Shovel":58,"Ornamental Fan":68,"Turnip":216,"Kunai":210,"InkBottle":17,"TungstenRod":24,"Paper Frog":34}],"InkBottle":[60],"TungstenRod":94},"card_choices":[{"not_picked":["Flex","Pommel Strike"],"picked":"Carnage","floor":1},{"not_picked":["True Grit","Warcry"],"picked":"Pommel Strike","floor":2},{"not_picked":["Thunderclap","Pommel Strike"],"picked":"Impervious","floor":4},{"not_picked":["Headbutt","Wild Strike"],"picked":"Pommel Strike","floor":5},{"not_picked":["Metallicize","Pommel Strike"],"picked":"Armaments","floor":7},{"not_picked":["Cleave","Rampage"],"picked":"Carnage","floor":8},{"not_picked":["Intimidate","Armaments"],"picked":"Barricade","floor":10},{"not_picked":["Heavy Blade","Dual Wield"],"picked":"Second Wind","floor":11},{"not_picked":["Thunderclap","Wild Strike","Hemokinesis"],"picked":"SKIP","floor":12},{"not_picked":["Havoc","Cleave"],"picked":"Metallicize","floor":14},{"not_picked":["Barricade","Limit Break"],"picked":"Corruption","floor":16},{"not_picked":["Bloodletting","Sword Boomerang+1"],"picked":"Shockwave","floor":18},{"not_picked":["Body Slam","Blood for Blood","Clash"],"picked":"SKIP","floor":20},{"not_picked":["Warcry","True Grit"],"picked":"Power Through+1","floor":23},{"not_picked":["Burning Pact","Shrug It Off"],"picked":"Impervious","floor":28},{"not_picked":["Bloodletting","Thunderclap+1","Pummel"],"picked":"SKIP","floor":30},{"not_picked":["Twin Strike","Clash"],"picked":"Seeing Red","floor":31},{"not_picked":["Exhume","Brutality"],"picked":"Impervious","floor":33},{"not_picked":["Cleave","Twin Strike+1","Searing Blow"],"picked":"SKIP","floor":35},{"not_picked":["Pommel Strike","Havoc+1","Clothesline"],"picked":"SKIP","floor":36},{"not_picked":["Pommel Strike","Fire Breathing","Iron Wave"],"picked":"SKIP","floor":38},{"not_picked":["Clothesline","Anger+1"],"picked":"Body Slam","floor":40},{"not_picked":["Searing Blow","Spot Weakness+1"],"picked":"Dark Embrace","floor":42},{"not_picked":["Twin Strike","Spot Weakness+1","Reaper"],"picked":"SKIP","floor":44},{"not_picked":["Evolve","Body Slam+1"],"picked":"Battle Trance","floor":45},{"not_picked":["Carnage","Infernal Blade"],"picked":"Entrench","floor":47},{"not_picked":["Warcry","Pummel+1","Twin Strike"],"picked":"SKIP","floor":48},{"not_picked":["Headbutt","Shrug It Off+1"],"picked":"Offering","floor":55}],"player_experience":2652221,"relics_obtained":[{"floor":7,"key":"InkBottle"},{"floor":9,"key":"TungstenRod"},{"floor":11,"key":"Paper Frog"},{"floor":24,"key":"Nilry\u0027s Codex"},{"floor":26,"key":"Ornamental Fan"},{"floor":28,"key":"Potion Belt"},{"floor":30,"key":"Akabeko"},{"floor":40,"key":"MawBank"},{"floor":42,"key":"War Paint"},{"floor":44,"key":"White Beast Statue"},{"floor":48,"key":"Mercury Hourglass"},{"floor":53,"key":"Kunai"},{"floor":55,"key":"Turnip"}],"event_choices":[{"damage_healed":0,"gold_gain":0,"player_choice":"Got Potions","damage_taken":0,"max_hp_gain":0,"max_hp_loss":0,"event_name":"Lab","floor":3,"gold_loss":0},{"damage_healed":0,"gold_gain":0,"player_choice":"Obtained Relic","damage_taken":0,"relics_obtained":["Shovel"],"max_hp_gain":0,"max_hp_loss":0,"event_name":"Addict","floor":19,"gold_loss":85},{"damage_healed":0,"gold_gain":0,"player_choice":"Became a vampire","damage_taken":0,"max_hp_gain":0,"max_hp_loss":23,"event_name":"Vampires","floor":21,"gold_loss":0,"cards_obtained":["Bite","Bite","Bite","Bite","Bite"]},{"damage_healed":0,"gold_gain":0,"player_choice":"Obtained Book","damage_taken":21,"max_hp_gain":0,"max_hp_loss":0,"event_name":"Cursed Tome","floor":24,"gold_loss":0},{"cards_removed":["Pommel Strike"],"damage_healed":0,"gold_gain":0,"player_choice":"Removed Attack","damage_taken":0,"max_hp_gain":0,"max_hp_loss":0,"event_name":"Falling","floor":39,"gold_loss":0}],"is_beta":false,"boss_relics":[{"not_picked":["Black Blood","Calling Bell"],"picked":"Sozu"},{"not_picked":["Black Star","Empty Cage"],"picked":"SlaversCollar"}],"items_purged_floors":[22,25,37],"is_endless":false,"potions_floor_spawned":[4,5,10,12,28,30,33,36,38,42,44,45,47,48,55],"ascension_level":20}}