{"host":"w1l5t0a1l2lkq6my","time":1613461806,"event":{"mods":["Bartender","BaseMod","Lobotomy","LobotomyExtend","Magitek Elite","Minty Spire (QoL Compilation)","StSLib","The Gatherer","Yuyuko"],"gold_per_floor":[110,121,136,61,74,74,74,74],"floor_reached":6,"language":"ENG","playtime":643,"items_purged":["Gatherer:Defend_Gatherer"],"score":38,"play_id":"d0ace8db-ea51-40d7-a064-4d0109968ebe","local_time":"20210216005006","is_ascension_mode":false,"metric_token":593,"campfire_choices":[],"circlet_count":0,"master_deck":["Gatherer:Strike_Gatherer","Gatherer:Strike_Gatherer","Gatherer:Strike_Gatherer","Gatherer:Strike_Gatherer","Gatherer:Strike_Gatherer","Gatherer:Defend_Gatherer","Gatherer:Defend_Gatherer","Gatherer:Defend_Gatherer","Gatherer:Defend_Gatherer","Gatherer:Centralize","Gatherer:FlowerWhip","DreamingCurrent","SpiderBud","Gatherer:BigPouch","Gatherer:TacticalStrike","FairyFestival","Gatherer:Snatch"],"relics":["Gatherer:AlchemyBag","CogitoBucket","LetterFromLob"],"acts_visited":["Exordium"],"potions_floor_usage":[],"damage_taken":[{"damage":0,"enemies":"Cultist","floor":1,"turns":2},{"damage":15,"enemies":"2 Louse","floor":2,"turns":3},{"damage":23,"enemies":"Jaw Worm","floor":3,"turns":4},{"damage":62,"enemies":"Lots of Slimes","floor":5,"turns":15},{"damage":94,"enemies":"Gremlin Nob","floor":6,"turns":4}],"seed_played":"-7765586203715100602","potions_obtained":[{"floor":5,"key":"DuplicationPotion"}],"is_trial":false,"path_per_floor":["M","M","M","$","M","E"],"character_chosen":"THE_GATHERER","items_purchased":[],"campfire_rested":0,"item_purchase_floors":[],"current_hp_per_floor":[72,63,52,52,72,0,0,0],"gold":74,"neow_bonus":"","is_daily":false,"chose_seed":false,"campfire_upgraded":0,"win_rate":0.0,"timestamp":1613461806,"path_taken":["M","?","M","$","M","E"],"items_purchased_type":[],"build_version":"2020-12-22","purchased_purges":1,"victory":false,"max_hp_per_floor":[72,72,72,72,72,72,72,72],"card_choices":[{"not_picked":["Scorched","Murderer"],"picked":"DreamingCurrent","floor":1},{"not_picked":["Gatherer:AcidicSpray","Gatherer:Convert","Gatherer:Frenzy"],"picked":"SKIP","floor":1},{"not_picked":["Scorched","DespairKnight","FairyFestival"],"picked":"Singing Bowl","floor":2},{"not_picked":["Variant","OSAHOGD"],"picked":"SpiderBud","floor":2},{"not_picked":["Gatherer:RecoveryHerb","Gatherer:Solidify"],"picked":"Gatherer:BigPouch","floor":2},{"not_picked":["Gatherer:Frenzy","Gatherer:Uplift"],"picked":"Gatherer:TacticalStrike","floor":3},{"not_picked":["Scorched","DespairKnight"],"picked":"FairyFestival","floor":5},{"not_picked":["Gatherer:Frenzy","Gatherer:FlowerPower"],"picked":"Gatherer:Snatch","floor":5}],"player_experience":105470,"relics_obtained":[{"floor":1,"key":"LetterFromLob"}],"event_choices":[],"is_beta":false,"boss_relics":[],"items_purged_floors":[4],"is_endless":false,"potions_floor_spawned":[5],"killed_by":"Gremlin Nob","ascension_level":0}}