{"host":"nxma0dbhh74lxenq","time":1613493816,"event":{"mods":["Astrologer","BaseMod","Beaked The Cultist","CapriCore","Colored Map","DeckTracker","Gremlin Mod","Highlight Path","HololiveMod","Koishi","Mad Scientist","Minty Spire (QoL Compilation)","StSLib","SuperFastMode","The Bladedancer","The Cursed","The Immortal","The Mystic","YoumuÅiç∞ÈÆódöÎÅj"],"gold_per_floor":[329,329,341,358,375,410,410,420,420,451,467,139,179,200,200,287,287,310,235,217,231,308,354,375,421,421,421,439,3,51,251,251,362,362,389,415,415,471,471,514,514,556,610,3,41,58,93,133,133,141,141],"floor_reached":52,"language":"JPN","playtime":2158,"items_purged":["Hololive_Strike","Hololive_WolfAndLamb"],"score":2946,"play_id":"8eed5f85-9748-4ce0-9949-3acf5bcc8fcf","local_time":"20210217014336","is_ascension_mode":true,"campfire_choices":[{"data":"Hololive_CallHoshimachiSuisei","floor":7,"key":"SMITH"},{"data":"Hololive_CallOmaruPolka","floor":15,"key":"SMITH"},{"data":"Hololive_CallAmaneKanata","floor":27,"key":"SMITH"},{"data":"Hololive_CallInugamiKorone","floor":32,"key":"SMITH"},{"data":"Hololive_Yoholoon","floor":49,"key":"SMITH"}],"circlet_count":0,"master_deck":["AscendersBane","Hololive_Trident+1","Hololive_CallNekomataOkayu+1","Hololive_CallYogiri+1","Hololive_CallCivia+1","Hololive_CallDoris+1","Hololive_CallAkaiHaato+1","Hololive_CallFriendA+1","Hololive_CandyCastle+1","Hololive_CallInugamiKorone+1","Hololive_CallHoshimachiSuisei+1","Hololive_Rebound+1","Hololive_CandyCastle+1","Hololive_CallSakuraMiko+1","Hololive_CallAmaneKanata+1","Hololive_CallOmaruPolka+1","Hololive_DurableLive+1","Hololive_CallTokinoSora+1","Hololive_Psychosis+1","Hololive_CallShishiroBotan+1","Hololive_DDD+1","Hololive_Rebound+1","Hololive_CocoNews+1","Hololive_FlyingPonyTail+1","Hololive_FlyingPonyTail+1","Hololive_AWSL","Hololive_SoulCatcher+1","Hololive_CallManoAloe","Hololive_Breathe+1","Hololive_CallNatsuiroMatsuri","Hololive_Yoholoon+1","Hololive_CallMinatoAqua+1","Hololive_StrengthChampion"],"relics":["Hololive_TheStar","Hololive_FriedShrimpLion","beaked:ShinyBauble","Happy Flower","Potion Belt","Ice Cream","SlaversCollar","InkBottle","CeramicFish","Vajra","Orichalcum","Lee\u0027s Waffle","PreservedInsect","StrikeDummy","Coffee Dripper","Oddly Smooth Stone","Mark of the Bloom","Lizard Tail","Pantograph","The Courier","Shuriken","MawBank","Bottled Flame","Singing Bowl","Omamori","Boot","Kunai"],"acts_visited":["Exordium","TheCity","TheBeyond"],"potions_floor_usage":[20,38,38,42,46,47],"damage_taken":[{"damage":0,"enemies":"Cultist","floor":1,"turns":4},{"damage":0,"enemies":"2 Louse","floor":3,"turns":3},{"damage":0,"enemies":"Jaw Worm","floor":4,"turns":3},{"damage":0,"enemies":"3 Louse","floor":5,"turns":3},{"damage":0,"enemies":"Gremlin Nob","floor":6,"turns":4},{"damage":0,"enemies":"Large Slime","floor":8,"turns":3},{"damage":0,"enemies":"Lagavulin","floor":10,"turns":5},{"damage":0,"enemies":"Red Slaver","floor":11,"turns":3},{"damage":0,"enemies":"Gremlin Nob","floor":13,"turns":3},{"damage":0,"enemies":"Looter","floor":14,"turns":3},{"damage":0,"enemies":"Slime Boss","floor":16,"turns":6},{"damage":0,"enemies":"Chosen","floor":18,"turns":4},{"damage":5,"enemies":"2 Thieves","floor":20,"turns":4},{"damage":1,"enemies":"Snake Plant","floor":21,"turns":4},{"damage":8,"enemies":"Book of Stabbing","floor":23,"turns":6},{"damage":0,"enemies":"Chosen and Byrds","floor":24,"turns":6},{"damage":14,"enemies":"Gremlin Leader","floor":25,"turns":7},{"damage":0,"enemies":"Slavers","floor":30,"turns":3},{"damage":0,"enemies":"Champ","floor":33,"turns":6},{"damage":0,"enemies":"Orb Walker","floor":35,"turns":3},{"damage":0,"enemies":"2 Orb Walkers","floor":38,"turns":4},{"damage":0,"enemies":"Giant Head","floor":40,"turns":5},{"damage":0,"enemies":"Reptomancer","floor":42,"turns":4},{"damage":0,"enemies":"Nemesis","floor":45,"turns":3},{"damage":0,"enemies":"3 Darklings","floor":46,"turns":5},{"damage":8,"enemies":"Sphere and 2 Shapes","floor":47,"turns":5},{"damage":0,"enemies":"Giant Head","floor":48,"turns":4},{"damage":19,"enemies":"Awakened One","floor":50,"turns":7},{"damage":0,"enemies":"Donu and Deca","floor":51,"turns":6}],"seed_played":"4791685870627780189","potions_obtained":[{"floor":4,"key":"FairyPotion"},{"floor":5,"key":"AttackPotion"},{"floor":11,"key":"DuplicationPotion"},{"floor":21,"key":"Block Potion"},{"floor":30,"key":"Swift Potion"},{"floor":33,"key":"Block Potion"},{"floor":35,"key":"PowerPotion"},{"floor":40,"key":"Explosive Potion"},{"floor":42,"key":"Fruit Juice"}],"is_trial":false,"path_per_floor":["M","?","M","M","M","E","R","M","T","E","M","$","E","M","R","B",null,"M","?","M","M","T","E","M","E","T","R","?","$","E","?","R","B",null,"M","T","?","?","?","E","T","E","T","$","E","M","M","E","R","B","B",null],"character_chosen":"Hololive_HololiveCharacter","items_purchased":["Potion Belt","Hololive_CallSakuraMiko","Lee\u0027s Waffle","PreservedInsect","Hololive_Yoholoon","Bottled Flame","Singing Bowl","Omamori"],"campfire_rested":0,"item_purchase_floors":[12,12,29,29,44,44,44,44],"current_hp_per_floor":[21,26,26,26,26,26,26,26,26,26,26,26,26,26,26,26,29,29,29,24,23,23,15,15,1,1,1,1,37,37,37,37,37,37,38,38,38,38,37,37,37,37,37,37,37,37,29,29,29,10,10],"gold":141,"neow_bonus":"TWO_FIFTY_GOLD","is_daily":false,"chose_seed":false,"campfire_upgraded":5,"win_rate":0.0,"timestamp":1613493816,"path_taken":["M","?","M","M","M","E","R","M","T","E","M","?","E","M","R","BOSS","M","?","M","M","?","E","M","E","T","R","?","$","E","?","R","BOSS","M","?","?","?","?","E","?","E","T","$","E","M","M","E","R","BOSS","BOSS"],"items_purchased_type":["Relic","Card","Relic","Relic","Card","Relic","Relic","Relic"],"build_version":"2020-12-22","purchased_purges":2,"victory":true,"max_hp_per_floor":[30,30,30,30,30,30,30,30,30,30,30,30,30,30,30,30,30,30,30,30,30,30,30,30,30,30,30,30,37,37,37,37,37,37,38,38,38,39,37,38,38,39,39,39,42,45,51,52,52,53,54],"card_choices":[{"not_picked":["Hololive_CallYukihanaLamy","Hololive_CallNekomataOkayu","Hololive_StrengthChampion"],"picked":"Hololive_CallFriendA","floor":1},{"not_picked":["Hololive_FlyingPonyTail","Hololive_Psychosis","Hololive_Rebound"],"picked":"Hololive_CandyCastle","floor":3},{"not_picked":["Hololive_RevenueBasedLive","Hololive_DevilCharm","Hololive_Trident"],"picked":"Hololive_Spy","floor":4},{"not_picked":["Hololive_CallMurasakiShion","Hololive_RevenueBasedLive","Hololive_Drill"],"picked":"Hololive_CallInugamiKorone","floor":5},{"not_picked":["Hololive_FlyingPonyTail","Hololive_CallInugamiKorone","Hololive_CallAiraniIofifteen"],"picked":"Hololive_CallHoshimachiSuisei","floor":6},{"not_picked":["Hololive_LuckPotion","Hololive_ManjiGathering","Hololive_CallYukihanaLamy"],"picked":"Hololive_Rebound","floor":8},{"not_picked":["Hololive_StrengthChampion","Hololive_CallHimemoriLuna","Hololive_DevilCharm"],"picked":"Hololive_CandyCastle","floor":10},{"not_picked":["Hololive_ManjiGathering","Hololive_Rebound","Hololive_HuntDinosaur","Hololive_RevenueBasedLive"],"picked":"SKIP","floor":11},{"not_picked":["Hololive_CallShiranuiFlare","Hololive_CallHoshimachiSuisei","Hololive_Recruit"],"picked":"Hololive_CallAmaneKanata","floor":13},{"not_picked":["Hololive_CallManoAloe","Hololive_Breathe","Hololive_Trident"],"picked":"Hololive_CallOmaruPolka","floor":14},{"not_picked":["Hololive_Recruit","Hololive_OpenUp","Hololive_ASMR"],"picked":"Hololive_DurableLive","floor":16},{"not_picked":["Hololive_BringToTrial","Hololive_Sequa","Hololive_CallHoshimachiSuisei"],"picked":"Hololive_CallTokinoSora","floor":18},{"not_picked":["Hololive_LuckPotion","Hololive_CallSakuraMiko","Hololive_RevenueBasedLive"],"picked":"Hololive_Psychosis","floor":20},{"not_picked":["Hololive_CallFriendA","Hololive_CallUruhaRushia","Hololive_FlyingPonyTail"],"picked":"Hololive_CallShishiroBotan+1","floor":21},{"not_picked":["Hololive_CallAiraniIofifteen","Hololive_CallYuzukiChoco","Hololive_CocoNews"],"picked":"Hololive_DDD","floor":23},{"not_picked":["Hololive_Breathe","Hololive_Teleport","Hololive_RevenueBasedLive"],"picked":"Hololive_Rebound","floor":24},{"not_picked":["Hololive_Sequa","Hololive_ScarfAndHalo","Hololive_CallDoris"],"picked":"Hololive_CocoNews","floor":25},{"not_picked":["Hololive_ILoveYou","Hololive_StrengthChampion","Hololive_Drill"],"picked":"Hololive_FlyingPonyTail+1","floor":30},{"not_picked":["Hololive_FlareMind","Hololive_Nanodesu","Hololive_DurableLive"],"picked":"Hololive_AWSL","floor":33},{"not_picked":["Hololive_OvertimeWork","Hololive_RevenueBasedLive","Hololive_CallFriendA+1"],"picked":"Hololive_SoulCatcher+1","floor":35},{"not_picked":["Hololive_Trident","Hololive_Breathe","Hololive_CallInugamiKorone"],"picked":"Hololive_CallManoAloe","floor":38},{"not_picked":["Hololive_Sequa","Hololive_Drill","Hololive_CallAyundaRisu"],"picked":"Hololive_Breathe+1","floor":40},{"not_picked":["Hololive_LuckPotion","Hololive_CallAkaiHaato","Hololive_RevenueBasedLive"],"picked":"Hololive_CallNatsuiroMatsuri","floor":42},{"not_picked":["Hololive_Breathe","Hololive_Watashimo+1","Hololive_FlyingPonyTail","Hololive_CallMomosuzuNene"],"picked":"Singing Bowl","floor":45},{"not_picked":["Hololive_CallShishiroBotan","Hololive_CallMomosuzuNene","Hololive_AWSL","Hololive_CallRosalyn"],"picked":"Singing Bowl","floor":46},{"not_picked":["Hololive_Sequa","Hololive_ILoveYou+1","Hololive_Drill+1"],"picked":"Hololive_CallMinatoAqua+1","floor":47},{"not_picked":["Hololive_AWSL","Hololive_CallCivia+1","Hololive_ScarfAndHalo"],"picked":"Hololive_StrengthChampion","floor":48}],"player_experience":599146,"relics_obtained":[{"floor":6,"key":"Hololive_FriedShrimpLion"},{"floor":9,"key":"beaked:ShinyBauble"},{"floor":10,"key":"Happy Flower"},{"floor":13,"key":"Ice Cream"},{"floor":22,"key":"InkBottle"},{"floor":23,"key":"CeramicFish"},{"floor":25,"key":"Vajra"},{"floor":26,"key":"Orichalcum"},{"floor":30,"key":"StrikeDummy"},{"floor":36,"key":"Oddly Smooth Stone"},{"floor":38,"key":"Lizard Tail"},{"floor":40,"key":"Pantograph"},{"floor":41,"key":"The Courier"},{"floor":42,"key":"Shuriken"},{"floor":43,"key":"MawBank"},{"floor":45,"key":"Boot"},{"floor":48,"key":"Kunai"}],"event_choices":[{"cards_removed":["Hololive_Strike"],"damage_healed":5,"gold_gain":0,"player_choice":"Offered Special","damage_taken":0,"max_hp_gain":0,"max_hp_loss":0,"event_name":"Bonfire Elementals","floor":2,"gold_loss":0},{"cards_removed":["Hololive_Defend"],"damage_healed":0,"gold_gain":0,"player_choice":"Gave Gold","damage_taken":0,"max_hp_gain":0,"max_hp_loss":0,"event_name":"Beggar","floor":19,"gold_loss":75},{"damage_healed":0,"gold_gain":0,"cards_transformed":["Hololive_Defend","Hololive_Spy"],"player_choice":"Became Test Subject","damage_taken":0,"max_hp_gain":0,"max_hp_loss":0,"event_name":"Drug Dealer","floor":28,"gold_loss":0,"cards_obtained":["Hololive_FlyingPonyTail","Hololive_WolfAndLamb"]},{"damage_healed":0,"gold_gain":250,"player_choice":"Bet on Owner","damage_taken":0,"max_hp_gain":0,"max_hp_loss":0,"event_name":"The Joust","floor":31,"gold_loss":50},{"damage_healed":0,"gold_gain":0,"player_choice":"Upgrade","damage_taken":0,"relics_obtained":["Mark of the Bloom"],"max_hp_gain":0,"max_hp_loss":0,"event_name":"MindBloom","floor":37,"gold_loss":0,"cards_upgraded":["Hololive_Trident","Hololive_CallNekomataOkayu","Hololive_CallYogiri","Hololive_CallCivia","Hololive_CallDoris","Hololive_CallAkaiHaato","Hololive_CallFriendA","Hololive_CandyCastle","Hololive_Rebound","Hololive_CandyCastle","Hololive_CallSakuraMiko","Hololive_DurableLive","Hololive_CallTokinoSora","Hololive_Psychosis","Hololive_DDD","Hololive_Rebound","Hololive_CocoNews","Hololive_FlyingPonyTail"]},{"damage_healed":0,"gold_gain":0,"player_choice":"Fight","damage_taken":0,"max_hp_gain":0,"max_hp_loss":0,"event_name":"Mysterious Sphere","floor":38,"gold_loss":0},{"damage_healed":0,"gold_gain":0,"player_choice":"Max HP","damage_taken":0,"max_hp_gain":0,"max_hp_loss":2,"event_name":"Winding Halls","floor":39,"gold_loss":0}],"is_beta":false,"boss_relics":[{"not_picked":["Ectoplasm","Snecko Eye"],"picked":"SlaversCollar"},{"not_picked":["Hololive_Finger","Empty Cage"],"picked":"Coffee Dripper"}],"items_purged_floors":[12,29],"is_endless":false,"potions_floor_spawned":[4,5,8,10,11,21,30,33,35,40,42],"ascension_level":20}}