{"host":"nbuxsjsz66fn5lob","time":1613508292,"event":{"mods":["BaseMod","Colored Map","Colored Powertips","DeckTracker","Highlight Path","Minty Spire (QoL Compilation)","Random Character Button","StSLib"],"gold_per_floor":[116,116,135,160,160,160,191,203,203,216,216,235,248,268,268,363,363,373,373,387,312,11,11,45,58,85,85,117,133,133,150,150,247,247,258,258,74,74,74,74,84,84,84,84,98,115,115,64,64,64],"floor_reached":51,"language":"JPN","playtime":2651,"items_purged":[],"score":762,"play_id":"f86cd2c2-a497-45ca-8799-4d5076ac2d32","local_time":"20210217054452","is_ascension_mode":false,"campfire_choices":[{"data":"Quick Slash","floor":6,"key":"SMITH"},{"data":"Backflip","floor":11,"key":"SMITH"},{"data":"PiercingWail","floor":15,"key":"SMITH"},{"data":"Well Laid Plans","floor":23,"key":"SMITH"},{"data":"Tools of the Trade","floor":30,"key":"SMITH"},{"floor":32,"key":"REST"},{"data":"Survivor","floor":40,"key":"SMITH"},{"data":"Defend_G","floor":42,"key":"SMITH"},{"data":"Defend_G","floor":44,"key":"SMITH"},{"data":"Defend_G","floor":49,"key":"SMITH"}],"circlet_count":0,"master_deck":["Strike_G","Strike_G","Strike_G","Strike_G","Defend_G","Defend_G","Defend_G+1","Defend_G+1","Defend_G+1","Survivor+1","Neutralize+1","Backflip+1","Quick Slash+1","PiercingWail+1","Quick Slash+1","Crippling Poison+1","Prepared+1","Underhanded Strike+1","Malaise+1","Terror+1","Well Laid Plans+1","Dagger Spray+1","Escape Plan+1","Tools of the Trade+1","PiercingWail+1","Backflip+1","Malaise+1","Doppelganger+1","Footwork+1","Blur+1","Eviscerate+1","Underhanded Strike+1"],"relics":["Ring of the Snake","NeowsBlessing","PreservedInsect","Ancient Tea Set","Molten Egg 2","Toxic Egg 2","HoveringKite","Nilry\u0027s Codex","Mercury Hourglass","Incense Burner","Strawberry","FaceOfCleric","Bottled Flame","SacredBark","Bottled Tornado"],"acts_visited":["Exordium","TheCity","TheBeyond"],"potions_floor_usage":[24,50,50,50],"damage_taken":[{"damage":0,"enemies":"Jaw Worm","floor":1,"turns":1},{"damage":0,"enemies":"2 Louse","floor":3,"turns":1},{"damage":0,"enemies":"Lagavulin","floor":7,"turns":1},{"damage":0,"enemies":"Small Slimes","floor":8,"turns":2},{"damage":12,"enemies":"Gremlin Gang","floor":10,"turns":5},{"damage":0,"enemies":"Looter","floor":12,"turns":2},{"damage":3,"enemies":"Large Slime","floor":13,"turns":5},{"damage":2,"enemies":"3 Louse","floor":14,"turns":2},{"damage":1,"enemies":"Hexaghost","floor":16,"turns":8},{"damage":1,"enemies":"Chosen","floor":18,"turns":5},{"damage":5,"enemies":"3 Byrds","floor":20,"turns":4},{"damage":0,"enemies":"Gremlin Leader","floor":24,"turns":5},{"damage":0,"enemies":"Snecko","floor":25,"turns":4},{"damage":0,"enemies":"Book of Stabbing","floor":28,"turns":4},{"damage":5,"enemies":"Snake Plant","floor":29,"turns":4},{"damage":0,"enemies":"Chosen and Byrds","floor":31,"turns":3},{"damage":18,"enemies":"Automaton","floor":33,"turns":9},{"damage":7,"enemies":"3 Shapes","floor":35,"turns":5},{"damage":0,"enemies":"3 Darklings","floor":41,"turns":4},{"damage":0,"enemies":"Maw","floor":45,"turns":7},{"damage":0,"enemies":"Sphere and 2 Shapes","floor":46,"turns":3},{"damage":11,"enemies":"Donu and Deca","floor":50,"turns":8}],"seed_played":"3796855328962347386","potions_obtained":[{"floor":3,"key":"AttackPotion"},{"floor":8,"key":"GamblersBrew"},{"floor":14,"key":"PowerPotion"},{"floor":16,"key":"Fire Potion"},{"floor":28,"key":"GamblersBrew"},{"floor":29,"key":"Dexterity Potion"}],"is_trial":false,"path_per_floor":["M","?","M","T","?","R","E","M","T","M","R","M","M","M","R","B",null,"M","?","M","?","$","R","E","M","T","?","E","M","R","M","R","B",null,"M","?","$","?","?","R","M","R","T","R","M","M","?","$","R","B",null],"character_chosen":"THE_SILENT","items_purchased":["Dagger Spray+1","Mercury Hourglass","Blur+1","CultistPotion","Strength Potion"],"campfire_rested":1,"item_purchase_floors":[22,22,37,37,48],"current_hp_per_floor":[70,70,70,70,67,67,67,67,67,55,55,55,52,50,50,49,70,69,53,48,48,48,48,48,48,55,55,56,52,52,53,77,60,81,75,75,75,75,75,75,76,76,76,76,77,78,78,78,78,68],"gold":64,"neow_bonus":"THREE_ENEMY_KILL","is_daily":false,"chose_seed":false,"campfire_upgraded":9,"win_rate":0.0,"timestamp":1613508292,"path_taken":["M","?","M","?","?","R","E","M","T","M","R","M","M","M","R","BOSS","M","?","M","?","$","R","E","M","T","?","E","?","R","M","R","BOSS","M","?","$","?","?","R","M","R","T","R","M","M","?","?","R","BOSS"],"items_purchased_type":["Card","Relic","Card","Potion","Potion"],"build_version":"2020-12-22","purchased_purges":0,"victory":true,"max_hp_per_floor":[70,70,70,70,70,70,70,70,70,70,70,70,70,70,70,70,70,70,70,70,70,70,70,70,70,77,77,78,79,79,80,80,81,81,82,82,82,82,82,82,83,83,83,83,84,85,81,81,81,82],"card_choices":[{"not_picked":["Tactician","Acrobatics"],"picked":"Backflip","floor":1},{"not_picked":["Prepared","Infinite Blades"],"picked":"Quick Slash","floor":3},{"not_picked":["Reflex","Dodge and Roll"],"picked":"Poisoned Stab+1","floor":7},{"not_picked":["Prepared","Dodge and Roll"],"picked":"PiercingWail","floor":8},{"not_picked":["Leg Sweep+1","PiercingWail+1"],"picked":"Quick Slash+1","floor":10},{"not_picked":["All Out Attack+1","Masterful Stab+1"],"picked":"Crippling Poison+1","floor":12},{"not_picked":["Underhanded Strike+1","Dodge and Roll+1"],"picked":"Prepared+1","floor":13},{"not_picked":["Backstab+1","Masterful Stab+1"],"picked":"Underhanded Strike+1","floor":14},{"not_picked":["Envenom","Wraith Form v2"],"picked":"Malaise+1","floor":16},{"not_picked":["Sucker Punch+1","Flying Knee+1","Terror+1"],"picked":"SKIP","floor":18},{"not_picked":["Sucker Punch+1","Flying Knee+1"],"picked":"Terror+1","floor":18},{"not_picked":["Outmaneuver+1","Quick Slash+1"],"picked":"Well Laid Plans","floor":20},{"not_picked":["Skewer+1","Outmaneuver+1"],"picked":"Escape Plan+1","floor":24},{"not_picked":["Reflex+1","Predator+1"],"picked":"Tools of the Trade","floor":25},{"not_picked":["Outmaneuver+1","Noxious Fumes"],"picked":"PiercingWail+1","floor":28},{"not_picked":["Dagger Spray+1","Prepared+1"],"picked":"Backflip+1","floor":29},{"not_picked":["Masterful Stab+1","Well Laid Plans"],"picked":"Malaise+1","floor":31},{"not_picked":["Bullet Time+1","Night Terror+1"],"picked":"Doppelganger+1","floor":33},{"not_picked":["Quick Slash+1","Backflip+1"],"picked":"Footwork+1","floor":35},{"not_picked":["Dagger Spray+1","Well Laid Plans+1"],"picked":"Eviscerate+1","floor":41},{"not_picked":["Dodge and Roll+1","Leg Sweep+1"],"picked":"Underhanded Strike+1","floor":45},{"not_picked":["Dagger Spray+1","Quick Slash+1","Flechettes+1"],"picked":"SKIP","floor":46}],"player_experience":2982,"relics_obtained":[{"floor":4,"key":"PreservedInsect"},{"floor":7,"key":"Molten Egg 2"},{"floor":9,"key":"Toxic Egg 2"},{"floor":19,"key":"Nilry\u0027s Codex"},{"floor":24,"key":"Incense Burner"},{"floor":26,"key":"Strawberry"},{"floor":28,"key":"Bottled Flame"},{"floor":43,"key":"Bottled Tornado"}],"event_choices":[{"damage_healed":0,"gold_gain":0,"player_choice":"Grow","damage_taken":0,"max_hp_gain":0,"max_hp_loss":0,"event_name":"Living Wall","floor":2,"gold_loss":0,"cards_upgraded":["Neutralize"]},{"damage_healed":0,"gold_gain":0,"player_choice":"Success","damage_taken":3,"relics_obtained":["Ancient Tea Set"],"max_hp_gain":0,"max_hp_loss":0,"event_name":"Scrap Ooze","floor":5,"gold_loss":0},{"damage_healed":0,"gold_gain":0,"player_choice":"Obtained Book","damage_taken":16,"max_hp_gain":0,"max_hp_loss":0,"event_name":"Cursed Tome","floor":19,"gold_loss":0},{"cards_removed":["Strike_G"],"damage_healed":0,"gold_gain":0,"player_choice":"Gave Gold","damage_taken":0,"max_hp_gain":0,"max_hp_loss":0,"event_name":"Beggar","floor":21,"gold_loss":75},{"damage_healed":0,"gold_gain":0,"player_choice":"Trade","damage_taken":0,"relics_obtained":["FaceOfCleric"],"max_hp_gain":0,"max_hp_loss":0,"event_name":"FaceTrader","floor":27,"gold_loss":0},{"damage_healed":0,"gold_gain":0,"player_choice":"Ignored","damage_taken":0,"max_hp_gain":0,"max_hp_loss":0,"event_name":"Tomb of Lord Red Mask","floor":36,"gold_loss":0},{"damage_healed":0,"gold_gain":0,"player_choice":"Ignored","damage_taken":0,"max_hp_gain":0,"max_hp_loss":0,"event_name":"Mysterious Sphere","floor":38,"gold_loss":0},{"cards_removed":["Poisoned Stab"],"damage_healed":0,"gold_gain":0,"player_choice":"Removed Attack","damage_taken":0,"max_hp_gain":0,"max_hp_loss":0,"event_name":"Falling","floor":39,"gold_loss":0},{"damage_healed":0,"gold_gain":0,"player_choice":"Max HP","damage_taken":0,"max_hp_gain":0,"max_hp_loss":4,"event_name":"Winding Halls","floor":47,"gold_loss":0}],"is_beta":false,"boss_relics":[{"not_picked":["Philosopher\u0027s Stone","Astrolabe"],"picked":"HoveringKite"},{"not_picked":["Busted Crown","Snecko Eye"],"picked":"SacredBark"}],"items_purged_floors":[],"is_endless":false,"potions_floor_spawned":[3,8,14,16,20,28,29,31,41,46],"ascension_level":0}}