{"host":"f6w7z8zvb0mi4wy9","time":1613456545,"event":{"mods":["BaseMod","Colored Map","Minty Spire (QoL Compilation)","READ ME - Guardian Mod","StSLib","SuperFastMode","The Jungle"],"gold_per_floor":[116,127,202,202,49,49,84,98,178,207,224,224,243,272,272,369,369,386,412,423,338,338,338,363,432,457,469,479,509,526,538,538,643,643,661,335,5,18,68,95,95,128,128,128,142,175,175,191,191,191,191,191,47,76,76],"floor_reached":56,"language":"KOR","playtime":1661,"items_purged":["Strike_B"],"score":1575,"play_id":"14b5853f-da1a-4b45-a5a1-dc15843e14d8","local_time":"20210216152225","is_ascension_mode":true,"campfire_choices":[{"data":"Zap","floor":6,"key":"SMITH"},{"data":"Dualcast","floor":12,"key":"SMITH"},{"data":"Skim","floor":15,"key":"SMITH"},{"data":"Fission","floor":23,"key":"SMITH"},{"data":"White Noise","floor":32,"key":"SMITH"},{"floor":41,"key":"RECALL"},{"data":"Capacitor","floor":44,"key":"SMITH"},{"floor":49,"key":"REST"},{"data":"Barrage","floor":52,"key":"SMITH"}],"circlet_count":0,"master_deck":["Strike_B","Strike_B","Strike_B","Defend_B","Defend_B","Defend_B","Defend_B","Zap+1","Dualcast+1","Static Discharge","Steam","Chill","Cold Snap","Skim+1","Gash","Fission+1","Go for the Eyes+1","Gash","Gash","Capacitor+1","FTL","Go for the Eyes+1","White Noise+1","Reboot","CurseOfTheBell","Steam","Scrape+1","Barrage+1","Electrodynamics","Steam+1","Undo+1","Self Repair+1","Steam"],"relics":["Cracked Core","NeowsBlessing","Oddly Smooth Stone","Tiny Chest","Dream Catcher","Kunai","Symbiotic Virus","Centennial Puzzle","Philosopher\u0027s Stone","Red Mask","Juzu Bracelet","Meat on the Bone","Darkstone Periapt","Shuriken","Strawberry","Vajra","Calling Bell","Bag of Preparation","Blue Candle","Torii","Mummified Hand","Ornamental Fan","Unceasing Top","Calipers","Omamori","Gambling Chip","Medical Kit","Bottled Tornado"],"acts_visited":["Exordium","TheCity","TheBeyond","TheEnding"],"potions_floor_usage":[10,14,16,16,19,29,33,33,33,39,55,55],"damage_taken":[{"damage":0,"enemies":"Jaw Worm","floor":1,"turns":1},{"damage":0,"enemies":"Small Slimes","floor":2,"turns":1},{"damage":0,"enemies":"Lagavulin","floor":7,"turns":1},{"damage":0,"enemies":"Cultist","floor":8,"turns":3},{"damage":10,"enemies":"3 Sentries","floor":10,"turns":10},{"damage":0,"enemies":"Blue Slaver","floor":11,"turns":3},{"damage":10,"enemies":"Large Slime","floor":13,"turns":3},{"damage":6,"enemies":"Gremlin Nob","floor":14,"turns":3},{"damage":8,"enemies":"Slime Boss","floor":16,"turns":7},{"damage":8,"enemies":"Spheric Guardian","floor":18,"turns":4},{"damage":0,"enemies":"Masked Bandits","floor":19,"turns":4},{"damage":0,"enemies":"Shell Parasite","floor":20,"turns":4},{"damage":13,"enemies":"Book of Stabbing","floor":24,"turns":5},{"damage":2,"enemies":"Cultist and Chosen","floor":27,"turns":5},{"damage":10,"enemies":"Snake Plant","floor":28,"turns":4},{"damage":12,"enemies":"Slavers","floor":29,"turns":4},{"damage":13,"enemies":"Sentry and Sphere","floor":30,"turns":4},{"damage":9,"enemies":"Shelled Parasite and Fungi","floor":31,"turns":3},{"damage":39,"enemies":"Collector","floor":33,"turns":8},{"damage":0,"enemies":"Orb Walker","floor":35,"turns":3},{"damage":0,"enemies":"3 Darklings","floor":38,"turns":6},{"damage":0,"enemies":"Mind Bloom Boss Battle","floor":39,"turns":4},{"damage":0,"enemies":"Reptomancer","floor":40,"turns":4},{"damage":13,"enemies":"Nemesis","floor":42,"turns":5},{"damage":1,"enemies":"Transient","floor":45,"turns":5},{"damage":1,"enemies":"Giant Head","floor":46,"turns":4},{"damage":3,"enemies":"Sphere and 2 Shapes","floor":48,"turns":1},{"damage":19,"enemies":"Time Eater","floor":50,"turns":7},{"damage":1,"enemies":"Shield and Spear","floor":54,"turns":3},{"damage":58,"enemies":"The Heart","floor":55,"turns":9}],"seed_played":"-3207411515833108149","potions_obtained":[{"floor":1,"key":"EssenceOfDarkness"},{"floor":2,"key":"BlessingOfTheForge"},{"floor":11,"key":"Explosive Potion"},{"floor":13,"key":"SkillPotion"},{"floor":18,"key":"FearPotion"},{"floor":19,"key":"Dexterity Potion"},{"floor":29,"key":"LiquidBronze"},{"floor":30,"key":"EssenceOfDarkness"},{"floor":31,"key":"Weak Potion"},{"floor":35,"key":"Block Potion"},{"floor":39,"key":"Fruit Juice"},{"floor":48,"key":"SpeedPotion"}],"is_trial":false,"path_per_floor":["M","M","?","?","$","R","E","M","T","E","M","R","M","E","R","B",null,"M","?","M","?","T","R","E","T","T","M","M","E","M","M","R","B",null,"M","$","$","M","?","E","R","E","T","R","M","E","?","M","R","B",null,"R","$","E","B",null],"character_chosen":"DEFECT","items_purchased":["Tiny Chest","Scrape","Mummified Hand","Ornamental Fan","Medical Kit"],"campfire_rested":1,"item_purchase_floors":[5,36,36,37,53],"current_hp_per_floor":[75,75,64,57,57,57,57,57,57,47,47,47,37,31,31,23,75,67,67,67,67,67,67,54,54,61,59,49,49,48,51,51,24,88,88,88,88,88,93,93,93,80,80,80,79,78,78,75,93,84,93,93,93,93,57],"gold":76,"neow_bonus":"THREE_ENEMY_KILL","is_daily":false,"chose_seed":false,"campfire_upgraded":7,"win_rate":0.0,"timestamp":1613456545,"path_taken":["M","M","?","?","?","R","E","M","T","E","M","R","M","E","R","BOSS","M","?","M","?","?","R","E","?","T","M","M","E","M","M","R","BOSS","M","?","$","M","?","E","R","E","T","R","M","E","?","M","R","BOSS","R","$","E","BOSS"],"items_purchased_type":["Relic","Card","Relic","Relic","Relic"],"build_version":"2020-12-22","purchased_purges":1,"victory":true,"max_hp_per_floor":[75,75,75,75,75,75,75,75,75,75,75,75,75,75,75,75,75,75,75,75,75,75,75,75,75,82,82,82,82,82,82,82,82,88,88,88,88,88,93,93,93,93,93,93,93,93,93,93,93,93,93,93,93,93,93],"card_choices":[{"not_picked":["Genetic Algorithm","Stack","Rebound"],"picked":"SKIP","floor":1},{"not_picked":["Undo","Rip and Tear"],"picked":"Static Discharge","floor":2},{"not_picked":["Undo","Turbo"],"picked":"Steam","floor":7},{"not_picked":["Redo","Beam Cell"],"picked":"Chill","floor":8},{"not_picked":["Biased Cognition","Turbo"],"picked":"Cold Snap","floor":10},{"not_picked":["Sweeping Beam","Stack"],"picked":"Skim","floor":11},{"not_picked":["Rebound","Lockon","Chaos"],"picked":"SKIP","floor":13},{"not_picked":["Loop","Rebound"],"picked":"Gash","floor":14},{"not_picked":["Biased Cognition","Amplify"],"picked":"Fission","floor":16},{"not_picked":["Auto Shields+1","Coolheaded"],"picked":"Go for the Eyes+1","floor":18},{"not_picked":["Sweeping Beam+1","Conserve Battery"],"picked":"Gash","floor":19},{"not_picked":["Compile Driver","Cold Snap+1"],"picked":"Gash","floor":20},{"not_picked":["Compile Driver","Biased Cognition"],"picked":"Capacitor","floor":24},{"not_picked":["Compile Driver","Leap"],"picked":"FTL","floor":27},{"not_picked":["Conserve Battery","Double Energy","Sweeping Beam+1"],"picked":"SKIP","floor":28},{"not_picked":["Reprogram","Storm","Stack"],"picked":"SKIP","floor":29},{"not_picked":["Leap","Auto Shields+1"],"picked":"Go for the Eyes+1","floor":30},{"not_picked":["Steam Power","Genetic Algorithm"],"picked":"White Noise","floor":31},{"not_picked":["Hyperbeam","Thunder Strike"],"picked":"Reboot","floor":33},{"not_picked":["Turbo+1","Double Energy+1"],"picked":"Steam","floor":35},{"not_picked":["Turbo+1","Leap+1"],"picked":"Barrage","floor":38},{"not_picked":["Biased Cognition","Rip and Tear+1","Recycle"],"picked":"SKIP","floor":40},{"not_picked":["Rebound","Compile Driver+1"],"picked":"Electrodynamics","floor":42},{"not_picked":["Sweeping Beam+1","Compile Driver+1"],"picked":"Steam+1","floor":45},{"not_picked":["Biased Cognition","Ball Lightning","Cold Snap+1"],"picked":"SKIP","floor":46},{"not_picked":["Compile Driver+1","Rip and Tear+1"],"picked":"Undo+1","floor":48},{"not_picked":["Hello World","Coolheaded"],"picked":"Self Repair+1","floor":49},{"not_picked":["Recycle","Cold Snap+1"],"picked":"Steam","floor":54}],"player_experience":942588,"relics_obtained":[{"floor":7,"key":"Dream Catcher"},{"floor":9,"key":"Kunai"},{"floor":10,"key":"Symbiotic Virus"},{"floor":14,"key":"Centennial Puzzle"},{"floor":19,"key":"Red Mask"},{"floor":22,"key":"Meat on the Bone"},{"floor":24,"key":"Darkstone Periapt"},{"floor":25,"key":"Shuriken"},{"floor":26,"key":"Strawberry"},{"floor":29,"key":"Vajra"},{"floor":34,"key":"Bag of Preparation"},{"floor":34,"key":"Blue Candle"},{"floor":34,"key":"Torii"},{"floor":39,"key":"Unceasing Top"},{"floor":40,"key":"Calipers"},{"floor":42,"key":"Omamori"},{"floor":46,"key":"Gambling Chip"},{"floor":54,"key":"Bottled Tornado"}],"event_choices":[{"damage_healed":0,"gold_gain":75,"player_choice":"Gather Gold","damage_taken":11,"max_hp_gain":0,"max_hp_loss":0,"event_name":"World of Goop","floor":3,"gold_loss":0},{"damage_healed":0,"gold_gain":0,"player_choice":"Success","damage_taken":7,"relics_obtained":["Oddly Smooth Stone"],"max_hp_gain":0,"max_hp_loss":0,"event_name":"Scrap Ooze","floor":4,"gold_loss":0},{"damage_healed":0,"gold_gain":0,"player_choice":"Fought Bandits","damage_taken":0,"max_hp_gain":0,"max_hp_loss":0,"event_name":"Masked Bandits","floor":19,"gold_loss":0},{"damage_healed":0,"gold_gain":0,"player_choice":"Obtained Relic","damage_taken":0,"relics_obtained":["Juzu Bracelet"],"max_hp_gain":0,"max_hp_loss":0,"event_name":"Addict","floor":21,"gold_loss":85},{"damage_healed":0,"gold_gain":0,"player_choice":"Fight","damage_taken":0,"max_hp_gain":0,"max_hp_loss":0,"event_name":"MindBloom","floor":39,"gold_loss":0},{"damage_healed":0,"gold_gain":0,"player_choice":"Upgraded","damage_taken":0,"max_hp_gain":0,"max_hp_loss":0,"event_name":"Upgrade Shrine","floor":47,"gold_loss":0,"cards_upgraded":["Scrape"]}],"is_beta":false,"boss_relics":[{"not_picked":["Cursed Key","Runic Dome"],"picked":"Philosopher\u0027s Stone"},{"not_picked":["Nuclear Battery","Astrolabe"],"picked":"Calling Bell"}],"items_purged_floors":[37],"is_endless":false,"potions_floor_spawned":[1,2,11,13,18,19,29,30,31,35,39,48],"ascension_level":1}}