{"host":"eaiphzh066bwqdh7","time":1613510182,"event":{"mods":["AchievementEnabler","BaseMod","Better Note","Colored Powertips","Halation","Hubris","Infinite Spire","Minty Spire (QoL Compilation)","Quick Restart","Reliquary","Replay The Spire","StSLib"],"gold_per_floor":[363,68,87,47,25,25,39,39,119,119,119,150,160,180,180,285,285,266,266,266,277,277,288,288,66,66,78,112,112,132,152,152,152,152],"floor_reached":33,"language":"ENG","playtime":943,"items_purged":["Strike_G"],"score":320,"play_id":"066723eb-e752-4eb9-a634-0fd6a70a996c","local_time":"20210216161622","is_ascension_mode":true,"campfire_choices":[{"data":"Poisoned Stab","floor":6,"key":"SMITH"},{"data":"Poisoned Stab","floor":8,"key":"SMITH"},{"floor":11,"key":"REST"},{"data":"hubris:InfiniteBlow","floor":15,"key":"SMITH"},{"floor":24,"key":"REST"},{"floor":29,"key":"REST"},{"floor":32,"key":"REST"}],"circlet_count":0,"master_deck":["Strike_G","Strike_G","Strike_G","Strike_G","Defend_G","Defend_G","Defend_G","Defend_G","Defend_G","Survivor","Neutralize","Poisoned Stab+1","Poisoned Stab+1","Backflip","hubris:InfiniteBlow+1","Backstab","Deadly Poison","Bane","infinitespire:Neurotoxin","Sickly","PiercingWail+1","Infinite Blades","Noxious Fumes","Catalyst+1"],"relics":["Ring of the Snake","Lee\u0027s Waffle","Bag of Marbles","Blue Candle","Meat on the Bone","SlaversCollar","Omamori","Regal Pillow","HornCleat","Garlic"],"acts_visited":["Exordium","TheCity"],"potions_floor_usage":[12,12,13,16,16,16,28,31],"damage_taken":[{"damage":21,"enemies":"Jaw Worm","floor":1,"turns":7},{"damage":0,"enemies":"Cultist","floor":3,"turns":3},{"damage":0,"enemies":"2 Louse","floor":7,"turns":2},{"damage":12,"enemies":"3 Sentries","floor":12,"turns":7},{"damage":5,"enemies":"Large Slime","floor":13,"turns":4},{"damage":0,"enemies":"3 Louse","floor":14,"turns":2},{"damage":59,"enemies":"Slime Boss","floor":16,"turns":12},{"damage":11,"enemies":"2 Thieves","floor":18,"turns":4},{"damage":18,"enemies":"Shell Parasite","floor":21,"turns":4},{"damage":29,"enemies":"Snake Plant","floor":23,"turns":3},{"damage":42,"enemies":"Centurion and Healer","floor":27,"turns":6},{"damage":10,"enemies":"Slavers","floor":28,"turns":5},{"damage":25,"enemies":"Snecko","floor":30,"turns":6},{"damage":21,"enemies":"3 Cultists","floor":31,"turns":4},{"damage":69,"enemies":"Automaton","floor":33,"turns":6}],"seed_played":"-3629101043799642434","potions_obtained":[{"floor":4,"key":"Elixir"},{"floor":4,"key":"LifebloodPotion"},{"floor":4,"key":"LiquidBronze"},{"floor":12,"key":"PowerPotion"},{"floor":13,"key":"DistilledChaos"},{"floor":14,"key":"Adrenaline Potion"},{"floor":18,"key":"Languid Potion"},{"floor":28,"key":"Death Potion"},{"floor":30,"key":"Energy Potion"}],"is_trial":false,"path_per_floor":["M","$","M","?","$","R","M","R","T","?","R","E","M","M","R","B",null,"M","?","?","M","AVR","M","R","$","T","M","E","R","M","M","R","B"],"character_chosen":"THE_SILENT","items_purchased":["Lee\u0027s Waffle","Bag of Marbles","Poisoned Stab","Regal Pillow"],"campfire_rested":4,"item_purchase_floors":[2,2,5,25],"current_hp_per_floor":[28,77,77,77,77,77,77,77,77,57,77,65,60,60,60,13,77,66,66,66,48,48,31,54,54,54,24,26,64,39,30,68,0,0],"gold":152,"neow_bonus":"TWO_FIFTY_GOLD","is_daily":false,"chose_seed":false,"campfire_upgraded":3,"win_rate":0.0,"timestamp":1613510182,"path_taken":["M","$","M","?","?","R","M","R","T","?","R","E","M","M","R","BOSS","M","?","?","?","AVR","M","R","?","T","M","E","R","M","M","R","BOSS"],"items_purchased_type":["Relic","Relic","Card","Relic"],"build_version":"2020-12-22","purchased_purges":1,"victory":false,"max_hp_per_floor":[70,77,77,77,77,77,77,77,77,77,77,77,77,77,77,77,77,77,77,77,77,77,77,77,77,77,77,77,77,77,77,77,77,77],"card_choices":[{"not_picked":["ReplayTheSpireMod:The Works","Dagger Throw","Prepared"],"picked":"SKIP","floor":1},{"not_picked":["Acrobatics","Accuracy"],"picked":"Poisoned Stab","floor":3},{"not_picked":["Cloak And Dagger","Concentrate"],"picked":"Backflip","floor":7},{"not_picked":["Replay:Fractal Strike","infinitespire:Gouge"],"picked":"hubris:InfiniteBlow","floor":10},{"not_picked":["Dodge and Roll","Heel Hook"],"picked":"Backstab","floor":12},{"not_picked":["Skewer","Poisoned Stab"],"picked":"Deadly Poison","floor":13},{"not_picked":["Outmaneuver","Deflect"],"picked":"Bane","floor":14},{"not_picked":["Night Terror","ReplayTheSpireMod:Necrosis"],"picked":"infinitespire:Neurotoxin","floor":16},{"not_picked":["Acrobatics","PiercingWail","Dagger Throw+1"],"picked":"SKIP","floor":18},{"not_picked":["Endless Agony","Prepared","Quick Slash"],"picked":"SKIP","floor":21},{"not_picked":["Sucker Punch+1","ReplayTheSpireMod:Speed Training+1"],"picked":"PiercingWail+1","floor":23},{"not_picked":["Outmaneuver","Leg Sweep+1"],"picked":"Infinite Blades","floor":27},{"not_picked":["Storm of Steel","Tactician+1"],"picked":"Noxious Fumes","floor":28},{"not_picked":["hubris:SlightOfHand","hubris:Sniper","Blade Dance"],"picked":"SKIP","floor":30},{"not_picked":["ReplayTheSpireMod:Speed Training+1","Flechettes"],"picked":"Catalyst+1","floor":31}],"player_experience":313956,"relics_obtained":[{"floor":9,"key":"Blue Candle"},{"floor":12,"key":"Meat on the Bone"},{"floor":26,"key":"HornCleat"},{"floor":28,"key":"Garlic"}],"event_choices":[{"damage_healed":0,"gold_gain":0,"player_choice":"Bought 3 Potions","damage_taken":0,"max_hp_gain":0,"max_hp_loss":0,"event_name":"The Woman in Blue","floor":4,"gold_loss":0},{"damage_healed":0,"gold_gain":0,"player_choice":"Ignored","damage_taken":0,"max_hp_gain":0,"max_hp_loss":0,"event_name":"Vampires","floor":19,"gold_loss":0}],"is_beta":false,"boss_relics":[{"not_picked":["SacredBark","Astrolabe"],"picked":"SlaversCollar"}],"items_purged_floors":[25],"is_endless":false,"potions_floor_spawned":[12,13,14,18,28,30],"killed_by":"Automaton","ascension_level":4}}