{"host":"64qzurqwi0x0qgxo","time":1613493827,"event":{"mods":["Act Like it!","BaseMod","Colored Map","Colored Powertips","Googly Eyes","Keyboard Shortcuts","Minty Spire (QoL Compilation)","MostiFishMod","Rare Cards Sparkle","Relic Stats","Replay The Spire","StSLib","The Poker Player","noobMod"],"gold_per_floor":[109,109,122,136,38,68,68,100,135,147,194,206,232,42,42,143,143,162,16,16,27,46,77,77,77,77,77],"floor_reached":25,"language":"ZHS","playtime":2276,"items_purged":["PokerPlayerMod:Spade1","PokerPlayerMod:Diamond1"],"score":239,"play_id":"cdf7582f-15c6-489c-88d4-7cd81169113f","local_time":"20210217004347","is_ascension_mode":false,"metric_token":918,"campfire_choices":[{"floor":7,"key":"RECALL"},{"data":"PokerPlayerMod:Club1","floor":10,"key":"SMITH"},{"data":"PokerPlayerMod:ItsShowtime","floor":24,"key":"SMITH"}],"circlet_count":0,"master_deck":["PokerPlayerMod:Diamond2","PokerPlayerMod:Diamond3","PokerPlayerMod:Diamond4","PokerPlayerMod:Diamond5","PokerPlayerMod:Spade2","PokerPlayerMod:Spade3","PokerPlayerMod:Spade4","PokerPlayerMod:Club2","PokerPlayerMod:Club2","PokerPlayerMod:Heart2","PokerPlayerMod:BadJoker","PokerPlayerMod:Mulligan","PokerPlayerMod:Overdeal","PokerPlayerMod:Spade8","PokerPlayerMod:Club3","PokerPlayerMod:Diamond5","PokerPlayerMod:Overdeal","PokerPlayerMod:Club7","PokerPlayerMod:Diamond7","PokerPlayerMod:Diamond7","PokerPlayerMod:Club7","PokerPlayerMod:ItsShowtime+1","PokerPlayerMod:GamblerForm","Pot Of Greed","Pot Of Greed","PokerPlayerMod:Diamond2","Pot Of Greed","PokerPlayerMod:Club6","PokerPlayerMod:Promotion"],"relics":["PokerPlayerMod:DeckCase","ice","DaveBox","SynthV:TestCard","Toy Ornithopter","MawBank","Nloth\u0027s Gift","MealTicket","Replay:Bronze Core","Grinning Jar","Nunchaku"],"acts_visited":["Exordium","TheCity"],"potions_floor_usage":[],"damage_taken":[{"damage":0,"enemies":"Small Slimes","floor":1,"turns":2},{"damage":0,"enemies":"Cultist","floor":3,"turns":3},{"damage":5,"enemies":"2 Louse","floor":4,"turns":3},{"damage":32,"enemies":"Gremlin Nob","floor":6,"turns":6},{"damage":25,"enemies":"Replay:BlueRogue","floor":8,"turns":7},{"damage":10,"enemies":"Lagavulin","floor":11,"turns":6},{"damage":0,"enemies":"Exordium Wildlife","floor":13,"turns":3},{"damage":35,"enemies":"Hexaghost","floor":16,"turns":9},{"damage":10,"enemies":"Shell Parasite","floor":18,"turns":3},{"damage":10,"enemies":"Chosen","floor":21,"turns":4},{"damage":14,"enemies":"Shelled Parasite and Fungi","floor":22,"turns":3},{"damage":32,"enemies":"Gremlin Leader","floor":23,"turns":7}],"seed_played":"-6323407839767918475","potions_obtained":[{"floor":3,"key":"Elixir"},{"floor":6,"key":"Fire Potion"},{"floor":16,"key":"Milkshake"}],"is_trial":false,"path_per_floor":["M","?","M","M","$","E","R","E","T","R","E","?","M","$","R_BF","B",null,"M","$","?","M","M","E","R","?"],"character_chosen":"THE_POKER_PLAYER","items_purchased":["PokerPlayerMod:Diamond5","PokerPlayerMod:Club7","Grinning Jar"],"campfire_rested":0,"item_purchase_floors":[5,14,19],"current_hp_per_floor":[52,52,52,47,47,17,17,15,15,15,17,22,36,51,57,37,57,47,57,57,54,40,10,10,0,0,0],"gold":77,"neow_bonus":"RANDOM_COLORLESS","is_daily":false,"chose_seed":false,"campfire_upgraded":2,"win_rate":0.0,"timestamp":1613493827,"path_taken":["M","?","?","M","$","E","R","E","T","R","E","?","M","?","R_BF","BOSS","M","$","?","M","M","E","R","?"],"items_purchased_type":["Card","Card","Relic"],"build_version":"2020-12-22","purchased_purges":2,"victory":false,"max_hp_per_floor":[52,52,52,52,52,52,52,52,52,52,52,57,57,57,57,57,57,57,57,57,57,57,57,57,57,57,57],"relic_stats":{"Nunchaku":[0],"counters":[12,56],"MealTicket":25,"Nloth\u0027s Gift":5,"MawBank":72,"obtain_stats":[{"PokerPlayerMod:DeckCase":0,"Nunchaku":23,"SynthV:TestCard":1,"DaveBox":0,"Replay:Bronze Core":17,"MealTicket":11,"ice":0,"Nloth\u0027s Gift":8,"Grinning Jar":19,"MawBank":8,"Toy Ornithopter":6},{"PokerPlayerMod:DeckCase":0,"Nunchaku":12,"SynthV:TestCard":1,"DaveBox":0,"Replay:Bronze Core":8,"MealTicket":6,"ice":0,"Nloth\u0027s Gift":5,"Grinning Jar":9,"MawBank":5,"Toy Ornithopter":4},{"PokerPlayerMod:DeckCase":0,"Nunchaku":56,"SynthV:TestCard":2,"DaveBox":0,"Replay:Bronze Core":39,"MealTicket":27,"ice":0,"Nloth\u0027s Gift":21,"Grinning Jar":42,"MawBank":21,"Toy Ornithopter":14}],"Toy Ornithopter":0},"card_choices":[{"not_picked":["PokerPlayerMod:MagicTrick","PokerPlayerMod:Diamond6"],"picked":"PokerPlayerMod:Overdeal","floor":1},{"not_picked":["PokerPlayerMod:Heart3","PokerPlayerMod:MagicTrick","PokerPlayerMod:JackOfSpades","PokerPlayerMod:CardPrinter"],"picked":"PokerPlayerMod:Spade7","floor":3},{"not_picked":["PokerPlayerMod:DiamondStrike","PokerPlayerMod:DartThrow","PokerPlayerMod:CloakAndDiamond","PokerPlayerMod:Raise"],"picked":"PokerPlayerMod:Club3","floor":4},{"not_picked":["PokerPlayerMod:Spade2","PokerPlayerMod:DamnStraight","PokerPlayerMod:HotShotCut","PokerPlayerMod:Fold"],"picked":"PokerPlayerMod:Overdeal","floor":6},{"not_picked":["PokerPlayerMod:Diamond9","PokerPlayerMod:Overdeal","PokerPlayerMod:MagicTrick","PokerPlayerMod:Raise"],"picked":"PokerPlayerMod:Club7","floor":8},{"not_picked":["PokerPlayerMod:Fold","PokerPlayerMod:VarietyAttack","PokerPlayerMod:ClubStrike","PokerPlayerMod:Diamond3"],"picked":"PokerPlayerMod:Diamond7","floor":11},{"not_picked":["PokerPlayerMod:Diamond4","PokerPlayerMod:Heart3","PokerPlayerMod:ClubStrike","PokerPlayerMod:Heart1"],"picked":"PokerPlayerMod:Diamond7","floor":13},{"not_picked":["PokerPlayerMod:Diamond10+","PokerPlayerMod:ChangeRules","PokerPlayerMod:RoyalStrike","PokerPlayerMod:Spade8"],"picked":"PokerPlayerMod:ItsShowtime","floor":16},{"not_picked":["PokerPlayerMod:Spade6","PokerPlayerMod:Spade3","PokerPlayerMod:Trickery+1","PokerPlayerMod:CardBurn"],"picked":"PokerPlayerMod:GamblerForm","floor":18},{"not_picked":["PokerPlayerMod:Fold","PokerPlayerMod:Configure","PokerPlayerMod:HeartStrike+1","PokerPlayerMod:Manipulation+1"],"picked":"PokerPlayerMod:Diamond2","floor":21},{"not_picked":["PokerPlayerMod:Configure","PokerPlayerMod:Diamond3","PokerPlayerMod:Diamond8","PokerPlayerMod:Diamond10+"],"picked":"PokerPlayerMod:Club6","floor":22},{"not_picked":["PokerPlayerMod:CardBurn","PokerPlayerMod:Manipulation","PokerPlayerMod:Diamond4","PokerPlayerMod:Heart1"],"picked":"PokerPlayerMod:Promotion","floor":23}],"player_experience":111017,"relics_obtained":[{"floor":1,"key":"SynthV:TestCard"},{"floor":6,"key":"Toy Ornithopter"},{"floor":8,"key":"MawBank"},{"floor":11,"key":"MealTicket"},{"floor":23,"key":"Nunchaku"}],"event_choices":[{"cards_removed":["PokerPlayerMod:TrumpStrike"],"damage_healed":0,"gold_gain":0,"player_choice":"Offered Basic","damage_taken":0,"max_hp_gain":0,"max_hp_loss":0,"event_name":"Bonfire Elementals","floor":2,"gold_loss":0},{"damage_healed":0,"gold_gain":0,"player_choice":"Donut","damage_taken":0,"max_hp_gain":5,"max_hp_loss":0,"event_name":"Big Fish","floor":12,"gold_loss":0}],"is_beta":false,"boss_relics":[{"not_picked":["Calling Bell","Tiny House"],"picked":"Replay:Bronze Core"}],"items_purged_floors":[5,14],"is_endless":false,"potions_floor_spawned":[3,6,16,21],"ascension_level":0}}