{"host":"1eshbq9n813iloto","time":1613490082,"event":{"mods":["Astrologer","BaseMod","Better Third Choice","Hermit","Hubris","Infinite Spire","Minty Spire (QoL Compilation)","StSLib","The Cursed","TheBandit"],"gold_per_floor":[116,116,116,126,126,126,144,156,156,156,172,172,184,70,70,169,169,186,111,137,137,152,152,152],"floor_reached":23,"language":"ENG","playtime":2113,"items_purged":["Strike_R"],"score":231,"play_id":"99d3980b-ebfb-46c6-a7d7-fe50d947827b","local_time":"20210216104122","is_ascension_mode":false,"campfire_choices":[{"data":"Spot Weakness","floor":6,"key":"SMITH"},{"data":"Feed","floor":10,"key":"SMITH"},{"data":"Dual Wield","floor":15,"key":"SMITH"}],"circlet_count":0,"master_deck":["Defend_R","Defend_R","Defend_R","Defend_R","Bash+1","Twin Strike","Spot Weakness+1","Feed+1","Shrug It Off","Sword Boomerang","Inflame","Dual Wield+1","Uppercut","Barricade","Juggernaut+1","Pommel Strike+1","Bash+1"],"relics":["Burning Blood","infinitespire:Beetle Shell","Pear","hubris:Icosahedron","Astrolabe","Oddly Smooth Stone"],"acts_visited":["Exordium","TheCity"],"potions_floor_usage":[16,16,22,23],"damage_taken":[{"damage":4,"enemies":"Small Slimes","floor":1,"turns":4},{"damage":6,"enemies":"Jaw Worm","floor":4,"turns":3},{"damage":0,"enemies":"Cultist","floor":7,"turns":2},{"damage":9,"enemies":"2 Fungi Beasts","floor":8,"turns":3},{"damage":0,"enemies":"Large Slime","floor":11,"turns":5},{"damage":6,"enemies":"Exordium Wildlife","floor":13,"turns":2},{"damage":60,"enemies":"The Guardian","floor":16,"turns":11},{"damage":29,"enemies":"3 Byrds","floor":18,"turns":9},{"damage":1,"enemies":"Spheric Guardian","floor":22,"turns":3},{"damage":129,"enemies":"Book of Stabbing","floor":23,"turns":9}],"seed_played":"-1606141685368594084","potions_obtained":[{"floor":7,"key":"AttackPotion"},{"floor":11,"key":"Energy Potion"},{"floor":13,"key":"PowerPotion"},{"floor":22,"key":"Swift Potion"}],"is_trial":false,"path_per_floor":["M","?","?","M","?","R","M","M","T","R","M","?","M","$","R","B",null,"M","?","T","?","M","E"],"character_chosen":"IRONCLAD","items_purchased":["Uppercut"],"campfire_rested":0,"item_purchase_floors":[14],"current_hp_per_floor":[80,80,80,80,80,80,83,83,93,93,100,100,104,104,104,54,108,89,89,89,89,94,0,0],"gold":152,"neow_bonus":"RANDOM_COMMON_RELIC","is_daily":false,"chose_seed":false,"campfire_upgraded":3,"win_rate":0.0,"timestamp":1613490082,"path_taken":["M","?","?","M","?","R","?","M","T","R","M","?","M","$","R","BOSS","M","?","?","?","M","E"],"items_purchased_type":["Card"],"build_version":"2020-12-13","purchased_purges":1,"victory":false,"max_hp_per_floor":[80,80,80,80,80,80,83,86,96,96,100,100,104,104,104,108,108,112,112,112,112,112,112,112],"card_choices":[{"not_picked":["hubris:ReadiedAction","Ghostly Armor"],"picked":"Twin Strike","floor":1},{"not_picked":["Blood for Blood","infinitespire:OneForAll"],"picked":"Spot Weakness","floor":4},{"not_picked":["Rampage","Thunderclap"],"picked":"Shrug It Off","floor":7},{"not_picked":["hubris:SharpeningStone","Body Slam"],"picked":"Sword Boomerang","floor":8},{"not_picked":["Iron Wave","Clothesline"],"picked":"Inflame","floor":11},{"not_picked":["Whirlwind","Heavy Blade"],"picked":"Dual Wield","floor":13},{"not_picked":["Brutality","Corruption"],"picked":"Barricade","floor":16},{"not_picked":["Entrench+1","Twin Strike","Iron Wave"],"picked":"SKIP","floor":18},{"not_picked":["Clothesline","Infernal Blade+1","Warcry"],"picked":"SKIP","floor":22}],"player_experience":23070,"relics_obtained":[{"floor":9,"key":"Pear"},{"floor":20,"key":"Oddly Smooth Stone"}],"event_choices":[{"damage_healed":0,"gold_gain":0,"player_choice":"1 cards matched","damage_taken":0,"max_hp_gain":0,"max_hp_loss":0,"event_name":"Match and Keep!","floor":5,"gold_loss":0,"cards_obtained":["Feed"]},{"cards_removed":["Entrench"],"damage_healed":0,"gold_gain":0,"player_choice":"Gave Gold","damage_taken":0,"max_hp_gain":0,"max_hp_loss":0,"event_name":"Beggar","floor":19,"gold_loss":75},{"damage_healed":0,"gold_gain":0,"player_choice":"Copied","damage_taken":0,"max_hp_gain":0,"max_hp_loss":0,"event_name":"Duplicator","floor":21,"gold_loss":0,"cards_obtained":["Bash"]}],"is_beta":false,"boss_relics":[{"not_picked":["hubris:Stopwatch","Busted Crown"],"picked":"Astrolabe"}],"items_purged_floors":[14],"is_endless":false,"potions_floor_spawned":[7,11,13,22],"killed_by":"Book of Stabbing","ascension_level":0}}