{"host":"na09lpbrez4gbfiz","time":1613503227,"event":{"mods":["Act Like it!","BaseMod","BetterRewards","Colored Map","Colored Powertips","DeckTracker","Googly Eyes","Highlight Path","Minty Spire (QoL Compilation)","Quick Restart","Spicy Shops","StSLib","SuperFastMode","Synergy Search"],"gold_per_floor":[118,8,8,21,21,49,60,60,84,84,34,34,34,68,68,68,68],"floor_reached":16,"language":"ENG","playtime":264,"items_purged":[],"score":223,"play_id":"f46f75af-2f30-4147-acb1-0e25f56cffb4","local_time":"20210216202027","is_ascension_mode":true,"campfire_choices":[{"data":"Rampage","floor":8,"key":"SMITH"},{"floor":10,"key":"REST"},{"data":"Seeing Red","floor":12,"key":"SMITH"},{"floor":15,"key":"REST"}],"circlet_count":0,"master_deck":["AscendersBane","Strike_R","Strike_R","Strike_R","Strike_R","Defend_R","Defend_R","Defend_R","Defend_R","Bash","Rampage+1","Seeing Red+1","Reaper"],"relics":["Burning Blood","NeowsBlessing","Pen Nib","Dead Branch","Dream Catcher","Juzu Bracelet"],"acts_visited":["Exordium"],"potions_floor_usage":[16],"damage_taken":[{"damage":0,"enemies":"Small Slimes","floor":1,"turns":1},{"damage":0,"enemies":"Cultist","floor":4,"turns":1},{"damage":0,"enemies":"3 Sentries","floor":6,"turns":2},{"damage":14,"enemies":"2 Louse","floor":7,"turns":5},{"damage":24,"enemies":"Lagavulin","floor":14,"turns":6},{"damage":89,"enemies":"Hexaghost","floor":16,"turns":9}],"seed_played":"-5559855683910905292","potions_obtained":[{"floor":6,"key":"FearPotion"},{"floor":14,"key":"Strength Potion"}],"is_trial":false,"path_per_floor":["M","?","$","M","$","E","M","R","T","R","?","R","$","E","R","B"],"character_chosen":"IRONCLAD","items_purchased":[],"campfire_rested":2,"item_purchase_floors":[],"current_hp_per_floor":[74,74,74,75,75,75,67,67,67,75,75,75,75,57,75,0,0],"gold":68,"neow_bonus":"THREE_ENEMY_KILL","is_daily":false,"chose_seed":false,"campfire_upgraded":2,"win_rate":0.0,"timestamp":1613503227,"path_taken":["M","?","$","M","$","E","?","R","T","R","?","R","?","E","R","BOSS"],"items_purchased_type":[],"build_version":"2020-12-22","purchased_purges":0,"victory":false,"max_hp_per_floor":[75,75,75,75,75,75,75,75,75,75,75,75,75,75,75,75,75],"card_choices":[{"not_picked":["Headbutt","Perfected Strike","Havoc"],"picked":"SKIP","floor":1},{"not_picked":["Sword Boomerang","Burning Pact","Warcry"],"picked":"SKIP","floor":4},{"not_picked":["Searing Blow","Spot Weakness","Sever Soul"],"picked":"SKIP","floor":6},{"not_picked":["Evolve","Bloodletting"],"picked":"Rampage","floor":7},{"not_picked":["Intimidate","Burning Pact"],"picked":"Seeing Red","floor":10},{"not_picked":["Body Slam","Sword Boomerang","Flex"],"picked":"SKIP","floor":14},{"not_picked":["Infernal Blade","Heavy Blade"],"picked":"Reaper","floor":15}],"player_experience":221068,"relics_obtained":[{"floor":6,"key":"Dead Branch"},{"floor":9,"key":"Dream Catcher"},{"floor":14,"key":"Juzu Bracelet"}],"event_choices":[{"damage_healed":0,"gold_gain":0,"player_choice":"Paid Gold","damage_taken":0,"relics_obtained":["Pen Nib"],"max_hp_gain":0,"max_hp_loss":0,"event_name":"WeMeetAgain","floor":2,"gold_loss":110},{"cards_removed":["Strike_R"],"damage_healed":0,"gold_gain":0,"player_choice":"Card Removal","damage_taken":0,"max_hp_gain":0,"max_hp_loss":0,"event_name":"The Cleric","floor":11,"gold_loss":50}],"is_beta":false,"boss_relics":[],"items_purged_floors":[],"is_endless":false,"potions_floor_spawned":[6,14],"killed_by":"Hexaghost","ascension_level":14}}