{"host":"tvwbxqry54t86y0v","time":1613450735,"event":{"mods":["2.2 Compatiblity","A Magickal Journey","Act Like it!","Arknights","Astrologer","BaseMod","Beaked The Cultist","BetterRewards","Block Reminder","Clockwork Mod","Colored Powertips","DeckTracker","Downfall","Fiend Mod","GungeonMod","Hermit","Hubris","Infinite Spire","Ironclad Rager","Marked Mod","Mimic Mod","Minty Spire (QoL Compilation)","Potionbrewer","Reliquary","Replay The Spire","Robot Space Explorer","Shade Mod","Somnambulant","StSLib","The Bug Knight","The Cursed","The Death Knight","The Druid","The Elementalist","The Exalted","The Forsaken","The Hierophant","The Jungle","The Marked","The Mystic","The Problem Sleuth","The Runesmith","The Senshi","The Spell Scribe","The Valiant","The Wild Card","TheFirefly","TheHeartMod","Unceasing Turn Reminder","thorton"],"gold_per_floor":[15,15,15,15,65,100,100,130,130,148,164,164,198,41,41,136,136,152,67,84,110,110,110],"floor_reached":22,"language":"ENG","playtime":1147,"items_purged":[],"score":293,"play_id":"7bc30d1d-aa1b-4c47-a9a0-4166146504ca","local_time":"20210216154535","is_ascension_mode":true,"campfire_choices":[{"floor":7,"key":"REST"},{"data":"Blizzard","floor":15,"key":"SMITH"}],"circlet_count":0,"master_deck":["Zap","Dualcast","Ball Lightning","Cold Snap","Ball Lightning","Cold Snap","Leap","Leap","Leap","Leap","White Noise","Hallucinations","theWildCard:Polydeuces","Blizzard+1","Mirror Shield","BasicCrystalCard","Echo Form","Time Bomb","Crystallizer"],"relics":["Cracked Core","ReplayTheSpireMod:Ring of Exchange","reliquary:LoveEmittingDiode","infinitespire:WardingShard","Blood Vial","Bromod:ArcaneTempo","Lee\u0027s Waffle","Replay:Antivirus Software","Red Mask"],"acts_visited":["Exordium","TheCity"],"potions_floor_usage":[11,13,13,16,16,18,21],"damage_taken":[{"damage":12,"enemies":"Jaw Worm","floor":1,"turns":4},{"damage":15,"enemies":"Gremlin Nob","floor":6,"turns":4},{"damage":6,"enemies":"3 Sentries","floor":8,"turns":7},{"damage":0,"enemies":"2 Louse","floor":10,"turns":1},{"damage":0,"enemies":"Small Slimes","floor":11,"turns":3},{"damage":0,"enemies":"Gremlin Nob","floor":13,"turns":4},{"damage":5,"enemies":"Fading Forest","floor":16,"turns":11},{"damage":10,"enemies":"3 Byrds","floor":18,"turns":6},{"damage":4,"enemies":"Spheric Guardian","floor":20,"turns":5},{"damage":57,"enemies":"Masked Bandits","floor":21,"turns":5},{"damage":20,"enemies":"Snecko","floor":22,"turns":4}],"seed_played":"-6281503440730294718","potions_obtained":[{"floor":1,"key":"GamblersBrew"},{"floor":8,"key":"EntropicBrew"},{"floor":11,"key":"potionbrewer:DiscountPotion"},{"floor":18,"key":"Fire Potion"}],"is_trial":false,"path_per_floor":["M","?","?","?","?","E","R","E","T","M","M","?","E","$","R","B",null,"M","?","M","?","M"],"character_chosen":"DEFECT","items_purchased":["Bromod:ArcaneTempo"],"campfire_rested":1,"item_purchase_floors":[14],"current_hp_per_floor":[38,38,38,31,31,16,36,30,30,30,30,52,52,52,52,49,75,65,65,63,8,0,0],"gold":110,"neow_bonus":"DEFECT_STORMLORD","is_daily":false,"chose_seed":false,"campfire_upgraded":1,"win_rate":0.0,"timestamp":1613450735,"path_taken":["M","?","?","?","?","E","R","E","T","M","?","?","E","?","R","BOSS","M","?","M","?","M"],"items_purchased_type":["Relic"],"build_version":"2020-12-22","purchased_purges":0,"victory":false,"max_hp_per_floor":[68,68,68,68,68,68,68,68,68,68,68,68,68,68,68,68,75,75,75,75,75,75,75],"card_choices":[{"not_picked":["ReplaySort","Compile Driver"],"picked":"White Noise","floor":1},{"not_picked":["ReplayTheSpireMod:Reroute Power","Coolheaded"],"picked":"Blizzard","floor":6},{"not_picked":["Blizzard","Beam Cell"],"picked":"Mirror Shield","floor":8},{"not_picked":["Scrape","Crystallizer"],"picked":"BasicCrystalCard","floor":10},{"not_picked":["Melter","Hologram","Redo"],"picked":"SKIP","floor":11},{"not_picked":["Go for the Eyes","Gash","Compile Driver"],"picked":"SKIP","floor":13},{"not_picked":["Buffer","Hyperbeam"],"picked":"Echo Form","floor":16},{"not_picked":["Darkness","hubris:PowerSurge"],"picked":"Time Bomb","floor":18},{"not_picked":["ReplayTheSpireMod:Calculation Training","Conserve Battery"],"picked":"Crystallizer","floor":20}],"player_experience":1168151,"relics_obtained":[{"floor":2,"key":"ReplayTheSpireMod:Ring of Exchange"},{"floor":6,"key":"reliquary:LoveEmittingDiode"},{"floor":8,"key":"infinitespire:WardingShard"},{"floor":13,"key":"Blood Vial"},{"floor":21,"key":"Red Mask"}],"event_choices":[{"cards_removed":["Looming Evil"],"damage_healed":0,"gold_gain":0,"player_choice":"Card Removal","damage_taken":7,"max_hp_gain":0,"max_hp_loss":0,"event_name":"Golden Wing","floor":4,"gold_loss":0},{"damage_healed":22,"gold_gain":0,"player_choice":"Banana","damage_taken":0,"max_hp_gain":0,"max_hp_loss":0,"event_name":"Big Fish","floor":12,"gold_loss":0},{"damage_healed":0,"gold_gain":0,"player_choice":"Obtained Relic","damage_taken":0,"relics_obtained":["Replay:Antivirus Software"],"max_hp_gain":0,"max_hp_loss":0,"event_name":"Addict","floor":19,"gold_loss":85},{"damage_healed":0,"gold_gain":0,"player_choice":"Fought Bandits","damage_taken":0,"max_hp_gain":0,"max_hp_loss":0,"event_name":"Masked Bandits","floor":21,"gold_loss":0}],"is_beta":false,"boss_relics":[{"not_picked":["hubris:Stopwatch","hubris:CrackedHourglass"],"picked":"Lee\u0027s Waffle"}],"items_purged_floors":[],"is_endless":false,"potions_floor_spawned":[1,8,11,13,18],"killed_by":"Snecko","ascension_level":6}}