{"host":"v86vpwf004p2esb7","time":1613471759,"event":{"mods":["AchievementEnabler","BaseMod","BetterRewards","Colored Powertips","Minty Spire (QoL Compilation)","Quick Restart","StSLib","Transform Curses"],"gold_per_floor":[116,116,127,138,138,138,170,170,170,170,135,164,164,339,339,438,438,457,457,40,56,56,88,88,88,88,98,111,144,84,94,94,194,194,206,206,27,40,51,51,82,132,156,156,185,116,128,146,146,146,146,146,3,36,36],"floor_reached":56,"language":"ENG","playtime":2382,"items_purged":["Doubt"],"score":1424,"play_id":"a8419661-de95-41eb-9de8-378ffd139652","local_time":"20210216023559","is_ascension_mode":true,"campfire_choices":[{"floor":6,"key":"REST"},{"floor":10,"key":"REST"},{"data":"Eruption","floor":13,"key":"SMITH"},{"floor":15,"key":"RECALL"},{"floor":25,"key":"REST"},{"floor":32,"key":"REST"},{"floor":40,"key":"REST"},{"floor":44,"key":"REST"},{"floor":49,"key":"REST"},{"data":"Vault","floor":52,"key":"SMITH"}],"circlet_count":0,"master_deck":["Strike_P","Strike_P+1","Strike_P+1","Defend_P+1","Defend_P","Defend_P","Defend_P","Eruption+1","Vigilance","Adaptation+1","ReachHeaven+1","FearNoEvil+1","Collect+1","FlyingSleeves+1","CarveReality+1","JustLucky+1","Consecrate+1","Halt","Devotion+1","Good Instincts","JustLucky+1","BattleHymn+1","CutThroughFate+1","Alpha","Worship+1","EmptyFist+1","FollowUp+1","Worship","Vault+1","Swivel","BattleHymn+1","SandsOfTime+1","ForeignInfluence","WreathOfFlame+1","WaveOfTheHand+1","TalkToTheHand+1","EmptyBody+1","JustLucky+1","SignatureMove+1"],"relics":["PureWater","Frozen Egg 2","Molten Egg 2","HandDrill","Akabeko","Lantern","War Paint","Busted Crown","Nilry\u0027s Codex","Kunai","Smiling Mask","Mercury Hourglass","Sundial","Black Star","MealTicket","Gremlin Horn","Bottled Lightning","Ginger","Pen Nib","Ornamental Fan","HornCleat","Damaru","Orichalcum","Happy Flower"],"acts_visited":["Exordium","TheCity","TheBeyond","TheEnding"],"potions_floor_usage":[33,50,50],"damage_taken":[{"damage":24,"enemies":"Jaw Worm","floor":1,"turns":2},{"damage":2,"enemies":"2 Louse","floor":3,"turns":3},{"damage":5,"enemies":"Small Slimes","floor":4,"turns":2},{"damage":0,"enemies":"Lagavulin","floor":7,"turns":3},{"damage":1,"enemies":"3 Sentries","floor":12,"turns":3},{"damage":33,"enemies":"Hexaghost","floor":16,"turns":6},{"damage":6,"enemies":"2 Thieves","floor":18,"turns":4},{"damage":17,"enemies":"Spheric Guardian","floor":21,"turns":4},{"damage":24,"enemies":"Gremlin Leader","floor":23,"turns":5},{"damage":0,"enemies":"Snecko","floor":27,"turns":2},{"damage":0,"enemies":"Snake Plant","floor":28,"turns":2},{"damage":4,"enemies":"Book of Stabbing","floor":29,"turns":3},{"damage":0,"enemies":"Centurion and Healer","floor":31,"turns":2},{"damage":5,"enemies":"Champ","floor":33,"turns":6},{"damage":0,"enemies":"Orb Walker","floor":35,"turns":4},{"damage":57,"enemies":"3 Shapes","floor":38,"turns":4},{"damage":4,"enemies":"Transient","floor":39,"turns":6},{"damage":0,"enemies":"Reptomancer","floor":41,"turns":3},{"damage":24,"enemies":"Mind Bloom Boss Battle","floor":42,"turns":6},{"damage":28,"enemies":"Giant Head","floor":45,"turns":7},{"damage":6,"enemies":"4 Shapes","floor":47,"turns":3},{"damage":0,"enemies":"Sphere and 2 Shapes","floor":48,"turns":3},{"damage":22,"enemies":"Time Eater","floor":50,"turns":7},{"damage":34,"enemies":"Shield and Spear","floor":54,"turns":4},{"damage":67,"enemies":"The Heart","floor":55,"turns":9}],"seed_played":"-2552185625106455535","potions_obtained":[{"floor":3,"key":"Block Potion"},{"floor":7,"key":"Explosive Potion"},{"floor":18,"key":"Regen Potion"},{"floor":36,"key":"FairyPotion"},{"floor":36,"key":"EssenceOfSteel"}],"is_trial":false,"path_per_floor":["M","?","M","M","?","R","E","?","T","R","?","E","R","?","R","B",null,"M","?","$","M","?","E","?","R","T","M","M","E","?","M","R","B",null,"M","?","$","M","M","R","E","?","T","R","E","$","M","M","R","B",null,"R","$","E","B",null],"character_chosen":"WATCHER","items_purchased":["Frozen Egg 2","Adaptation+1","Molten Egg 2","ReachHeaven+1","FearNoEvil+1","HandDrill","Kunai","Good Instincts","BattleHymn+1","MealTicket","TalkToTheHand+1","Damaru"],"campfire_rested":7,"item_purchase_floors":[0,0,0,0,0,0,20,20,37,37,46,53],"current_hp_per_floor":[16,40,38,33,8,29,29,15,15,36,54,53,53,53,53,20,72,66,50,50,33,33,9,9,30,30,30,30,26,26,26,47,42,72,72,72,72,15,11,32,32,8,8,29,1,16,10,10,31,24,72,72,72,38,2],"gold":36,"neow_bonus":"","is_daily":false,"chose_seed":false,"campfire_upgraded":2,"win_rate":0.0,"timestamp":1613471759,"path_taken":["M","?","M","M","?","R","E","?","T","R","?","E","R","?","R","BOSS","M","?","$","M","?","E","?","R","T","?","M","E","?","?","R","BOSS","M","?","$","?","M","R","E","?","T","R","E","?","M","M","R","BOSS","R","$","E","BOSS"],"items_purchased_type":["Relic","Card","Relic","Card","Card","Relic","Relic","Card","Card","Relic","Card","Relic"],"build_version":"2020-12-22","purchased_purges":1,"victory":true,"max_hp_per_floor":[72,72,72,72,72,72,72,72,72,72,72,72,72,72,72,72,72,72,72,72,72,72,72,72,72,72,72,72,72,72,72,72,72,72,72,72,72,72,72,72,72,72,72,72,72,72,72,72,72,72,72,72,72,72,72],"card_choices":[{"not_picked":["ThirdEye","EmptyFist+1"],"picked":"FlyingSleeves+1","floor":1},{"not_picked":["Protect","CutThroughFate+1"],"picked":"CarveReality+1","floor":3},{"not_picked":["SashWhip+1","Sanctity"],"picked":"JustLucky+1","floor":4},{"not_picked":["Evaluate","Swivel"],"picked":"Consecrate+1","floor":7},{"not_picked":["CutThroughFate+1","SashWhip+1"],"picked":"Halt","floor":12},{"not_picked":["Ragnarok+1","SpiritShield"],"picked":"Devotion+1","floor":16},{"not_picked":["Conclude+1"],"picked":"SKIP","floor":18},{"not_picked":[],"picked":"JustLucky+1","floor":21},{"not_picked":[],"picked":"CutThroughFate+1","floor":23},{"not_picked":[],"picked":"Worship+1","floor":27},{"not_picked":[],"picked":"EmptyFist+1","floor":28},{"not_picked":[],"picked":"FollowUp+1","floor":29},{"not_picked":[],"picked":"Worship","floor":31},{"not_picked":[],"picked":"Vault","floor":33},{"not_picked":[],"picked":"Swivel","floor":35},{"not_picked":["EmptyMind"],"picked":"SKIP","floor":38},{"not_picked":[],"picked":"SandsOfTime+1","floor":39},{"not_picked":[],"picked":"ForeignInfluence","floor":41},{"not_picked":[],"picked":"WreathOfFlame+1","floor":42},{"not_picked":[],"picked":"WaveOfTheHand+1","floor":45},{"not_picked":[],"picked":"EmptyBody+1","floor":47},{"not_picked":[],"picked":"JustLucky+1","floor":48},{"not_picked":[],"picked":"SignatureMove+1","floor":54}],"player_experience":272569,"relics_obtained":[{"floor":7,"key":"Lantern"},{"floor":12,"key":"War Paint"},{"floor":19,"key":"Nilry\u0027s Codex"},{"floor":23,"key":"Smiling Mask"},{"floor":26,"key":"Mercury Hourglass"},{"floor":29,"key":"Sundial"},{"floor":41,"key":"Gremlin Horn"},{"floor":41,"key":"Bottled Lightning"},{"floor":42,"key":"Ginger"},{"floor":43,"key":"Pen Nib"},{"floor":45,"key":"Ornamental Fan"},{"floor":45,"key":"HornCleat"},{"floor":54,"key":"Orichalcum"},{"floor":54,"key":"Happy Flower"}],"event_choices":[{"damage_healed":24,"gold_gain":0,"player_choice":"Banana","damage_taken":0,"max_hp_gain":0,"max_hp_loss":0,"event_name":"Big Fish","floor":2,"gold_loss":0},{"damage_healed":0,"gold_gain":0,"player_choice":"Success","damage_taken":25,"relics_obtained":["Akabeko"],"max_hp_gain":0,"max_hp_loss":0,"event_name":"Scrap Ooze","floor":5,"gold_loss":0},{"damage_healed":0,"gold_gain":0,"player_choice":"Entered Light","damage_taken":14,"max_hp_gain":0,"max_hp_loss":0,"event_name":"Shining Light","floor":8,"gold_loss":0,"cards_upgraded":["Strike_P","Strike_P"]},{"damage_healed":18,"gold_gain":0,"player_choice":"Healed","damage_taken":0,"max_hp_gain":0,"max_hp_loss":0,"event_name":"The Cleric","floor":11,"gold_loss":35},{"damage_healed":0,"gold_gain":175,"player_choice":"AGREE","damage_taken":0,"max_hp_gain":0,"max_hp_loss":0,"event_name":"Liars Game","floor":14,"gold_loss":0,"cards_obtained":["Doubt"]},{"damage_healed":0,"gold_gain":0,"player_choice":"Obtained Book","damage_taken":16,"max_hp_gain":0,"max_hp_loss":0,"event_name":"Cursed Tome","floor":19,"gold_loss":0},{"damage_healed":0,"gold_gain":0,"player_choice":"Read","damage_taken":0,"max_hp_gain":0,"max_hp_loss":0,"event_name":"The Library","floor":22,"gold_loss":0,"cards_obtained":["BattleHymn"]},{"damage_healed":0,"gold_gain":0,"player_choice":"2 cards matched","damage_taken":0,"max_hp_gain":0,"max_hp_loss":0,"event_name":"Match and Keep!","floor":24,"gold_loss":0,"cards_obtained":["Doubt","Alpha"]},{"cards_removed":["Doubt"],"damage_healed":0,"gold_gain":0,"player_choice":"Single Remove","damage_taken":0,"max_hp_gain":0,"max_hp_loss":0,"event_name":"Designer","floor":30,"gold_loss":60},{"damage_healed":0,"gold_gain":0,"player_choice":"Got Potions","damage_taken":0,"max_hp_gain":0,"max_hp_loss":0,"event_name":"Lab","floor":36,"gold_loss":0},{"damage_healed":0,"gold_gain":0,"player_choice":"Fight","damage_taken":0,"max_hp_gain":0,"max_hp_loss":0,"event_name":"MindBloom","floor":42,"gold_loss":0}],"is_beta":false,"boss_relics":[{"not_picked":["Coffee Dripper","Ectoplasm"],"picked":"Busted Crown"},{"not_picked":["Sozu","VioletLotus"],"picked":"Black Star"}],"items_purged_floors":[20],"is_endless":false,"potions_floor_spawned":[3,7,18,29,31,38,39,41,42,45],"ascension_level":2}}