{"host":"ohy0y2gq28lmekc7","time":1613481969,"event":{"mods":["AchievementEnabler","Act Like it!","BaseMod","Better Third Choice","BetterRewards","Colored Powertips","Curses Come First","Highlight Path","Minty Spire (QoL Compilation)","Permanent Neow","Quick Restart","Relic Stats","StSLib"],"gold_per_floor":[110,126,69,89,107,433,433,451,451,461,461,219,219,242,242,344,344,355,374,16,16,16,16,32,32,32,49,78,78,107,117,117,219,219,237,237,255,269,117,144,170,170,170,170,184,76,96,96,96,96],"floor_reached":51,"language":"ENG","playtime":3334,"items_purged":[],"score":742,"play_id":"f036db7c-401d-4980-99e4-6914340547df","local_time":"20210216142609","is_ascension_mode":false,"campfire_choices":[{"data":"Storm","floor":7,"key":"SMITH"},{"data":"Capacitor","floor":11,"key":"SMITH"},{"floor":13,"key":"REST"},{"floor":15,"key":"REST"},{"data":"Storm","floor":23,"key":"SMITH"},{"data":"Apotheosis","floor":29,"key":"SMITH"},{"data":"Creative AI","floor":32,"key":"SMITH"},{"floor":42,"key":"REST"},{"data":"Capacitor","floor":44,"key":"SMITH"},{"floor":49,"key":"REST"}],"circlet_count":0,"master_deck":["Strike_B","Strike_B","Strike_B","Strike_B","Defend_B","Defend_B","Defend_B","Defend_B","Zap","Dualcast","Leap","Hello World","Ball Lightning+1","Capacitor+1","Storm+1","FTL+1","Rip and Tear+1","Conserve Battery","Genetic Algorithm","Dramatic Entrance+1","Capacitor+1","Gash+1","Meteor Strike+1","Echo Form","Lockon+1","Lockon+1","Storm+1","Apotheosis+1","Static Discharge+1","Rip and Tear+1","Beam Cell+1","Creative AI+1","Barrage+1","Heatsinks","Fusion+1","Turbo+1","Turbo+1","Capacitor+1","Doom and Gloom+1","Static Discharge+1","Violence","Go for the Eyes+1"],"relics":["Cracked Core","WingedGreaves","Molten Egg 2","Boot","Old Coin","Bird Faced Urn","Dream Catcher","Odd Mushroom","Nuclear Battery","Tiny Chest","TungstenRod","Bottled Flame","Calipers","Shuriken","Regal Pillow","Snecko Eye","PreservedInsect","Frozen Egg 2","Pen Nib","Oddly Smooth Stone"],"acts_visited":["Exordium","TheCity","TheBeyond"],"potions_floor_usage":[6,6,33,33,40],"damage_taken":[{"damage":6,"enemies":"Small Slimes","floor":1,"turns":4},{"damage":0,"enemies":"Cultist","floor":2,"turns":2},{"damage":6,"enemies":"Jaw Worm","floor":4,"turns":3},{"damage":12,"enemies":"Blue Slaver","floor":5,"turns":4},{"damage":14,"enemies":"Lagavulin","floor":6,"turns":5},{"damage":0,"enemies":"Large Slime","floor":8,"turns":3},{"damage":9,"enemies":"Lots of Slimes","floor":10,"turns":3},{"damage":21,"enemies":"The Mushroom Lair","floor":14,"turns":3},{"damage":20,"enemies":"Slime Boss","floor":16,"turns":7},{"damage":5,"enemies":"Chosen","floor":18,"turns":5},{"damage":16,"enemies":"3 Byrds","floor":19,"turns":4},{"damage":12,"enemies":"3 Cultists","floor":24,"turns":4},{"damage":0,"enemies":"Snecko","floor":27,"turns":3},{"damage":0,"enemies":"Gremlin Leader","floor":28,"turns":5},{"damage":32,"enemies":"Book of Stabbing","floor":30,"turns":4},{"damage":0,"enemies":"Sentry and Sphere","floor":31,"turns":3},{"damage":35,"enemies":"Champ","floor":33,"turns":5},{"damage":9,"enemies":"Orb Walker","floor":35,"turns":2},{"damage":8,"enemies":"3 Shapes","floor":37,"turns":3},{"damage":56,"enemies":"Jaw Worm Horde","floor":38,"turns":5},{"damage":10,"enemies":"Nemesis","floor":40,"turns":3},{"damage":38,"enemies":"4 Shapes","floor":45,"turns":4},{"damage":30,"enemies":"Spire Growth","floor":47,"turns":3},{"damage":88,"enemies":"Time Eater","floor":50,"turns":7}],"seed_played":"-3306922543618503416","potions_obtained":[{"floor":2,"key":"FairyPotion"},{"floor":4,"key":"Fire Potion"},{"floor":5,"key":"Block Potion"},{"floor":14,"key":"BlessingOfTheForge"},{"floor":16,"key":"Block Potion"},{"floor":24,"key":"LiquidBronze"},{"floor":31,"key":"DistilledChaos"},{"floor":35,"key":"SpeedPotion"},{"floor":38,"key":"PowerPotion"}],"is_trial":false,"path_per_floor":["M","M","?","M","M","E","R","M","T","M","R","$","R","?","R","B",null,"M","M","$","?","?","R","M","T","T","M","E","R","E","M","R","B",null,"M","?","M","M","$","E","T","R","T","R","M","$","M","?","R","B",null],"character_chosen":"DEFECT","items_purchased":["Molten Egg 2","Leap","Hello World","Dream Catcher","Dramatic Entrance+1","Storm","Tiny Chest","Apotheosis","PreservedInsect","Capacitor+1","Doom and Gloom+1"],"campfire_rested":4,"item_purchase_floors":[0,0,0,12,12,20,20,20,39,46,46],"current_hp_per_floor":[61,61,61,55,43,29,29,29,29,26,26,26,48,33,55,43,75,73,65,65,65,65,65,59,59,59,67,75,75,49,61,61,40,75,68,85,83,39,39,41,41,81,81,81,53,53,33,33,73,15],"gold":96,"neow_bonus":"","is_daily":false,"chose_seed":false,"campfire_upgraded":6,"win_rate":0.0,"timestamp":1613481969,"path_taken":["M","M","?","?","?","E","R","M","T","M","R","$","R","?","R","BOSS","M","M","$","?","?","R","?","?","T","M","E","R","E","?","R","BOSS","M","?","M","?","$","E","?","R","T","R","M","$","?","?","R","BOSS"],"items_purchased_type":["Relic","Card","Card","Relic","Card","Card","Relic","Card","Relic","Card","Card"],"build_version":"2020-12-22","purchased_purges":0,"victory":true,"max_hp_per_floor":[75,75,75,75,75,75,75,75,75,75,75,75,75,75,75,75,75,75,75,75,75,75,75,75,75,75,75,75,75,75,75,75,75,75,75,85,85,85,85,85,85,85,85,85,85,85,85,85,85,85],"relic_stats":{"Dream Catcher":4,"Regal Pillow":30,"counters":[24,94],"Shuriken":[8],"Bird Faced Urn":[167],"Snecko Eye":[46,34,60,54],"Tiny Chest":2,"PreservedInsect":47,"Pen Nib":[2],"Boot":[37],"obtain_stats":[{"Regal Pillow":30,"Calipers":26,"Oddly Smooth Stone":43,"PreservedInsect":39,"Pen Nib":41,"Odd Mushroom":14,"Frozen Egg 2":40,"Boot":3,"Old Coin":6,"Nuclear Battery":17,"Dream Catcher":12,"Bottled Flame":25,"Shuriken":28,"Bird Faced Urn":9,"Snecko Eye":34,"Molten Egg 2":0,"Tiny Chest":20,"WingedGreaves":0,"Cracked Core":0,"TungstenRod":21},{"Regal Pillow":15,"Calipers":12,"Oddly Smooth Stone":21,"PreservedInsect":20,"Pen Nib":21,"Odd Mushroom":8,"Frozen Egg 2":21,"Boot":2,"Old Coin":5,"Nuclear Battery":9,"Dream Catcher":7,"Bottled Flame":12,"Shuriken":14,"Bird Faced Urn":6,"Snecko Eye":17,"Molten Egg 2":0,"Tiny Chest":11,"WingedGreaves":0,"Cracked Core":0,"TungstenRod":11},{"Regal Pillow":59,"Calipers":47,"Oddly Smooth Stone":80,"PreservedInsect":77,"Pen Nib":80,"Odd Mushroom":27,"Frozen Egg 2":80,"Boot":6,"Old Coin":18,"Nuclear Battery":34,"Dream Catcher":24,"Bottled Flame":47,"Shuriken":55,"Bird Faced Urn":21,"Snecko Eye":67,"Molten Egg 2":0,"Tiny Chest":43,"WingedGreaves":0,"Cracked Core":0,"TungstenRod":43}],"TungstenRod":39},"card_choices":[{"not_picked":["Darkness","Rebound+1"],"picked":"Ball Lightning+1","floor":1},{"not_picked":["Streamline+1","Double Energy"],"picked":"Capacitor","floor":2},{"not_picked":["Streamline+1","Cold Snap+1"],"picked":"Storm","floor":4},{"not_picked":["Redo","Leap"],"picked":"FTL+1","floor":5},{"not_picked":["Steam Power","Rebound+1"],"picked":"Rip and Tear+1","floor":6},{"not_picked":["Redo","Force Field"],"picked":"Conserve Battery","floor":8},{"not_picked":["Stack","Hello World"],"picked":"Genetic Algorithm","floor":10},{"not_picked":["Lockon+1","Redo"],"picked":"Capacitor","floor":13},{"not_picked":["Turbo","Compile Driver+1"],"picked":"Gash+1","floor":14},{"not_picked":["Heatsinks","Barrage+1"],"picked":"Meteor Strike+1","floor":15},{"not_picked":["Multi-Cast","Fission"],"picked":"Echo Form","floor":16},{"not_picked":["Steam Power","Beam Cell+1"],"picked":"Lockon+1","floor":18},{"not_picked":["Streamline+1","Stack"],"picked":"Lockon+1","floor":19},{"not_picked":["Heatsinks","Compile Driver+1"],"picked":"Static Discharge+1","floor":24},{"not_picked":["BootSequence","Redo"],"picked":"Rip and Tear+1","floor":27},{"not_picked":["Steam+1","Stack"],"picked":"Beam Cell+1","floor":28},{"not_picked":["Steam Power","Sweeping Beam+1"],"picked":"Creative AI","floor":30},{"not_picked":["FTL+1","Tempest"],"picked":"Barrage+1","floor":31},{"not_picked":["Amplify","Thunder Strike+1"],"picked":"Creative AI","floor":33},{"not_picked":["Compile Driver+1","Steam"],"picked":"Heatsinks","floor":35},{"not_picked":["Coolheaded+1","Steam","Tempest+1"],"picked":"SKIP","floor":37},{"not_picked":["Cold Snap+1","Force Field","Beam Cell+1"],"picked":"SKIP","floor":38},{"not_picked":["Coolheaded+1","Rainbow"],"picked":"Fusion+1","floor":40},{"not_picked":["Conserve Battery+1","Beam Cell+1"],"picked":"Turbo+1","floor":42},{"not_picked":["Ball Lightning+1","Doom and Gloom+1"],"picked":"Turbo+1","floor":45},{"not_picked":["Redo","Go for the Eyes+1"],"picked":"Static Discharge+1","floor":47},{"not_picked":["Impatience","Purity"],"picked":"Violence","floor":48},{"not_picked":["Conserve Battery","Rebound+1"],"picked":"Go for the Eyes+1","floor":49}],"player_experience":54533,"relics_obtained":[{"floor":6,"key":"Old Coin"},{"floor":9,"key":"Bird Faced Urn"},{"floor":14,"key":"Odd Mushroom"},{"floor":25,"key":"Bottled Flame"},{"floor":26,"key":"Calipers"},{"floor":28,"key":"Shuriken"},{"floor":30,"key":"Regal Pillow"},{"floor":40,"key":"Frozen Egg 2"},{"floor":41,"key":"Pen Nib"},{"floor":43,"key":"Oddly Smooth Stone"}],"event_choices":[{"damage_healed":0,"gold_gain":0,"player_choice":"Paid Gold","damage_taken":0,"relics_obtained":["Boot"],"max_hp_gain":0,"max_hp_loss":0,"event_name":"WeMeetAgain","floor":3,"gold_loss":57},{"damage_healed":0,"gold_gain":0,"player_choice":"Fought Mushrooms","damage_taken":0,"max_hp_gain":0,"max_hp_loss":0,"event_name":"Mushrooms","floor":14,"gold_loss":0},{"damage_healed":0,"gold_gain":0,"player_choice":"Stole Relic","damage_taken":0,"relics_obtained":["TungstenRod"],"max_hp_gain":0,"max_hp_loss":0,"event_name":"Addict","floor":21,"gold_loss":0,"cards_obtained":["Shame"]},{"cards_removed":["Shame"],"damage_healed":0,"gold_gain":0,"player_choice":"Purged","damage_taken":0,"max_hp_gain":0,"max_hp_loss":0,"event_name":"Purifier","floor":22,"gold_loss":0},{"cards_removed":["Creative AI"],"damage_healed":7,"gold_gain":0,"player_choice":"Offered Rare","damage_taken":0,"max_hp_gain":10,"max_hp_loss":0,"event_name":"Bonfire Elementals","floor":36,"gold_loss":0},{"damage_healed":0,"gold_gain":0,"player_choice":"Memory 1","damage_taken":0,"max_hp_gain":0,"max_hp_loss":0,"event_name":"SensoryStone","floor":48,"gold_loss":0}],"is_beta":false,"boss_relics":[{"not_picked":["Philosopher\u0027s Stone","Tiny House"],"picked":"Nuclear Battery"},{"not_picked":["Empty Cage","Coffee Dripper"],"picked":"Snecko Eye"}],"items_purged_floors":[],"is_endless":false,"potions_floor_spawned":[2,4,5,14,16,18,24,31,35,38],"ascension_level":0}}