{"host":"ymrxmazrubg7ht5t","time":1613441362,"event":{"mods":["2.2 Compatiblity","Act Like it!","Bartender","BaseMod","Better Note","Colored Powertips","Conspire","HololiveMod","Infinite Spire","Marisa????????","Minty Spire (QoL Compilation)","Relic Stats","Ruina","StSLib","The Marked"],"gold_per_floor":[116,131,145,165,95,95,95,5,5,22,51,61,91,101,101,205,205,221,221,221,221,233,233,233,260,260,271,271,271,271,288,288,387,437,455,455,474,474,474,474,501,501,524,541,552,552,552],"floor_reached":46,"language":"ENG","playtime":10183,"items_purged":["Decay","Writhe"],"score":520,"play_id":"146968c7-8918-4b9c-bfa6-6dccadfef370","local_time":"20210215220922","is_ascension_mode":false,"campfire_choices":[{"data":"theMarked:SoldierOfQuellstein","floor":6.0,"key":"SMITH"},{"floor":15.0,"key":"REST"},{"floor":23.0,"key":"REST"},{"floor":28.0,"key":"REST"},{"floor":32.0,"key":"REST"},{"floor":40,"key":"REST"},{"floor":42,"key":"REST"}],"circlet_count":0,"master_deck":["theMarked:Strike","theMarked:Strike","theMarked:Strike","theMarked:Defend","theMarked:Defend","theMarked:Defend","theMarked:SoldierOfQuellstein+1","theMarked:StartUp","theMarked:ContemptForTheProud","theMarked:EnhanceMovement","theMarked:Parry","theMarked:Opportunist","theMarked:BanishingStrike","theMarked:PowerFlow","theMarked:Toughness","theMarked:CreepingChasm+1","theMarked:OneWithTheBlade","theMarked:BanishingWave","theMarked:TakeOffHeels","theMarked:Indomitable+1","theMarked:Opportunist+1","theMarked:Determination+1","theMarked:Aftermath","infinitespire:TheBestDefense","theMarked:ThrowWeapon+1","theMarked:Overcharge","theMarked:Panic","theMarked:MuscleMemory","infinitespire:Collect","ruina:Thirst","theMarked:Improvise+1","theMarked:BiggerThanFate","theMarked:Parkour","theMarked:Parry+1","Enlightenment","infinitespire:Menacing","Writhe","theMarked:Memento+1","theMarked:WardOff+1"],"relics":["theMarked:ArtifactOfAir","Lantern","HornCleat","infinitespire:Joker Card","Astrolabe","ruina:PrescriptsGrace","Gremlin Horn","Sundial","The Courier","SlaversCollar","Tiny House","theMarked:NailFile","Regal Pillow","Dream Catcher"],"acts_visited":["Exordium","ruina:Briah","TheBeyond"],"potions_floor_usage":[41,45],"damage_taken":[{"damage":2.0,"enemies":"Cultist","floor":1.0,"turns":5.0},{"damage":1.0,"enemies":"Jaw Worm","floor":2.0,"turns":3.0},{"damage":0.0,"enemies":"conspire:RoseBush","floor":3.0,"turns":4.0},{"damage":12.0,"enemies":"2 Fungi Beasts","floor":4.0,"turns":3.0},{"damage":2.0,"enemies":"Large Slime","floor":10.0,"turns":5.0},{"damage":27.0,"enemies":"Gremlin Nob","floor":11.0,"turns":5.0},{"damage":2.0,"enemies":"Blue Slaver","floor":12.0,"turns":4.0},{"damage":0.0,"enemies":"conspire:MimicChest","floor":13.0,"turns":5.0},{"damage":0.0,"enemies":"Exordium Wildlife","floor":14.0,"turns":3.0},{"damage":21.0,"enemies":"Hexaghost","floor":16.0,"turns":10.0},{"damage":6.0,"enemies":"ruina:Nosferatu","floor":18.0,"turns":4.0},{"damage":19.0,"enemies":"ruina:BadWolf","floor":22.0,"turns":4.0},{"damage":20.0,"enemies":"ruina:RoadHome","floor":25.0,"turns":3.0},{"damage":1.0,"enemies":"ruina:KingOfGreed","floor":27.0,"turns":3.0},{"damage":12.0,"enemies":"ruina:QueenOfHate","floor":31.0,"turns":4.0},{"damage":55.0,"enemies":"ruina:Red_and_Wolf","floor":33.0,"turns":7.0},{"damage":49.0,"enemies":"3 Darklings","floor":35.0,"turns":3.0},{"damage":11.0,"enemies":"Orb Walker","floor":37.0,"turns":3.0},{"damage":10,"enemies":"Nemesis","floor":41,"turns":7},{"damage":2,"enemies":"3 Darklings","floor":44,"turns":3},{"damage":29,"enemies":"Sphere and 2 Shapes","floor":45,"turns":5},{"damage":16,"enemies":"infinitespire:Three Voidlings","floor":46,"turns":5},{"damage":50,"enemies":"Nightmare_Alpha","floor":46,"turns":8}],"seed_played":"-829984069492826754","potions_obtained":[{"floor":4.0,"key":"SkillPotion"},{"floor":10.0,"key":"Energy Potion"},{"floor":13.0,"key":"DuplicationPotion"},{"floor":16.0,"key":"theMarked:SummonPotion"},{"floor":27.0,"key":"PowerPotion"},{"floor":31.0,"key":"DuplicationPotion"},{"floor":34.0,"key":"Fire Potion"},{"floor":37.0,"key":"GamblersBrew"},{"floor":41,"key":"BlessingOfTheForge"}],"is_trial":false,"path_per_floor":["M","M","M","M","$","R","?","$","T","M","E","M","?","M","R","B",null,"M","?","?","?","M","R","?","E","T","M","R","AVR","?","M","R","B",null,"M","?","M","AVR","?","R","E","R","T","M","M","?"],"character_chosen":"THE_DEFAULT","items_purchased":["theMarked:Opportunist","theMarked:BanishingStrike","theMarked:Determination"],"campfire_rested":6,"item_purchase_floors":[5,8,8],"current_hp_per_floor":[75,74,74,62,62,62,62,62,62,60,33,31,31,31,54,33,77,71,71,71,64,45,68,68,48,48,47,70,70,70,58,71,16,76,27,27,16,16,35,57,47,76,76,74,45,0,0],"gold":552,"neow_bonus":"TEN_PERCENT_HP_BONUS","is_daily":false,"chose_seed":false,"campfire_upgraded":1,"win_rate":0.0,"timestamp":1613441362,"path_taken":["M","M","M","?","?","R","?","$","T","?","E","M","?","M","R","BOSS","M","?","?","?","?","R","?","E","T","?","R","AVR","?","M","R","BOSS","M","?","M","AVR","?","R","E","R","T","M","M","?"],"items_purchased_type":["Card","Card","Card"],"build_version":"2020-12-22","purchased_purges":2,"victory":false,"max_hp_per_floor":[77,77,77,77,77,77,77,77,77,77,77,77,77,77,77,77,77,77,77,77,77,77,77,77,77,77,77,77,77,71,71,71,71,76,76,76,76,76,76,76,76,76,76,76,76,76,76],"relic_stats":{"Regal Pillow":7,"Dream Catcher":0,"Gremlin Horn":[10,11],"counters":[23,106],"Sundial":[2],"Astrolabe":["theMarked:Indomitable","theMarked:Opportunist","theMarked:Determination"],"obtain_stats":[{"theMarked:NailFile":38,"Lantern":9,"Regal Pillow":41,"Tiny House":34,"Gremlin Horn":25,"Astrolabe":17,"infinitespire:Joker Card":13,"The Courier":29,"theMarked:ArtifactOfAir":0,"SlaversCollar":29,"Dream Catcher":43,"HornCleat":11,"Sundial":26,"ruina:Prescript":24,"ruina:PrescriptsGrace":31},{"theMarked:NailFile":18,"Lantern":4,"Regal Pillow":19,"Tiny House":16,"Gremlin Horn":13,"Astrolabe":10,"infinitespire:Joker Card":8,"The Courier":14,"theMarked:ArtifactOfAir":0,"SlaversCollar":14,"Dream Catcher":19,"HornCleat":6,"Sundial":13,"ruina:Prescript":12,"ruina:PrescriptsGrace":15},{"theMarked:NailFile":78,"Lantern":15,"Regal Pillow":85,"Tiny House":72,"Gremlin Horn":58,"Astrolabe":47,"infinitespire:Joker Card":34,"The Courier":61,"theMarked:ArtifactOfAir":0,"SlaversCollar":61,"Dream Catcher":85,"HornCleat":25,"Sundial":58,"ruina:Prescript":55,"ruina:PrescriptsGrace":65}]},"card_choices":[{"not_picked":["theMarked:EmpowerWeapon","theMarked:Parkour"],"picked":"theMarked:StartUp","floor":1.0},{"not_picked":["theMarked:WastefulAttack","theMarked:RepellingDischarge"],"picked":"theMarked:ContemptForTheProud","floor":2.0},{"not_picked":["theMarked:StartUp","theMarked:Panic"],"picked":"theMarked:EnhanceMovement","floor":3.0},{"not_picked":["theMarked:RepellingDischarge","theMarked:TheMission"],"picked":"theMarked:Parry","floor":4.0},{"not_picked":["theMarked:WastefulAttack","theMarked:Pokerface"],"picked":"theMarked:PowerFlow","floor":10.0},{"not_picked":["theMarked:WardOff","theMarked:Memento"],"picked":"theMarked:Toughness","floor":11.0},{"not_picked":["theMarked:Seal","theMarked:TwofoldDefense"],"picked":"theMarked:CreepingChasm","floor":12.0},{"not_picked":["theMarked:PowerFlow","theMarked:Standoff"],"picked":"theMarked:OneWithTheBlade","floor":13.0},{"not_picked":["theMarked:Panic","theMarked:ElectricStrings"],"picked":"theMarked:BanishingWave","floor":14.0},{"not_picked":["theMarked:UnarmedFury","theMarked:TurnInvisible"],"picked":"theMarked:TakeOffHeels","floor":16.0},{"not_picked":["theMarked:RepellingDischarge","theMarked:Frustration"],"picked":"theMarked:Aftermath","floor":18.0},{"not_picked":["infinitespire:FutureSight","infinitespire:Gouge"],"picked":"infinitespire:TheBestDefense","floor":19.0},{"not_picked":["theMarked:CreepingChasm","theMarked:BanishingStrike"],"picked":"theMarked:Overcharge","floor":22.0},{"not_picked":["theMarked:Parkour","theMarked:WardOff"],"picked":"theMarked:Panic","floor":25.0},{"not_picked":["theMarked:ResourceFulStrike","theMarked:TurnInvisible"],"picked":"theMarked:MuscleMemory","floor":27.0},{"not_picked":["ruina:BlindRage","ruina:CobaltScar"],"picked":"ruina:Thirst","floor":30.0},{"not_picked":["theMarked:ElectricStrings","theMarked:Aftermath"],"picked":"theMarked:Improvise+1","floor":31.0},{"not_picked":["theMarked:BindingBlade","theMarked:EternalStudent"],"picked":"theMarked:BiggerThanFate","floor":33.0},{"not_picked":["theMarked:Determination+1","theMarked:HeightenedSenses"],"picked":"theMarked:Parkour","floor":34.0},{"not_picked":["theMarked:ContemptForTheProud+1","theMarked:Improvise"],"picked":"theMarked:Parry+1","floor":35.0},{"not_picked":["Transmutation","Blind"],"picked":"Enlightenment","floor":36.0},{"not_picked":["theMarked:Indomitable","theMarked:ChainLightning","theMarked:ResourceFulStrike"],"picked":"SKIP","floor":37.0},{"not_picked":["theMarked:Frustration","theMarked:WastefulAttack+1","theMarked:TwofoldDefense"],"picked":"SKIP","floor":41},{"not_picked":["theMarked:ParalyzingBlade+1","theMarked:ResourceFulStrike+1"],"picked":"theMarked:Memento+1","floor":44},{"not_picked":["theMarked:HeightenedSenses+1","theMarked:Standoff"],"picked":"theMarked:WardOff+1","floor":45}],"player_experience":393533,"relics_obtained":[{"floor":9.0,"key":"Lantern"},{"floor":11.0,"key":"HornCleat"},{"floor":13.0,"key":"infinitespire:Joker Card"},{"floor":25.0,"key":"Gremlin Horn"},{"floor":26.0,"key":"Sundial"},{"floor":41,"key":"Regal Pillow"},{"floor":43,"key":"Dream Catcher"}],"event_choices":[{"cards_removed":["theMarked:SoldierOfQuellstein"],"damage_healed":0.0,"max_hp_gain":0.0,"max_hp_loss":0.0,"gold_gain":0.0,"event_name":"betterNote:BetterNote","player_choice":"Give","floor":7.0,"gold_loss":0.0,"damage_taken":0.0,"cards_obtained":["None"]},{"damage_healed":0.0,"max_hp_gain":0.0,"max_hp_loss":0.0,"gold_gain":0.0,"event_name":"conspire:Investor","player_choice":"Leave","floor":20.0,"gold_loss":0.0,"damage_taken":0.0},{"damage_healed":0.0,"max_hp_gain":0.0,"max_hp_loss":0.0,"gold_gain":0.0,"event_name":"SensoryStone","player_choice":"Memory 1","floor":36.0,"gold_loss":0.0,"damage_taken":0.0},{"damage_healed":19,"gold_gain":0,"player_choice":"Writhe","damage_taken":0,"max_hp_gain":0,"max_hp_loss":0,"event_name":"Winding Halls","floor":39,"gold_loss":0,"cards_obtained":["Writhe"]}],"is_beta":false,"boss_relics":[{"not_picked":["Fusion Hammer","conspire:RoyalGoblet"],"picked":"Astrolabe"},{"not_picked":["Runic Pyramid","Philosopher\u0027s Stone"],"picked":"Tiny House"}],"items_purged_floors":[29,38],"is_endless":false,"potions_floor_spawned":[4,10,13,16,27,31,37,41,46],"killed_by":"Nightmare_Alpha","ascension_level":0}}