{"host":"6406jj8da6015sxr","time":1613495870,"event":{"mods":["AchievementEnabler","BaseMod","Colored Map","DeckTracker","Keyboard Shortcuts","Minty Spire (QoL Compilation)","Permanent Neow","Relic Stats","SuperFastMode","everything is the same but u backflip on backflip"],"gold_per_floor":[218,293,293,358,373,373,5,5,29,58,125,125,138,149,149,253,253,272,322,339,389,45,45,65,65,90,90,102,132,197,88,88,187,187,207,217,367,431,6,6,37,37,37,56,70,84,98,109,109,109],"floor_reached":51,"language":"KOR","playtime":2476,"items_purged":["Strike_G","Strike_G"],"score":979,"play_id":"3c9ae609-ca88-49f6-9046-8f0189079cd5","local_time":"20210217021750","is_ascension_mode":true,"campfire_choices":[{"data":"Neutralize","floor":6.0,"key":"SMITH"},{"data":"Flash of Steel","floor":8.0,"key":"SMITH"},{"data":"Backflip","floor":12.0,"key":"SMITH"},{"data":"Tactician","floor":15.0,"key":"SMITH"},{"floor":23.0,"key":"REST"},{"data":"Footwork","floor":25.0,"key":"SMITH"},{"data":"Acrobatics","floor":27.0,"key":"SMITH"},{"data":"Leg Sweep","floor":32.0,"key":"SMITH"},{"data":"Apotheosis","floor":40,"key":"SMITH"},{"data":"Expertise","floor":42,"key":"SMITH"},{"floor":49,"key":"RECALL"}],"circlet_count":0,"master_deck":["Strike_G+1","Strike_G","Defend_G","Defend_G","Defend_G","Defend_G","Defend_G","Survivor","Neutralize+1","Flying Knee+1","Outmaneuver","Acrobatics","Flash of Steel+1","Backflip+1","Tactician+1","PiercingWail","Unload","Deflect","Unload","Calculated Gamble+1","Cloak And Dagger","Footwork+1","Expertise+1","PiercingWail","Acrobatics+1","Leg Sweep+1","Crippling Poison","Choke+1","Terror","Die Die Die","Dagger Throw+1","PiercingWail","Apotheosis+1","Setup","Deflect","Eviscerate","Prepared","Calculated Gamble+1"],"relics":["Ring of the Snake","SsserpentHead","Eternal Feather","PreservedInsect","Whetstone","Sozu","TwistedFunnel","Art of War","Mercury Hourglass","Coffee Dripper","Bag of Preparation","Omamori","Bottled Lightning"],"acts_visited":["Exordium","TheCity","TheBeyond"],"potions_floor_usage":[],"damage_taken":[{"damage":9.0,"enemies":"Jaw Worm","floor":1.0,"turns":5.0},{"damage":0.0,"enemies":"Small Slimes","floor":4.0,"turns":3.0},{"damage":0.0,"enemies":"Cultist","floor":5.0,"turns":3.0},{"damage":0.0,"enemies":"Gremlin Nob","floor":10.0,"turns":3.0},{"damage":20.0,"enemies":"Gremlin Gang","floor":11.0,"turns":2.0},{"damage":0.0,"enemies":"2 Fungi Beasts","floor":13.0,"turns":3.0},{"damage":8.0,"enemies":"Blue Slaver","floor":14.0,"turns":3.0},{"damage":25.0,"enemies":"The Guardian","floor":16.0,"turns":16.0},{"damage":35.0,"enemies":"Spheric Guardian","floor":18.0,"turns":6.0},{"damage":12.0,"enemies":"3 Byrds","floor":20.0,"turns":6.0},{"damage":19.0,"enemies":"Sentry and Sphere","floor":24.0,"turns":8.0},{"damage":2.0,"enemies":"Shelled Parasite and Fungi","floor":28.0,"turns":4.0},{"damage":19.0,"enemies":"Gremlin Leader","floor":29.0,"turns":5.0},{"damage":1.0,"enemies":"Cultist and Chosen","floor":30.0,"turns":5.0},{"damage":30,"enemies":"Collector","floor":33,"turns":10},{"damage":10,"enemies":"3 Shapes","floor":35,"turns":4},{"damage":0,"enemies":"Orb Walker","floor":36,"turns":3},{"damage":29,"enemies":"Writhing Mass","floor":38,"turns":9},{"damage":0,"enemies":"Reptomancer","floor":41,"turns":4},{"damage":6,"enemies":"4 Shapes","floor":44,"turns":3},{"damage":0,"enemies":"Jaw Worm Horde","floor":45,"turns":3},{"damage":9,"enemies":"Writhing Mass","floor":46,"turns":5},{"damage":1,"enemies":"Transient","floor":47,"turns":5},{"damage":0,"enemies":"3 Darklings","floor":48,"turns":3},{"damage":28,"enemies":"Donu and Deca","floor":50,"turns":11}],"seed_played":"-4029498259979334997","potions_obtained":[{"floor":1.0,"key":"SteroidPotion"},{"floor":4.0,"key":"Fire Potion"},{"floor":10.0,"key":"SteroidPotion"}],"is_trial":false,"path_per_floor":["M","?","?","M","M","R","$","R","T","E","M","R","M","M","R","B",null,"M","?","M","?","$","R","M","R","T","R","M","E","M","$","R","B",null,"M","M","?","M","$","R","E","R","T","M","M","M","M","M","R","B",null],"character_chosen":"THE_SILENT","items_purchased":["Eternal Feather","Flash of Steel","Backflip","TwistedFunnel","Footwork","Expertise","PiercingWail","Terror","Bag of Preparation","Apotheosis"],"campfire_rested":1,"item_purchase_floors":[7,7,7,22,22,22,22,31,39,39],"current_hp_per_floor":[61,50,50,50,50,50,50,59,59,59,39,48,48,40,52,27,59,24,24,12,12,12,48,29,44,44,59,57,38,37,37,55,25,59,49,49,49,20,20,38,38,56,56,50,50,41,40,40,61,33],"gold":109,"neow_bonus":"HUNDRED_GOLD","is_daily":false,"chose_seed":false,"campfire_upgraded":9,"win_rate":0.0,"timestamp":1613495870,"path_taken":["M","?","?","?","M","R","$","R","T","E","?","R","M","M","R","BOSS","M","?","M","?","$","R","M","R","T","R","M","E","?","$","R","BOSS","M","M","?","?","$","R","E","R","T","M","M","M","M","M","R","BOSS"],"items_purchased_type":["Relic","Card","Card","Relic","Card","Card","Card","Card","Relic","Card"],"build_version":"2020-12-22","purchased_purges":2,"victory":true,"max_hp_per_floor":[70,70,70,70,70,70,70,70,70,70,70,70,70,70,70,70,70,70,70,70,70,70,70,70,70,70,70,70,70,70,70,70,70,70,70,70,70,70,70,70,70,70,70,70,70,70,70,70,70,70],"relic_stats":{"Sozu":5,"SsserpentHead":350,"counters":[25,132],"Eternal Feather":150,"PreservedInsect":124,"Art of War":[4],"Bag of Preparation":[14],"Whetstone":["Flying Knee","Strike_G"],"obtain_stats":[{"TwistedFunnel":22,"Eternal Feather":7,"PreservedInsect":9,"Bag of Preparation":39,"Omamori":41,"Whetstone":10,"Mercury Hourglass":29,"Sozu":17,"SsserpentHead":3,"Art of War":26,"Coffee Dripper":34,"Bottled Lightning":43,"Ring of the Snake":0},{"TwistedFunnel":10,"Eternal Feather":3,"PreservedInsect":3,"Bag of Preparation":18,"Omamori":19,"Whetstone":4,"Mercury Hourglass":13,"Sozu":8,"SsserpentHead":1,"Art of War":11,"Coffee Dripper":15,"Bottled Lightning":19,"Ring of the Snake":0},{"TwistedFunnel":50,"Eternal Feather":11,"PreservedInsect":11,"Bag of Preparation":98,"Omamori":102,"Whetstone":14,"Mercury Hourglass":67,"Sozu":38,"SsserpentHead":5,"Art of War":58,"Coffee Dripper":82,"Bottled Lightning":102,"Ring of the Snake":0}],"Ring of the Snake":[50],"Mercury Hourglass":[272]},"card_choices":[{"not_picked":["Terror","Blur"],"picked":"Flying Knee","floor":1.0},{"not_picked":["Bane","Choke"],"picked":"Outmaneuver","floor":4.0},{"not_picked":["Outmaneuver","Finisher"],"picked":"Acrobatics","floor":5.0},{"not_picked":["Prepared","Slice"],"picked":"Tactician","floor":10.0},{"not_picked":["Expertise","Quick Slash"],"picked":"PiercingWail","floor":11.0},{"not_picked":["Cloak And Dagger","Prepared"],"picked":"Unload","floor":13.0},{"not_picked":["Bane","Dagger Spray"],"picked":"Deflect","floor":14.0},{"not_picked":["Bullet Time","Night Terror"],"picked":"Unload","floor":16.0},{"not_picked":["Sucker Punch","Flying Knee"],"picked":"Calculated Gamble+1","floor":18.0},{"not_picked":["Dagger Throw","PiercingWail"],"picked":"Cloak And Dagger","floor":20.0},{"not_picked":["Calculated Gamble","Endless Agony"],"picked":"Acrobatics","floor":24.0},{"not_picked":["Quick Slash","Flying Knee+1"],"picked":"Leg Sweep","floor":28.0},{"not_picked":["Tools of the Trade","Bane+1"],"picked":"Crippling Poison","floor":29.0},{"not_picked":["Bouncing Flask","Prepared"],"picked":"Choke+1","floor":30.0},{"not_picked":["Bullet Time","Storm of Steel"],"picked":"Die Die Die","floor":33},{"not_picked":["Deadly Poison","Poisoned Stab+1"],"picked":"Dagger Throw+1","floor":35},{"not_picked":["Deadly Poison","Dodge and Roll+1"],"picked":"PiercingWail","floor":36},{"not_picked":["Deadly Poison+1","Outmaneuver+1","Underhanded Strike"],"picked":"SKIP","floor":38},{"not_picked":["Underhanded Strike+1","Finisher+1"],"picked":"Setup","floor":41},{"not_picked":["Accuracy+1","Dodge and Roll+1"],"picked":"Deflect","floor":44},{"not_picked":["Deadly Poison+1","Doppelganger"],"picked":"Eviscerate","floor":45},{"not_picked":["Outmaneuver+1","Poisoned Stab"],"picked":"Prepared","floor":46},{"not_picked":["Sucker Punch+1","Poisoned Stab","All Out Attack"],"picked":"SKIP","floor":47},{"not_picked":["Infinite Blades+1","Deadly Poison+1"],"picked":"Calculated Gamble+1","floor":48}],"player_experience":26528,"relics_obtained":[{"floor":9.0,"key":"PreservedInsect"},{"floor":10.0,"key":"Whetstone"},{"floor":26.0,"key":"Art of War"},{"floor":29.0,"key":"Mercury Hourglass"},{"floor":41,"key":"Omamori"},{"floor":43,"key":"Bottled Lightning"}],"event_choices":[{"damage_healed":0.0,"max_hp_gain":0.0,"max_hp_loss":0.0,"gold_gain":75.0,"event_name":"World of Goop","player_choice":"Gather Gold","floor":2.0,"gold_loss":0.0,"damage_taken":11.0},{"damage_healed":0.0,"max_hp_gain":0.0,"max_hp_loss":0.0,"gold_gain":0.0,"event_name":"FaceTrader","player_choice":"Trade","floor":3.0,"gold_loss":0.0,"damage_taken":0.0,"relics_obtained":["SsserpentHead"]},{"damage_healed":0.0,"max_hp_gain":0.0,"max_hp_loss":0.0,"gold_gain":0.0,"event_name":"Cursed Tome","player_choice":"Ignored","floor":19.0,"gold_loss":0.0,"damage_taken":0.0},{"cards_removed":["Strike_G"],"damage_healed":0.0,"max_hp_gain":0.0,"max_hp_loss":0.0,"gold_gain":0.0,"event_name":"Bonfire Elementals","player_choice":"Offered Basic","floor":21.0,"gold_loss":0.0,"damage_taken":0.0},{"damage_healed":0,"gold_gain":100,"player_choice":"Pray","damage_taken":0,"max_hp_gain":0,"max_hp_loss":0,"event_name":"Golden Shrine","floor":37,"gold_loss":0}],"is_beta":false,"boss_relics":[{"not_picked":["SacredBark","SlaversCollar"],"picked":"Sozu"},{"not_picked":["Runic Dome","Fusion Hammer"],"picked":"Coffee Dripper"}],"items_purged_floors":[31,39],"is_endless":false,"potions_floor_spawned":[1,4,10,18,24,29,44,46],"ascension_level":5}}