{"host":"nxma0dbhh74lxenq","time":1613471741,"event":{"mods":["Astrologer","BaseMod","Beaked The Cultist","CapriCore","Colored Map","DeckTracker","Gremlin Mod","Highlight Path","Koishi","Mad Scientist","Minty Spire (QoL Compilation)","StSLib","SuperFastMode","The Bladedancer","The Cursed","The Immortal","The Mystic","YoumuÅiç∞ÈÆódöÎÅj"],"gold_per_floor":[111,186,204,204,222,222,253,12,12,29,29,29,41,56,56,132,132,144,144,163,63,113,113,142,142,213,213,225,225,100,100,100,176,176,196,208,219,229,247,247,257,272,272,51,69,94,94,123,123,123],"floor_reached":51,"language":"JPN","playtime":4907,"items_purged":["Koishi:BasicStrike","Koishi:BasicStrike","Koishi:BasicDefend","Koishi:BasicStrike"],"score":1363,"play_id":"806b93c7-ed38-420b-838a-f5ae1d2abddc","local_time":"20210216193541","is_ascension_mode":true,"campfire_choices":[{"data":"Koishi:SubterraneanRose","floor":6,"key":"SMITH"},{"floor":11,"key":"REST"},{"data":"Koishi:StingingMind","floor":15,"key":"SMITH"},{"floor":23,"key":"REST"},{"data":"Koishi:Ego","floor":25,"key":"SMITH"},{"data":"beaked:NemesisSlickness","floor":27,"key":"SMITH"},{"data":"Koishi:PredatoryInstincts","floor":29,"key":"SMITH"},{"data":"Koishi:PhantomBarrier","floor":32,"key":"SMITH"},{"data":"Koishi:MindStellarRelief","floor":40,"key":"SMITH"},{"data":"Koishi:GrowingPain","floor":47,"key":"SMITH"},{"data":"Koishi:GeneticsOfTheUnconscious","floor":49,"key":"SMITH"}],"circlet_count":0,"master_deck":["AscendersBane","Koishi:BasicDefend","Koishi:BasicDefend","Koishi:BasicDefend","Koishi:Provoke","Koishi:HauntingSlash","Koishi:PhantomStrike","Koishi:SubterraneanRose+1","Koishi:PredatoryInstincts+1","Koishi:Whimsy","Koishi:SubconsciousSweep","Koishi:PhantomBarrier+1","Koishi:YoukaiPolygraph","Koishi:StingingMind+1","Koishi:Ego+1","beaked:NemesisSlickness+1","Koishi:HeartfeltFancy","Koishi:GeneticsOfTheUnconscious+1","Koishi:RacingHeart","Koishi:RuptureMind","Koishi:Provoke","Koishi:MindStellarRelief+1","Koishi:UnansweredLove+1","Koishi:GhostParty+1","Parasite","Koishi:Untouchable+1","Koishi:IdleWhim+1","Koishi:Untouchable","Koishi:Jaunt","Koishi:Prune","Koishi:SpiritedAway","Koishi:YoukaiPolygraph+1","Koishi:HeartfeltFancy","Parasite","Koishi:GrowingPain+1"],"relics":["Koishi:ImaginaryFriend","NeowsBlessing","Ornamental Fan","Strawberry","beaked:SacredDeck","Orichalcum","Blue Candle","Coffee Dripper","Smiling Mask","Orrery","InkBottle","Pen Nib"],"acts_visited":["Exordium","TheCity","TheBeyond"],"potions_floor_usage":[7,12,16,24,24,33,36,50],"damage_taken":[{"damage":0,"enemies":"Jaw Worm","floor":1,"turns":1},{"damage":0,"enemies":"2 Louse","floor":3,"turns":1},{"damage":0,"enemies":"Cultist","floor":5,"turns":1},{"damage":33,"enemies":"3 Sentries","floor":7,"turns":13},{"damage":6,"enemies":"Looter","floor":10,"turns":5},{"damage":7,"enemies":"Blue Slaver","floor":13,"turns":6},{"damage":0,"enemies":"2 Fungi Beasts","floor":14,"turns":4},{"damage":6,"enemies":"Hexaghost","floor":16,"turns":9},{"damage":23,"enemies":"Shell Parasite","floor":18,"turns":8},{"damage":26,"enemies":"Chosen","floor":20,"turns":7},{"damage":11,"enemies":"Book of Stabbing","floor":24,"turns":6},{"damage":14,"enemies":"Centurion and Healer","floor":28,"turns":12},{"damage":36,"enemies":"Champ","floor":33,"turns":13},{"damage":5,"enemies":"3 Shapes","floor":35,"turns":4},{"damage":19,"enemies":"3 Darklings","floor":36,"turns":4},{"damage":8,"enemies":"Writhing Mass","floor":37,"turns":11},{"damage":0,"enemies":"Maw","floor":38,"turns":12},{"damage":0,"enemies":"4 Shapes","floor":39,"turns":8},{"damage":0,"enemies":"Jaw Worm Horde","floor":41,"turns":6},{"damage":3,"enemies":"Spire Growth","floor":42,"turns":7},{"damage":0,"enemies":"Writhing Mass","floor":45,"turns":8},{"damage":0,"enemies":"Giant Head","floor":46,"turns":9},{"damage":8,"enemies":"beaked:SuperParasite","floor":48,"turns":9},{"damage":19,"enemies":"Donu and Deca","floor":50,"turns":10}],"seed_played":"4052173314344486321","potions_obtained":[{"floor":1,"key":"Fire Potion"},{"floor":10,"key":"PowerPotion"},{"floor":12,"key":"EntropicBrew"},{"floor":16,"key":"FearPotion"},{"floor":35,"key":"Explosive Potion"},{"floor":36,"key":"SkillPotion"}],"is_trial":false,"path_per_floor":["M","?","M","?","M","R","E","$","T","M","R","?","M","M","R","B",null,"M","?","M","$","?","R","E","R","T","R","M","R","$","?","R","B",null,"M","M","M","M","M","R","M","M","T","$","M","E","R","E","R","B",null],"character_chosen":"KOISHI","items_purchased":["Fruit Juice","Koishi:SubconsciousSweep","Orrery"],"campfire_rested":2,"item_purchase_floors":[8,8,44],"current_hp_per_floor":[51,40,40,33,33,33,2,2,9,8,27,32,31,40,40,52,65,57,38,25,25,25,47,45,45,45,45,53,53,53,53,53,50,68,74,74,74,74,74,74,74,74,74,74,74,74,74,74,74,66],"gold":123,"neow_bonus":"THREE_ENEMY_KILL","is_daily":false,"chose_seed":false,"campfire_upgraded":9,"win_rate":0.0,"timestamp":1613471741,"path_taken":["M","?","M","?","?","R","E","$","T","M","R","?","?","M","R","BOSS","M","?","M","$","?","R","E","R","T","R","M","R","$","?","R","BOSS","M","M","M","M","M","R","M","?","T","$","M","E","R","E","R","BOSS"],"items_purchased_type":["Potion","Card","Relic"],"build_version":"2020-12-22","purchased_purges":4,"victory":true,"max_hp_per_floor":[57,57,57,57,57,57,57,57,64,64,64,69,69,69,69,69,69,69,74,74,74,74,74,74,74,74,74,74,74,74,74,74,74,74,74,74,74,74,74,74,74,74,74,74,74,74,74,74,74,74],"card_choices":[{"not_picked":["Koishi:FreudianInstinct","Koishi:EmbryosDream"],"picked":"Koishi:PhantomStrike","floor":1},{"not_picked":["Koishi:HeartfeltFancy","Koishi:HeartAttack"],"picked":"Koishi:SubterraneanRose","floor":3},{"not_picked":["Koishi:RorschachInDanmaku","Koishi:SubterraneanRose"],"picked":"Koishi:PredatoryInstincts","floor":5},{"not_picked":["Koishi:PhilosophyOfTheDespised","Koishi:DNAsFlaw"],"picked":"Koishi:Whimsy","floor":7},{"not_picked":["Koishi:ReleaseOfTheId","Koishi:Ego"],"picked":"Koishi:PhantomBarrier","floor":10},{"not_picked":["Koishi:FourthEye","Koishi:HeartfeltFancy"],"picked":"Koishi:YoukaiPolygraph","floor":13},{"not_picked":["Koishi:SubconsciousSweep","Koishi:BloodcurdlingScream"],"picked":"Koishi:StingingMind","floor":14},{"not_picked":["Koishi:SuperEgo","Koishi:Heartbroken"],"picked":"Koishi:Ego","floor":16},{"not_picked":["Koishi:IdleWhim","Koishi:UnansweredLove"],"picked":"Koishi:HeartfeltFancy","floor":18},{"not_picked":["Koishi:ParalyzingFear","Koishi:DreadfulBlow+1"],"picked":"Koishi:GeneticsOfTheUnconscious","floor":20},{"not_picked":["Koishi:FormlessExistence","Koishi:Possession","Koishi:SuperEgo"],"picked":"SKIP","floor":24},{"not_picked":["Koishi:BloodcurdlingScream","Koishi:Possession"],"picked":"Koishi:RacingHeart","floor":28},{"not_picked":["Koishi:HeartStoppingHorror","Koishi:RoseHell"],"picked":"Koishi:MindStellarRelief","floor":33},{"not_picked":["Koishi:JumpScare","Koishi:Possession"],"picked":"Koishi:UnansweredLove+1","floor":35},{"not_picked":["Koishi:PredatoryInstincts","Koishi:DreadfulBlow"],"picked":"Koishi:GhostParty+1","floor":36},{"not_picked":["Koishi:BramblyRoseGarden","Koishi:PhantomBarrier"],"picked":"Koishi:Untouchable+1","floor":37},{"not_picked":["Koishi:DreadfulBlow+1","Koishi:FourthEye"],"picked":"Koishi:IdleWhim+1","floor":38},{"not_picked":["Koishi:TraumaticStroke","Koishi:SprinkleStarAndHeart"],"picked":"Koishi:Untouchable","floor":39},{"not_picked":["Koishi:SubterraneanRose+1","Koishi:RacingHeart","Koishi:DreadfulBlow"],"picked":"SKIP","floor":41},{"not_picked":["Koishi:IdleWhim","Koishi:HeartAttack"],"picked":"Koishi:Jaunt","floor":42},{"not_picked":["Koishi:CatchAndRose+1","Koishi:StingingMind"],"picked":"Koishi:Prune","floor":44},{"not_picked":["Koishi:UnconsciousUprising+1","Koishi:Untouchable+1"],"picked":"Koishi:SpiritedAway","floor":44},{"not_picked":["Koishi:SubterraneanRose+1","Koishi:ReleaseOfTheId"],"picked":"Koishi:YoukaiPolygraph+1","floor":44},{"not_picked":["Koishi:ImGoingToCallYouNow","Koishi:SubterraneanRose+1"],"picked":"Koishi:HeartfeltFancy","floor":44},{"not_picked":["Koishi:PhantomBarrier+1","Koishi:StrangeCloudFist"],"picked":"Koishi:GrowingPain","floor":45},{"not_picked":["Koishi:SpiritedAway+1","Koishi:EmbryosDream","Koishi:DNAsFlaw"],"picked":"SKIP","floor":46},{"not_picked":["Koishi:BloodcurdlingScream","Koishi:UnconsciousUprising","Koishi:PhantomBarrier"],"picked":"SKIP","floor":48}],"player_experience":462361,"relics_obtained":[{"floor":7,"key":"Ornamental Fan"},{"floor":9,"key":"Strawberry"},{"floor":24,"key":"Orichalcum"},{"floor":26,"key":"Blue Candle"},{"floor":43,"key":"Smiling Mask"},{"floor":46,"key":"InkBottle"},{"floor":48,"key":"Pen Nib"}],"event_choices":[{"damage_healed":0,"gold_gain":75,"player_choice":"Gather Gold","damage_taken":11,"max_hp_gain":0,"max_hp_loss":0,"event_name":"World of Goop","floor":2,"gold_loss":0},{"cards_removed":["Koishi:BasicStrike"],"damage_healed":0,"gold_gain":0,"player_choice":"Card Removal","damage_taken":7,"max_hp_gain":0,"max_hp_loss":0,"event_name":"Golden Wing","floor":4,"gold_loss":0},{"damage_healed":0,"gold_gain":0,"player_choice":"Got Potions","damage_taken":0,"max_hp_gain":0,"max_hp_loss":0,"event_name":"Lab","floor":12,"gold_loss":0},{"damage_healed":0,"gold_gain":0,"player_choice":"Shed Blood","damage_taken":24,"max_hp_gain":5,"max_hp_loss":0,"event_name":"Forgotten Altar","floor":19,"gold_loss":0},{"damage_healed":0,"gold_gain":50,"player_choice":"Stole From Cult","damage_taken":0,"max_hp_gain":0,"max_hp_loss":0,"event_name":"Nest","floor":22,"gold_loss":0},{"damage_healed":0,"gold_gain":0,"player_choice":"2 cards matched","damage_taken":0,"max_hp_gain":0,"max_hp_loss":0,"event_name":"Match and Keep!","floor":31,"gold_loss":0,"cards_obtained":["Koishi:RuptureMind","Koishi:Provoke"]}],"is_beta":false,"boss_relics":[{"not_picked":["Philosopher\u0027s Stone","Black Star"],"picked":"beaked:SacredDeck"},{"not_picked":["SacredBark","Sozu"],"picked":"Coffee Dripper"}],"items_purged_floors":[8,21,30,44],"is_endless":false,"potions_floor_spawned":[1,10,13,16,28,35,36,39,46],"ascension_level":18}}