{"host":"clf2hd4adhiiw0zf","time":1613461173,"event":{"mods":["AchievementEnabler","BaseMod","Beaked The Cultist","Bestiary","Dark Map","Downfall","Gremlin Mod","Hermit","Jorbs\u0027s Wanderer Trilogy","Marisa????????","Minty Spire (QoL Compilation)","Shop Mod","StSLib","The Cursed","Wide Potions"],"gold_per_floor":[0,10,28,41,56,56,56,84,103,117,117,142,54,77,108,197,209,221,253,275,306,134,166,192,92,77,96,96,96,129,129,143,222,222,222,239,253,264,169,494,494,494,494,494,525,425,81,113,132,132,132,132],"floor_reached":50,"language":"ENG","playtime":1878,"items_purged":[],"score":1233,"play_id":"113750df-ee2c-4691-be21-eb97ea031c8e","local_time":"20210216003933","is_ascension_mode":true,"campfire_choices":[{"data":"champ:CheapShot","floor":1,"key":"SMITH"},{"floor":6,"key":"RECALL"},{"data":"champ:MurderStrike","floor":13,"key":"SMITH"},{"data":"champ:PerfectedStrike","floor":18,"key":"SMITH"},{"data":"champ:PerfectedStrike","floor":25,"key":"SMITH"},{"data":"champ:Improvising","floor":29,"key":"SMITH"},{"data":"champ:HoldFirm","floor":35,"key":"SMITH"},{"floor":42,"key":"REST"},{"data":"champ:GladiatorStyle","floor":46,"key":"SMITH"}],"circlet_count":0,"master_deck":["AscendersBane","champ:Strike","champ:Strike","champ:Strike","champ:Strike","champ:Defend","champ:Defend","champ:Defend","champ:Defend","champ:Execute","champ:Taunt","champ:CheapShot+1","champ:BladeFlurry","champ:BladeFlurry","champ:ArenaPreparation","champ:RecklessLeap","champ:FlashCut","champ:FlashCut","champ:MurderStrike+1","champ:PerfectedStrike+1","champ:DeathBlow","champ:LastStand","CurseOfTheBell","champ:Backstep","champ:Improvising+1","champ:PerfectedStrike+1","champ:GladiatorStyle+1","champ:HoldFirm+1","Necronomicurse","champ:VampiricStrike","champ:HoldFirm","champ:GladiatorStyle+1"],"relics":["champ:ChampionCrown","Kunai","FossilizedHelix","Toy Ornithopter","MawBank","downfall:HeartBlessingRed","Calling Bell","Nunchaku","bronze:DecasWashers","champ:DeflectingBracers","Pen Nib","hexamod:Sixitude","downfall:HeartBlessingBlue","Lizard Tail","Necronomicon","bronze:MakeshiftBattery","Mummified Hand","Regal Pillow","Old Coin","Slimebound:PreparedRelic","Sundial","Bag of Marbles","downfall:HeartBlessingGreen","bronze:DonusWashers","Bag of Preparation","Letter Opener"],"acts_visited":["Exordium","TheCity","TheBeyond"],"potions_floor_usage":[8,33,49,50],"damage_taken":[{"damage":10,"enemies":"Cultist","floor":2,"turns":3},{"damage":13,"enemies":"Small Slimes","floor":3,"turns":4},{"damage":10,"enemies":"Jaw Worm","floor":4,"turns":4},{"damage":5,"enemies":"2 Fungi Beasts","floor":5,"turns":5},{"damage":29,"enemies":"Lagavulin","floor":8,"turns":7},{"damage":14,"enemies":"Exordium Wildlife","floor":9,"turns":5},{"damage":31,"enemies":"downfall:LooterAlt","floor":10,"turns":3},{"damage":2,"enemies":"Gremlin Nob","floor":12,"turns":4},{"damage":7,"enemies":"Lots of Slimes","floor":14,"turns":4},{"damage":5,"enemies":"Exordium Thugs","floor":15,"turns":3},{"damage":67,"enemies":"SI_SHIV_ARCHETYPE","floor":16,"turns":8},{"damage":0,"enemies":"Chosen","floor":19,"turns":4},{"damage":14,"enemies":"Shell Parasite","floor":20,"turns":5},{"damage":35,"enemies":"3 Cultists","floor":21,"turns":6},{"damage":20,"enemies":"downfall:FleeingMerchant","floor":22,"turns":5},{"damage":21,"enemies":"Book of Stabbing","floor":23,"turns":4},{"damage":15,"enemies":"downfall:FleeingMerchant","floor":26,"turns":5},{"damage":10,"enemies":"Chosen and Byrds","floor":27,"turns":4},{"damage":8,"enemies":"Slavers","floor":30,"turns":4},{"damage":7,"enemies":"Shelled Parasite and Fungi","floor":32,"turns":3},{"damage":69,"enemies":"IC_MUSHROOM_ARCHETYPE","floor":33,"turns":4},{"damage":58,"enemies":"3 Shapes","floor":36,"turns":4},{"damage":0,"enemies":"Orb Walker","floor":37,"turns":2},{"damage":14,"enemies":"Jaw Worm Horde","floor":38,"turns":4},{"damage":0,"enemies":"downfall:FleeingMerchant","floor":39,"turns":3},{"damage":10,"enemies":"downfall:FleeingMerchant","floor":40,"turns":3},{"damage":46,"enemies":"Giant Head","floor":45,"turns":8},{"damage":66,"enemies":"Reptomancer","floor":48,"turns":6},{"damage":0,"enemies":"3 Darklings","floor":49,"turns":2},{"damage":75,"enemies":"DF_ARCHETYPE_ORBS","floor":50,"turns":5}],"seed_played":"-3473674410957261958","potions_obtained":[{"floor":4,"key":"GamblersBrew"},{"floor":9,"key":"Guardian:BlockOnCardUsePotion"},{"floor":10,"key":"bronze:BurnAndBuffPotion"},{"floor":12,"key":"Regen Potion"},{"floor":33,"key":"hexamod:SoulburnPotion"},{"floor":49,"key":"Strength Potion"}],"is_trial":false,"path_per_floor":["R","M","M","M","M","R","T","E","M","M","T","E","R","M","M","B",null,"R","M","M","M","$","E","T","R","$","M","?","R","E","?","M","B",null,"R","M","M","M","$","?","T","R","T","?","E","R","$","E","M","B"],"character_chosen":"THE_CHAMP","items_purchased":["Pen Nib","Mummified Hand","Regal Pillow","bronze:DonusWashers","Bag of Preparation"],"campfire_rested":1,"item_purchase_floors":[22,39,39,47,47],"current_hp_per_floor":[73,73,70,70,65,65,65,61,67,66,66,74,74,77,81,59,76,76,81,72,47,57,46,46,56,56,71,71,71,63,42,35,38,78,78,40,40,26,26,36,36,78,78,78,52,52,52,11,21,0,0,0],"gold":132,"neow_bonus":"THREE_RARE_CARDS","is_daily":false,"chose_seed":false,"campfire_upgraded":7,"win_rate":0.0,"timestamp":1613461173,"path_taken":["R","M","M","?","M","R","T","E","?","M","?","E","R","M","M","BOSS","R","M","M","M","?","E","T","R","$","?","?","R","E","?","M","BOSS","R","M","M","M","$","?","T","R","?","?","E","R","$","E","M","BOSS"],"items_purchased_type":["Relic","Relic","Relic","Relic","Relic"],"build_version":"2020-12-22","purchased_purges":0,"victory":false,"max_hp_per_floor":[81,81,81,81,81,81,81,81,81,81,81,81,81,81,81,81,81,81,81,81,81,81,81,81,91,91,91,91,91,91,91,91,91,91,91,91,91,91,91,91,91,91,91,91,91,91,91,91,91,91,91,91],"card_choices":[{"not_picked":["champ:VampiricStrike","champ:SteelEdge"],"picked":"champ:CheapShot","floor":0},{"not_picked":["champ:GutPunch","champ:DefensiveShout","champ:CrownThrow"],"picked":"SKIP","floor":2},{"not_picked":["champ:SwordSigil","champ:AdrenalArmor"],"picked":"champ:BladeFlurry","floor":3},{"not_picked":["champ:RapidStrikes","champ:SkillfulDodge"],"picked":"champ:BladeFlurry","floor":4},{"not_picked":["champ:BringItOn","champ:PreciseThrust"],"picked":"champ:ArenaPreparation","floor":5},{"not_picked":["champ:Shatter","champ:ShieldSigil"],"picked":"champ:RecklessLeap","floor":8},{"not_picked":["champ:FanOfKnives","champ:BladeFlurry"],"picked":"champ:FlashCut","floor":9},{"not_picked":["champ:BladeFlurry","champ:SetATrap"],"picked":"champ:FlashCut","floor":10},{"not_picked":["champ:BerserkersShout","champ:PreciseThrust"],"picked":"champ:MurderStrike","floor":12},{"not_picked":["champ:Endure","champ:DefensiveShout"],"picked":"champ:PerfectedStrike","floor":14},{"not_picked":["champ:EnGarde","champ:BerserkerStyle"],"picked":"champ:DeathBlow","floor":15},{"not_picked":["champ:GladiatorForm","champ:IgnorePain"],"picked":"champ:LastStand","floor":16},{"not_picked":["champ:GutPunch","champ:AdrenalArmor"],"picked":"champ:Backstep","floor":19},{"not_picked":["champ:BladeFlurry","champ:Shatter","champ:DefensiveStyle"],"picked":"SKIP","floor":20},{"not_picked":["champ:BladeFlurry","champ:Lariat","champ:GutPunch+1"],"picked":"SKIP","floor":21},{"not_picked":["champ:EnGarde","champ:Parry"],"picked":"champ:Improvising","floor":22},{"not_picked":["champ:ShieldWall","champ:AdrenalArmor"],"picked":"champ:PerfectedStrike","floor":23},{"not_picked":["champ:BringItOn+1","champ:Encircle"],"picked":"champ:GladiatorStyle+1","floor":26},{"not_picked":["champ:StanceDance","champ:Backstep","champ:Shatter"],"picked":"SKIP","floor":27},{"not_picked":["champ:Backstep","champ:ShieldWall"],"picked":"champ:HoldFirm","floor":30},{"not_picked":["champ:Lariat","champ:GutPunch","champ:Haymaker+1"],"picked":"SKIP","floor":32},{"not_picked":["champ:EnchantShield","champ:ShieldThrow"],"picked":"champ:VampiricStrike","floor":33},{"not_picked":["champ:BerserkerStyle","champ:ShieldSlam","champ:HeartStrike+1"],"picked":"SKIP","floor":36},{"not_picked":["champ:CrownThrow","champ:DefensiveShout+1","champ:RageSigil"],"picked":"SKIP","floor":37},{"not_picked":["champ:Circumvent","champ:Parry+1","champ:FaceSlap"],"picked":"SKIP","floor":38},{"not_picked":["champ:Haymaker","champ:FalseCounter","champ:EndlessRage+1"],"picked":"SKIP","floor":39},{"not_picked":["champ:PerfectedStrike","champ:BladeFlurry"],"picked":"champ:HoldFirm","floor":40},{"not_picked":["champ:CrownThrow","champ:RageSigil"],"picked":"champ:GladiatorStyle","floor":45},{"not_picked":["champ:RageSigil","champ:TornadoPunch","champ:PerfectedStrike"],"picked":"SKIP","floor":48},{"not_picked":["champ:GutPunch","champ:FanOfKnives","champ:EnragedBash"],"picked":"SKIP","floor":49}],"player_experience":332909,"relics_obtained":[{"floor":7,"key":"Kunai"},{"floor":8,"key":"FossilizedHelix"},{"floor":11,"key":"Toy Ornithopter"},{"floor":12,"key":"MawBank"},{"floor":17,"key":"Nunchaku"},{"floor":17,"key":"bronze:DecasWashers"},{"floor":17,"key":"champ:DeflectingBracers"},{"floor":23,"key":"hexamod:Sixitude"},{"floor":30,"key":"Lizard Tail"},{"floor":31,"key":"Necronomicon"},{"floor":40,"key":"Old Coin"},{"floor":41,"key":"Slimebound:PreparedRelic"},{"floor":43,"key":"Sundial"},{"floor":45,"key":"Bag of Marbles"},{"floor":48,"key":"Letter Opener"}],"event_choices":[],"is_beta":false,"boss_relics":[{"not_picked":["SacredBark","Runic Pyramid"],"picked":"Calling Bell"},{"not_picked":["Coffee Dripper","beaked:MawFillet"],"picked":"bronze:MakeshiftBattery"}],"items_purged_floors":[],"is_endless":false,"potions_floor_spawned":[4,9,10,12,15,21,27,30,33,37,38,40,45,49],"killed_by":"DF_ARCHETYPE_ORBS","ascension_level":20}}