{"host":"l2lylj0omvglf5x0","time":1613477082,"event":{"mods":["2.2 Compatiblity","BaseMod","Bestiary","Block Reminder","Colored Map","Colored Powertips","Curses Come First","Highlight Path","Keyboard Shortcuts","Minty Spire (QoL Compilation)","Relic Sorter","Relic Stats","Slay the Relics Exporter","StSLib","SuperFastMode"],"gold_per_floor":[113,45,45,120,220,248,248,278,278,278,296,296,23,50,50,164,164,208,208,255,255,285,285],"floor_reached":22,"language":"ENG","playtime":930,"items_purged":["Defend_P"],"score":200,"play_id":"0ec4db75-9c33-48ca-8180-692361b1280c","local_time":"20210216130442","is_ascension_mode":true,"campfire_choices":[{"data":"Vigilance","floor":7,"key":"SMITH"},{"floor":10,"key":"REST"},{"data":"Prostrate","floor":15,"key":"SMITH"}],"circlet_count":0,"master_deck":["Strike_P","Strike_P","Strike_P","Defend_P","Defend_P","Defend_P","Eruption+1","Vigilance+1","FearNoEvil","LikeWater","ThirdEye","Prostrate+1","Crescendo","FlurryOfBlows","ClearTheMind","Prostrate","Wish+1","SashWhip","EmptyBody"],"relics":["PureWater","Bag of Preparation","Du-Vu Doll","Sundial","CeramicFish","Busted Crown"],"acts_visited":["Exordium","TheCity"],"potions_floor_usage":[18,20],"damage_taken":[{"damage":0,"enemies":"Cultist","floor":1,"turns":2},{"damage":31,"enemies":"3 Sentries","floor":6,"turns":8},{"damage":20,"enemies":"Lagavulin","floor":8,"turns":8},{"damage":0,"enemies":"Small Slimes","floor":11,"turns":1},{"damage":0,"enemies":"2 Louse","floor":14,"turns":3},{"damage":14,"enemies":"Hexaghost","floor":16,"turns":11},{"damage":21,"enemies":"Spheric Guardian","floor":18,"turns":6},{"damage":8,"enemies":"Chosen","floor":20,"turns":6},{"damage":44,"enemies":"Sentry and Sphere","floor":22,"turns":3}],"seed_played":"7149979159399150452","potions_obtained":[{"floor":1,"key":"Energy Potion"},{"floor":6,"key":"StancePotion"},{"floor":16,"key":"SkillPotion"},{"floor":20,"key":"Fire Potion"}],"is_trial":false,"path_per_floor":["M","$","?","?","?","E","R","E","T","R","M","?","$","M","R","B",null,"M","?","M","?","M"],"character_chosen":"WATCHER","items_purchased":["LikeWater","CeramicFish","FlurryOfBlows","ClearTheMind"],"campfire_rested":1,"item_purchase_floors":[2,13,13,13],"current_hp_per_floor":[72,72,72,61,61,30,30,10,10,31,31,24,24,24,24,10,72,51,38,30,30,0,0],"gold":285,"neow_bonus":"UPGRADE_CARD","is_daily":false,"chose_seed":false,"campfire_upgraded":2,"win_rate":0.0,"timestamp":1613477082,"path_taken":["M","?","?","?","?","E","R","E","T","R","?","?","$","M","R","BOSS","M","?","M","?","?"],"items_purchased_type":["Card","Relic","Card","Card"],"build_version":"2020-12-22","purchased_purges":1,"victory":false,"max_hp_per_floor":[72,72,72,72,72,72,72,72,72,72,72,72,72,72,72,72,72,72,77,77,77,77,77],"relic_stats":{"Busted Crown":4,"counters":[9,48],"Sundial":[4],"CeramicFish":54,"Bag of Preparation":[14],"obtain_stats":[{"Du-Vu Doll":8,"Busted Crown":17,"Sundial":9,"CeramicFish":13,"Bag of Preparation":6,"PureWater":0},{"Du-Vu Doll":3,"Busted Crown":6,"Sundial":3,"CeramicFish":4,"Bag of Preparation":2,"PureWater":0},{"Du-Vu Doll":18,"Busted Crown":33,"Sundial":18,"CeramicFish":19,"Bag of Preparation":10,"PureWater":0}]},"card_choices":[{"not_picked":["Swivel","Protect"],"picked":"FearNoEvil","floor":1},{"not_picked":["Protect","Alpha"],"picked":"ThirdEye","floor":6},{"not_picked":["Collect","WindmillStrike"],"picked":"Prostrate","floor":8},{"not_picked":["FlyingSleeves","Worship"],"picked":"Crescendo","floor":11},{"not_picked":["Swivel","CrushJoints"],"picked":"Prostrate","floor":14},{"not_picked":["Establishment","Judgement"],"picked":"Wish","floor":16},{"not_picked":[],"picked":"SashWhip","floor":18},{"not_picked":[],"picked":"EmptyBody","floor":20}],"player_experience":952395,"relics_obtained":[{"floor":6,"key":"Bag of Preparation"},{"floor":8,"key":"Du-Vu Doll"},{"floor":9,"key":"Sundial"}],"event_choices":[{"damage_healed":0,"gold_gain":0,"player_choice":"Leave","damage_taken":0,"max_hp_gain":0,"max_hp_loss":0,"event_name":"The Cleric","floor":3,"gold_loss":0},{"damage_healed":0,"gold_gain":75,"player_choice":"Gather Gold","damage_taken":11,"max_hp_gain":0,"max_hp_loss":0,"event_name":"World of Goop","floor":4,"gold_loss":0},{"damage_healed":0,"gold_gain":100,"player_choice":"Pray","damage_taken":0,"max_hp_gain":0,"max_hp_loss":0,"event_name":"Golden Shrine","floor":5,"gold_loss":0},{"cards_removed":["Strike_P"],"damage_healed":0,"gold_gain":0,"player_choice":"Card Removal","damage_taken":7,"max_hp_gain":0,"max_hp_loss":0,"event_name":"Golden Wing","floor":12,"gold_loss":0},{"damage_healed":0,"gold_gain":0,"player_choice":"Shed Blood","damage_taken":18,"max_hp_gain":5,"max_hp_loss":0,"event_name":"Forgotten Altar","floor":19,"gold_loss":0},{"damage_healed":0,"gold_gain":0,"player_choice":"Upgraded","damage_taken":0,"max_hp_gain":0,"max_hp_loss":0,"event_name":"Upgrade Shrine","floor":21,"gold_loss":0,"cards_upgraded":["Wish"]}],"is_beta":false,"boss_relics":[{"not_picked":["SlaversCollar","Philosopher\u0027s Stone"],"picked":"Busted Crown"}],"items_purged_floors":[13],"is_endless":false,"potions_floor_spawned":[1,6,16,20],"killed_by":"Sentry and Sphere","ascension_level":1}}