{"host":"m552uo5jodlktm3e","time":1613463618,"event":{"mods":["BaseMod","Colored Powertips","Downfall","Minty Spire (QoL Compilation)","Quick Restart","StSLib"],"gold_per_floor":[99,112,132,42,53,112,112,126,126,142,167,167,207,42,62,161,161,161,176,276,276,276,295,320,345,365,382,382,382,447,530,581,679,679,379,432,484,534,301,301,327,397,397,397,397,463,12,102,177,177,177,245,100,100,100,100],"floor_reached":57,"language":"ENG","playtime":13065,"items_purged":["sneckomod:Strike","sneckomod:Defend+1","downfall:Bewildered"],"score":1439,"play_id":"58b02c59-1814-4e61-a105-c5c7c311733f","local_time":"20210216002018","is_ascension_mode":true,"campfire_choices":[{"data":"sneckomod:TailWhip","floor":1.0,"key":"SMITH"},{"data":"sneckomod:MasterEye","floor":12.0,"key":"SMITH"},{"floor":18.0,"key":"RECALL"},{"data":"sneckomod:UnknownUncommonAttack","floor":29,"key":"SMITH"},{"data":"sneckomod:UnknownRareAttack","floor":35,"key":"SMITH"},{"data":"sneckomod:SnekBite","floor":40,"key":"SMITH"},{"data":"expansioncontent:DashGenerateEvil","floor":54,"key":"SMITH"}],"circlet_count":0,"master_deck":["sneckomod:Defend+1","sneckomod:TailWhip+1","sneckomod:SnekBite+1","sneckomod:Unknown+1","sneckomod:Unknown+1","sneckomod:DefensiveFlair+1","sneckomod:Unknown2Cost+1","sneckomod:UnknownBlock+1","sneckomod:DiceBlock+1","sneckomod:UnknownUncommonPower+1","sneckomod:UnknownUncommonAttack+1","sneckomod:MasterEye+1","sneckomod:UnknownUncommonAttack+1","sneckomod:SerpentIdol+1","sneckomod:CheapStock+1","sneckomod:SoulExchange+1","sneckomod:QuickMove+1","sneckomod:Unknown3Cost+1","sneckomod:UnlimitedRolls+1","sneckomod:WideSting","J.A.X.+1","sneckomod:Unknown2Cost","sneckomod:QuickMove+1","sneckomod:UnknownDraw+1","sneckomod:UnknownVulnerable+1","sneckomod:UnknownRareAttack+1","sneckomod:SoulDraw+1","sneckomod:UnknownDraw+1","Shame","Ragnarok+1","sneckomod:Unknown3Cost","expansioncontent:DashGenerateEvil+1"],"relics":["sneckomod:SneckoSoul","Nunchaku","Oddly Smooth Stone","War Paint","Meat on the Bone","Bag of Preparation","Snecko Eye","MutagenicStrength","sneckomod:BabySnecko","Shuriken","Ancient Tea Set","downfall:KnowingSkull","Bird Faced Urn","Cursed Key","downfall:HeartBlessingGreen","downfall:HeartBlessingRed","downfall:HeartBlessingBlue","Bottled Tornado","Letter Opener","Strawberry","Bag of Marbles","MawBank","CaptainsWheel","Toy Ornithopter","ClockworkSouvenir"],"acts_visited":["Exordium","TheCity","TheBeyond","TheEnding"],"potions_floor_usage":[30,33,39,48,55,56,56,56],"damage_taken":[{"damage":4.0,"enemies":"Cultist","floor":2.0,"turns":3.0},{"damage":2.0,"enemies":"2 Louse","floor":3.0,"turns":4.0},{"damage":5.0,"enemies":"downfall:FleeingMerchant","floor":4.0,"turns":4.0},{"damage":7.0,"enemies":"Small Slimes","floor":5.0,"turns":5.0},{"damage":4.0,"enemies":"Gremlin Nob","floor":6.0,"turns":3.0},{"damage":0.0,"enemies":"Red Slaver","floor":8.0,"turns":3.0},{"damage":11.0,"enemies":"downfall:LooterAlt","floor":10.0,"turns":6.0},{"damage":18.0,"enemies":"3 Sentries","floor":11.0,"turns":6.0},{"damage":10.0,"enemies":"Lagavulin","floor":13.0,"turns":7.0},{"damage":3.0,"enemies":"downfall:FleeingMerchant","floor":14.0,"turns":4.0},{"damage":2.0,"enemies":"Large Slime","floor":15.0,"turns":7.0},{"damage":40.0,"enemies":"IC_STATUS_ARCHETYPE","floor":16.0,"turns":9.0},{"damage":14.0,"enemies":"Chosen","floor":19.0,"turns":2.0},{"damage":0.0,"enemies":"downfall:Augmenter","floor":20.0,"turns":5.0},{"damage":9.0,"enemies":"Spheric Guardian","floor":23.0,"turns":4.0},{"damage":3.0,"enemies":"Gremlin Leader","floor":25.0,"turns":3.0},{"damage":14.0,"enemies":"Snake Plant","floor":26.0,"turns":4.0},{"damage":0.0,"enemies":"Snecko","floor":27.0,"turns":4.0},{"damage":6,"enemies":"Slavers","floor":30,"turns":2},{"damage":7,"enemies":"Shelled Parasite and Fungi","floor":31,"turns":4},{"damage":3,"enemies":"Cultist and Chosen","floor":32,"turns":3},{"damage":30,"enemies":"SI_MIRROR_ARCHETYPE","floor":33,"turns":6},{"damage":3,"enemies":"Orb Walker","floor":36,"turns":2},{"damage":0,"enemies":"3 Darklings","floor":37,"turns":3},{"damage":8,"enemies":"4 Shapes","floor":38,"turns":3},{"damage":3,"enemies":"downfall:FleeingMerchant","floor":39,"turns":1},{"damage":11,"enemies":"Reptomancer","floor":42,"turns":4},{"damage":3,"enemies":"Nemesis","floor":46,"turns":3},{"damage":3,"enemies":"Nemesis","floor":48,"turns":2},{"damage":16,"enemies":"Spire Growth","floor":49,"turns":3},{"damage":38,"enemies":"DF_ARCHETYPE_ORBS","floor":50,"turns":3},{"damage":6,"enemies":"downfall:CharBossMerchant","floor":52,"turns":3},{"damage":6,"enemies":"downfall:NeowBoss","floor":55,"turns":7},{"damage":33,"enemies":"downfall:NeowBossFinal","floor":56,"turns":8}],"seed_played":"-3742305631183850388","potions_obtained":[{"floor":2.0,"key":"champ:CounterPotion"},{"floor":3.0,"key":"LiquidBronze"},{"floor":6.0,"key":"Swift Potion"},{"floor":13.0,"key":"Guardian:BlockOnCardUsePotion"},{"floor":15.0,"key":"Dexterity Potion"},{"floor":16.0,"key":"Explosive Potion"},{"floor":23.0,"key":"Regen Potion"},{"floor":32,"key":"Weak Potion"},{"floor":33,"key":"ColorlessPotion"},{"floor":38,"key":"SneckoOil"},{"floor":42,"key":"Strength Potion"},{"floor":52,"key":"Ancient Potion"}],"is_trial":false,"path_per_floor":["R","M","M","$","M","?","T","M","?","M","E","R","E","$","M","B",null,"R","M","?","?","?","M","T","E","M","M","?","R","E","M","M","B",null,"R","M","M","M","$","R","T","E","R","?","?","E","$","?","M","B",null,"E","$","R","B","B",null],"character_chosen":"THE_SNECKO","items_purchased":["Bag of Preparation","Bottled Tornado","Letter Opener","sneckomod:Unknown3Cost","expansioncontent:DashGenerateEvil","ClockworkSouvenir"],"campfire_rested":0,"item_purchase_floors":[14,39,39,47,47,53],"current_hp_per_floor":[90,86,84,79,72,68,68,68,68,57,39,39,29,45,55,27,90,90,76,76,76,76,67,67,64,50,50,43,43,49,50,53,43,90,100,99,100,95,92,92,99,96,96,96,96,99,99,106,95,59,107,107,107,107,107,88],"gold":100,"neow_bonus":"TRANSFORM_CARD","is_daily":false,"chose_seed":false,"campfire_upgraded":6,"win_rate":0.0,"timestamp":1613463618,"path_taken":["R","M","M","$","M","?","T","M","?","?","E","R","E","?","M","BOSS","R","M","?","?","?","M","T","E","M","M","?","R","E","M","M","BOSS","R","M","M","M","$","R","T","E","R","?","?","E","$","?","M","BOSS","E","$","R","BOSS","BOSS"],"items_purchased_type":["Relic","Relic","Relic","Card","Card","Relic"],"build_version":"2020-12-22","purchased_purges":3,"victory":true,"max_hp_per_floor":[90,90,90,90,90,90,90,90,90,90,90,90,90,90,90,90,90,90,90,90,90,90,90,90,90,90,90,90,90,90,90,90,90,90,100,100,100,100,100,100,107,107,107,107,107,107,107,107,107,107,107,107,107,107,107,107],"card_choices":[{"not_picked":["sneckomod:UnknownCommonSkill","sneckomod:UnknownStrike"],"picked":"sneckomod:Unknown2Cost","floor":2.0},{"not_picked":["sneckomod:UnknownCommonSkill","sneckomod:UnknownClassPURPLE"],"picked":"sneckomod:UnknownBlock","floor":3.0},{"not_picked":["sneckomod:UnknownClassHEXA_GHOST_PURPLE","sneckomod:UnknownDraw"],"picked":"sneckomod:DiceBlock","floor":4.0},{"not_picked":["hexamod:FirstSeal","hexamod:ThirdSeal"],"picked":"hexamod:SixthSeal","floor":5.0},{"not_picked":["sneckomod:UnknownDraw","sneckomod:UnknownClassHEXA_GHOST_PURPLE"],"picked":"sneckomod:UnknownUncommonPower","floor":5.0},{"not_picked":["sneckomod:UnknownDraw","sneckomod:CheapStock"],"picked":"sneckomod:UnknownUncommonAttack","floor":6.0},{"not_picked":["sneckomod:SlitherStrike","sneckomod:UnknownCommonAttack"],"picked":"sneckomod:MasterEye","floor":8.0},{"not_picked":["sneckomod:UnknownCommonAttack","sneckomod:SoulRoll"],"picked":"sneckomod:UnknownUncommonAttack","floor":10.0},{"not_picked":["sneckomod:UnknownBlock","sneckomod:ImprovisedGuard"],"picked":"sneckomod:SerpentIdol","floor":11.0},{"not_picked":["sneckomod:Memorize","sneckomod:SoulCleanse"],"picked":"sneckomod:CheapStock","floor":13.0},{"not_picked":["sneckomod:UnknownX","sneckomod:SoulRoll"],"picked":"sneckomod:SoulExchange","floor":14.0},{"not_picked":["sneckomod:UnknownCommonAttack","sneckomod:UnknownDraw"],"picked":"sneckomod:QuickMove","floor":15.0},{"not_picked":["sneckomod:DangerNoodle","sneckomod:UnknownRareSkill"],"picked":"sneckomod:Unknown3Cost","floor":16.0},{"not_picked":["sneckomod:SoulDraw","sneckomod:CheapStock","sneckomod:UnknownStrike"],"picked":"SKIP","floor":19.0},{"not_picked":["sneckomod:QuickMove","sneckomod:CheapStock","sneckomod:UnknownDraw"],"picked":"SKIP","floor":19.0},{"not_picked":[],"picked":"J.A.X.","floor":20.0},{"not_picked":["sneckomod:WideSting","sneckomod:UnknownUncommonAttack"],"picked":"sneckomod:Unknown2Cost","floor":23.0},{"not_picked":["sneckomod:UnendingSupply","sneckomod:UnknownDraw"],"picked":"sneckomod:QuickMove+1","floor":25.0},{"not_picked":["sneckomod:DiceBlock","sneckomod:Unknown0Cost"],"picked":"sneckomod:UnknownRareAttack","floor":26.0},{"not_picked":["sneckomod:RainOfDice+1","sneckomod:SoulRoll","sneckomod:TrashToTreasure"],"picked":"SKIP","floor":27.0},{"not_picked":["sneckomod:Rotation","sneckomod:SerpentIdol","sneckomod:UnknownClassGUARDIAN"],"picked":"SKIP","floor":30},{"not_picked":["sneckomod:UnknownClassHEXA_GHOST_PURPLE","sneckomod:QuickMove"],"picked":"sneckomod:UnknownDraw","floor":31},{"not_picked":["sneckomod:PureSnecko","sneckomod:UnknownClassHEXA_GHOST_PURPLE"],"picked":"sneckomod:UnknownVulnerable","floor":32},{"not_picked":["sneckomod:UnknownBoss","sneckomod:Cheat"],"picked":"sneckomod:UnknownRareAttack","floor":33},{"not_picked":["sneckomod:UnknownDraw+1","sneckomod:DiceBlock","sneckomod:UnknownUncommonSkill+1"],"picked":"SKIP","floor":36},{"not_picked":["sneckomod:UnknownBlock","sneckomod:UnknownClassGUARDIAN","sneckomod:SnakeSap"],"picked":"SKIP","floor":37},{"not_picked":["sneckomod:UnknownDraw+1","sneckomod:DiceBlock"],"picked":"sneckomod:SoulDraw+1","floor":38},{"not_picked":["sneckomod:UnknownClassGUARDIAN","sneckomod:Unknown0Cost"],"picked":"sneckomod:UnknownDraw+1","floor":39},{"not_picked":["sneckomod:QuickBite+1","sneckomod:RainOfDice+1","sneckomod:SoulRoll+1"],"picked":"SKIP","floor":42},{"not_picked":["sneckomod:UnendingSupply","sneckomod:SoulRoll","sneckomod:Unknown1Cost"],"picked":"SKIP","floor":46},{"not_picked":["sneckomod:UnknownClassPURPLE+1","sneckomod:ImprovisedAttack","sneckomod:UnknownClassHEXA_GHOST_PURPLE+1"],"picked":"SKIP","floor":49},{"not_picked":["sneckomod:Nope+1","sneckomod:SoulRoll","sneckomod:UnknownClassPURPLE"],"picked":"SKIP","floor":52}],"player_experience":1085277,"relics_obtained":[{"floor":7.0,"key":"Oddly Smooth Stone"},{"floor":11.0,"key":"War Paint"},{"floor":13.0,"key":"Meat on the Bone"},{"floor":20.0,"key":"MutagenicStrength"},{"floor":25.0,"key":"Ancient Tea Set"},{"floor":30,"key":"Bird Faced Urn"},{"floor":41,"key":"Strawberry"},{"floor":42,"key":"Bag of Marbles"},{"floor":46,"key":"MawBank"},{"floor":48,"key":"CaptainsWheel"},{"floor":52,"key":"Toy Ornithopter"}],"event_choices":[{"cards_removed":["hexamod:SixthSeal"],"damage_healed":0,"gold_gain":0,"player_choice":"Removed Power","damage_taken":0,"max_hp_gain":0,"max_hp_loss":0,"event_name":"Falling","floor":45,"gold_loss":0}],"is_beta":false,"boss_relics":[{"not_picked":["Busted Crown","sneckomod:SuperSneckoSoul"],"picked":"Snecko Eye"},{"not_picked":["Calling Bell","Philosopher\u0027s Stone"],"picked":"Cursed Key"}],"items_purged_floors":[4,39,47],"is_endless":false,"potions_floor_spawned":[2,3,6,13,15,16,23,27,32,33,38,46,52],"ascension_level":1}}