{"host":"0h93apt32h0syxi3","time":1613446314,"event":{"mods":["Act Like it!","BaseMod","Decade(王小明)","Downfall","Gensokyo","Marisa（F雨　魔理沙）","Minty Spire (QoL Compilation)","Pale of the Ancients","StSLib","Td1madao Mod","TestMod","The Administrix","The Gatherer","The Hierophant","Waifu the Spire","[IsaacMod]以撒尖塔"],"gold_per_floor":[114,114,128,128,128,128,155,169,169,184,218,218,11,23,23,125,125,137,137,137,137,137],"floor_reached":21,"language":"ZHS","playtime":818,"items_purged":["Pain"],"score":262,"play_id":"8102ff1e-93b4-45a6-8374-a9de385fc802","local_time":"20210216113154","is_ascension_mode":false,"campfire_choices":[{"data":"Gensokyo:MarisaTwilightSpark","floor":6,"key":"SMITH"},{"data":"PulseMagic","floor":12,"key":"SMITH"},{"data":"SprinkleStarSeal","floor":15,"key":"SMITH"}],"circlet_count":0,"master_deck":["Strike_MRS","Strike_MRS","Strike_MRS","Defend_MRS","Defend_MRS","Defend_MRS","Defend_MRS","MasterSpark","UpSweep","MaximisePower","Gensokyo:MarisaTwilightSpark+1","MachineGunSpark","OortCloud","PulseMagic+1","Gensokyo:LockedMedkit","Gensokyo:BlemishedSteel","SprinkleStarSeal+1","TreasureHunter"],"relics":["MiniHakkero","testmod-TestBox","HushsDoor","GuppysHead","testmod-D_4","Gensokyo:LunaticRedEyes","PillsDrop","DoctorsRemote","testmod-TimeTraveler","Incubus","Darkstone Periapt","Gensokyo:DayTheSeaSplit","White Beast Statue"],"acts_visited":["Gensokyo:Gensokyo","Gensokyo:Gensokyoer"],"potions_floor_usage":[],"damage_taken":[{"damage":0,"enemies":"Gensokyo:3_Fairies","floor":1,"turns":4},{"damage":1,"enemies":"Gensokyo:Python","floor":3,"turns":3},{"damage":3,"enemies":"Gensokyo:Aya","floor":7,"turns":2},{"damage":0,"enemies":"Gensokyo:Gryphon","floor":8,"turns":1},{"damage":1,"enemies":"Gensokyo:LivingMonolith","floor":10,"turns":3},{"damage":23,"enemies":"Gensokyo:Cirno","floor":11,"turns":9},{"damage":7,"enemies":"Gensokyo:Gryphon_and_Rabbit","floor":14,"turns":4},{"damage":1,"enemies":"Gensokyo:Reimu","floor":16,"turns":5},{"damage":3,"enemies":"Gensokyo:Chomper","floor":18,"turns":4},{"damage":0,"enemies":"Gensokyo:CosmicMonolith","floor":21,"turns":1}],"seed_played":"3840603607857126220","potions_obtained":[{"floor":3,"key":"ShroomBrew"},{"floor":10,"key":"SkillPotion"},{"floor":11,"key":"AttackPotion"}],"is_trial":false,"path_per_floor":["M","?","M","?","?","R","E","M","T","M","E","R","COS","M","R","B",null,"M","?","T","M"],"character_chosen":"MARISA","items_purchased":["Incubus"],"campfire_rested":0,"item_purchase_floors":[17],"current_hp_per_floor":[82,82,81,81,81,81,78,78,78,77,54,54,54,47,47,46,52,49,49,49,49,49],"gold":137,"neow_bonus":"TEN_PERCENT_HP_BONUS","is_daily":false,"chose_seed":false,"campfire_upgraded":3,"win_rate":0.0,"timestamp":1613446314,"path_taken":["M","?","M","?","?","R","E","?","T","M","E","R","COS","M","R","BOSS","M","?","?","?"],"items_purchased_type":["Relic"],"build_version":"2020-12-22","purchased_purges":1,"victory":false,"max_hp_per_floor":[82,82,82,82,82,82,82,82,82,77,77,77,77,77,77,77,52,52,52,52,52,52],"card_choices":[{"not_picked":[],"picked":"Bomb","floor":0},{"not_picked":["UnstableBomb","6A","DC"],"picked":"SKIP","floor":1},{"not_picked":["AsteroidBelt","IllusionStar","GravityBeat"],"picked":"SKIP","floor":3},{"not_picked":["PowerUp","WitchLeyline"],"picked":"MachineGunSpark","floor":7},{"not_picked":["AlicesGift","ShootTheMoon"],"picked":"OortCloud","floor":8},{"not_picked":["DoubleSpark","LuminesStrike","MachineGunSpark"],"picked":"SKIP","floor":10},{"not_picked":["Acceleration","GasGiant"],"picked":"PulseMagic","floor":11},{"not_picked":["DarkMatter","AlicesGift"],"picked":"SprinkleStarSeal","floor":14},{"not_picked":["SatelliteIllusion","UltimateShortwave"],"picked":"TreasureHunter","floor":16},{"not_picked":["WitchLeyline","GasGiant+1","6A+1"],"picked":"SKIP","floor":18}],"player_experience":87545,"relics_obtained":[{"floor":7,"key":"PillsDrop"},{"floor":11,"key":"DoctorsRemote"},{"floor":20,"key":"White Beast Statue"}],"event_choices":[],"is_beta":false,"boss_relics":[{"not_picked":["Runic Dome","testmod-EnergyCheck"],"picked":"testmod-TimeTraveler"},{"not_picked":[]}],"items_purged_floors":[17],"is_endless":false,"potions_floor_spawned":[3,10,11,16],"killed_by":"Gensokyo:CosmicMonolith","ascension_level":0}}