{"host":"rygl6lff02urotq6","time":1613506302,"event":{"mods":["AchievementEnabler","BaseMod","Bestiary","Better Altar","Better Match","Better Note","Better Sensory Stone","Better Skull","Better Third Choice","BetterRewards","Colored Map","Colored Powertips","Curses Come First","DeckTracker","Downfall","Energized Spire","Hero for Fun","Mimic Mod","Minty Spire (QoL Compilation)","Quick Restart","Rare Cards Sparkle","Relic Sorter","Reliquary","Spicy Shops","StSLib","SuperFastMode","The Bug Knight","Transform Curses"],"gold_per_floor":[113,113,129,143,163,190,190,216,268,279,295,295,295],"floor_reached":12,"language":"ENG","playtime":741,"items_purged":[],"score":97,"play_id":"16d9c004-5a85-46c1-99c4-cf75a99bb4b8","local_time":"20210216151142","is_ascension_mode":true,"campfire_choices":[{"floor":7.0,"key":"RECALL"}],"circlet_count":0,"master_deck":["HollowMod:NailStrikeStart","HollowMod:NailStrikeStart","HollowMod:NailStrikeStart","HollowMod:NailStrikeStart","HollowMod:QuickDashStart","HollowMod:QuickDashStart","HollowMod:QuickDashStart","HollowMod:QuickDashStart","HollowMod:FocusHealStart","HollowMod:PogoStrike","HollowMod:LifebloodCocoon","HollowMod:PureNailStrike","HollowMod:GoodIntentions","HollowMod:DashSlash","HollowMod:LuriensSpire","HollowMod:CloakDash","HollowMod:DungDefenderAura"],"relics":["HollowMod:VesselMask","InkBottle"],"acts_visited":["Exordium"],"potions_floor_usage":[],"damage_taken":[{"damage":1.0,"enemies":"Jaw Worm","floor":1.0,"turns":3.0},{"damage":0.0,"enemies":"2 Louse","floor":3.0,"turns":3.0},{"damage":0.0,"enemies":"Cultist","floor":4.0,"turns":3.0},{"damage":0.0,"enemies":"Lots of Slimes","floor":5.0,"turns":1.0},{"damage":30.0,"enemies":"Lagavulin","floor":6.0,"turns":8.0},{"damage":32.0,"enemies":"3 Sentries","floor":8.0,"turns":12.0},{"damage":0.0,"enemies":"Large Slime","floor":10.0,"turns":6.0},{"damage":12.0,"enemies":"Exordium Wildlife","floor":11.0,"turns":7.0},{"damage":46,"enemies":"Lagavulin","floor":12,"turns":8}],"seed_played":"-2578052092763031558","potions_obtained":[{"floor":3.0,"key":"AttackPotion"},{"floor":4.0,"key":"AttackPotion"},{"floor":5.0,"key":"Block Potion"}],"is_trial":false,"path_per_floor":["M","?","M","M","M","E","R","E","T","M","M","E"],"character_chosen":"THE_BUGKNIGHT","items_purchased":[],"campfire_rested":0,"item_purchase_floors":[],"current_hp_per_floor":[81,86,86,86,86,62,62,40,40,46,34,0,0],"gold":295,"neow_bonus":"TEN_PERCENT_HP_BONUS","is_daily":false,"chose_seed":false,"campfire_upgraded":0,"win_rate":0.0,"timestamp":1613506302,"path_taken":["M","?","M","M","M","E","R","E","T","M","M","E"],"items_purchased_type":[],"build_version":"2020-12-22","purchased_purges":0,"victory":false,"max_hp_per_floor":[82,87,87,87,87,87,87,87,87,87,87,87,87],"card_choices":[{"not_picked":["HollowMod:SharpenedNail","HollowMod:TaintedHusks"],"picked":"HollowMod:LifebloodCocoon","floor":1.0},{"not_picked":["HollowMod:CornifersMapStart","HollowMod:ChannelNail"],"picked":"HollowMod:PureNailStrike","floor":3.0},{"not_picked":["HollowMod:ChannelNail","HollowMod:QuirrelsAssistance"],"picked":"HollowMod:GoodIntentions","floor":4.0},{"not_picked":["HollowMod:DescendingDark","HollowMod:NewLittleFool","HollowMod:SharpenedShadows"],"picked":"SKIP","floor":5.0},{"not_picked":["HollowMod:GoodIntentions","HollowMod:LifebloodCore"],"picked":"HollowMod:DashSlash","floor":6.0},{"not_picked":["HollowMod:WraithStrike","HollowMod:DoubleDash"],"picked":"HollowMod:LuriensSpire","floor":8.0},{"not_picked":["HollowMod:GoodIntentions","HollowMod:ShadowDash"],"picked":"HollowMod:CloakDash","floor":10.0},{"not_picked":["HollowMod:LifebloodCocoon","HollowMod:CornifersMapStart"],"picked":"HollowMod:DungDefenderAura","floor":11.0}],"player_experience":346227,"relics_obtained":[{"floor":8.0,"key":"InkBottle"}],"event_choices":[{"damage_healed":0.0,"max_hp_gain":5.0,"max_hp_loss":0.0,"gold_gain":0.0,"event_name":"Big Fish","player_choice":"Donut","floor":2.0,"gold_loss":0.0,"damage_taken":0.0}],"is_beta":false,"boss_relics":[],"items_purged_floors":[],"is_endless":false,"potions_floor_spawned":[3,4,5],"killed_by":"Lagavulin","ascension_level":1}}