{"host":"yy1cu9q9bsxhflzi","time":1613508124,"event":{"mods":["BaseMod","DeckTracker","Minty Spire (QoL Compilation)","Quick Restart","StSLib","SuperFastMode","everything is the same but u backflip on backflip"],"gold_per_floor":[109,59,72,152,152,152,172,202,227,227,152,152,168,184,184,288,288,299,317,62,62,62,62,73,103,126,1,32,32,47,59,59,158,158,170,185,232,82,82,82,99,129,154,154,174,200,220,298,298,298],"floor_reached":51,"language":"KOR","playtime":1470,"items_purged":["Defend_P","Defend_P","Strike_P","Defend_P+1"],"score":1283,"play_id":"71103268-4138-4b21-b421-cd30952fbd84","local_time":"20210217054204","is_ascension_mode":true,"campfire_choices":[{"data":"Eruption","floor":6,"key":"SMITH"},{"data":"TalkToTheHand","floor":12,"key":"SMITH"},{"data":"WheelKick","floor":15,"key":"SMITH"},{"data":"Ghostly","floor":23,"key":"SMITH"},{"data":"Ghostly","floor":32,"key":"SMITH"},{"data":"Ghostly","floor":40,"key":"SMITH"},{"floor":44,"key":"REST"},{"floor":49,"key":"REST"}],"circlet_count":0,"master_deck":["Eruption+1","Vigilance","FlurryOfBlows+1","EmptyBody","TalkToTheHand+1","Brilliance+1","WheelKick+1","FollowUp+1","Vault+1","MentalFortress+1","Scrawl+1","Meditate+1","LessonLearned+1","Ghostly+1","Ghostly+1","Ghostly+1","Ghostly+1","Ghostly+1","WheelKick+1","Prostrate+1","Scrawl+1","Secret Technique","Trip+1","Adaptation+1"],"relics":["PureWater","NeowsBlessing","Sundial","Juzu Bracelet","MealTicket","Tiny Chest","Astrolabe","TheAbacus","Akabeko","Pen Nib","Damaru","VioletLotus","Orichalcum","Anchor","Boot","Eternal Feather"],"acts_visited":["Exordium","TheCity","TheBeyond"],"potions_floor_usage":[8,42,50,50,50,50,50],"damage_taken":[{"damage":0,"enemies":"2 Louse","floor":1,"turns":1},{"damage":0,"enemies":"Jaw Worm","floor":3,"turns":1},{"damage":0,"enemies":"Small Slimes","floor":7,"turns":1},{"damage":27,"enemies":"Lagavulin","floor":8,"turns":9},{"damage":11,"enemies":"3 Louse","floor":13,"turns":4},{"damage":0,"enemies":"Exordium Wildlife","floor":14,"turns":3},{"damage":0,"enemies":"Slime Boss","floor":16,"turns":5},{"damage":0,"enemies":"Spheric Guardian","floor":18,"turns":1},{"damage":5,"enemies":"3 Byrds","floor":19,"turns":6},{"damage":0,"enemies":"Centurion and Healer","floor":24,"turns":8},{"damage":0,"enemies":"Gremlin Leader","floor":25,"turns":9},{"damage":0,"enemies":"Slavers","floor":28,"turns":6},{"damage":1,"enemies":"Shelled Parasite and Fungi","floor":30,"turns":6},{"damage":1,"enemies":"Cultist and Chosen","floor":31,"turns":7},{"damage":16,"enemies":"Champ","floor":33,"turns":12},{"damage":2,"enemies":"3 Darklings","floor":35,"turns":7},{"damage":0,"enemies":"3 Shapes","floor":36,"turns":5},{"damage":0,"enemies":"Spire Growth","floor":41,"turns":4},{"damage":14,"enemies":"Reptomancer","floor":42,"turns":7},{"damage":0,"enemies":"4 Shapes","floor":45,"turns":4},{"damage":0,"enemies":"Nemesis","floor":46,"turns":4},{"damage":0,"enemies":"Sphere and 2 Shapes","floor":47,"turns":4},{"damage":0,"enemies":"Donu and Deca","floor":50,"turns":7}],"seed_played":"3964390578990016460","potions_obtained":[{"floor":1,"key":"Weak Potion"},{"floor":7,"key":"BottledMiracle"},{"floor":16,"key":"BlessingOfTheForge"},{"floor":18,"key":"FearPotion"},{"floor":30,"key":"EntropicBrew"},{"floor":42,"key":"StancePotion"}],"is_trial":false,"path_per_floor":["M","?","M","T","?","R","M","E","T","?","$","R","M","M","R","B",null,"M","M","$","?","?","R","M","E","T","$","E","$","M","M","R","B",null,"M","M","T","$","?","R","M","E","T","R","M","E","M","T","R","B",null],"character_chosen":"WATCHER","items_purchased":["TheAbacus"],"campfire_rested":2,"item_purchase_floors":[20],"current_hp_per_floor":[65,65,65,65,70,70,70,43,43,36,51,51,40,40,40,40,68,68,63,77,38,38,38,38,38,38,38,38,38,37,36,36,20,34,32,32,32,38,28,28,28,14,14,25,25,25,25,25,38,38],"gold":298,"neow_bonus":"THREE_ENEMY_KILL","is_daily":false,"chose_seed":false,"campfire_upgraded":6,"win_rate":0.0,"timestamp":1613508124,"path_taken":["M","?","M","?","?","R","M","E","T","?","$","R","M","M","R","BOSS","M","M","$","?","?","R","M","E","T","?","E","$","M","M","R","BOSS","M","M","?","$","?","R","M","E","T","R","M","E","M","?","R","BOSS"],"items_purchased_type":["Relic"],"build_version":"2020-12-22","purchased_purges":4,"victory":true,"max_hp_per_floor":[72,72,72,72,77,77,77,77,77,77,77,77,77,77,77,77,77,77,77,77,38,38,38,38,38,38,38,38,38,38,38,38,38,38,38,38,38,38,38,38,38,38,38,38,38,38,38,38,38,38],"card_choices":[{"not_picked":["Protect","Study"],"picked":"FlurryOfBlows","floor":1},{"not_picked":["WaveOfTheHand","Meditate"],"picked":"EmptyBody","floor":3},{"not_picked":["ReachHeaven","BowlingBash"],"picked":"TalkToTheHand","floor":7},{"not_picked":["ForeignInfluence","FlurryOfBlows"],"picked":"Brilliance","floor":8},{"not_picked":["Prostrate","ClearTheMind"],"picked":"WheelKick","floor":13},{"not_picked":["Consecrate","ForeignInfluence"],"picked":"FollowUp","floor":14},{"not_picked":["Omniscience","Brilliance"],"picked":"Vault","floor":16},{"not_picked":["ThirdEye","CutThroughFate","Prostrate"],"picked":"SKIP","floor":18},{"not_picked":["Halt","Consecrate+1"],"picked":"LessonLearned","floor":19},{"not_picked":["CutThroughFate","WindmillStrike","Worship"],"picked":"SKIP","floor":24},{"not_picked":["CutThroughFate+1","WreathOfFlame","FlurryOfBlows+1"],"picked":"SKIP","floor":25},{"not_picked":["Judgement","DeceiveReality"],"picked":"Prostrate","floor":28},{"not_picked":["SignatureMove","WreathOfFlame+1","BattleHymn"],"picked":"SKIP","floor":30},{"not_picked":["ForeignInfluence+1","ThirdEye","BowlingBash"],"picked":"SKIP","floor":31},{"not_picked":["SpiritShield","ConjureBlade"],"picked":"Scrawl","floor":33},{"not_picked":["CutThroughFate","Nirvana+1","Consecrate"],"picked":"SKIP","floor":35},{"not_picked":["PathToVictory","Nirvana","EmptyBody+1"],"picked":"SKIP","floor":36},{"not_picked":["Blind","Secret Weapon"],"picked":"Secret Technique","floor":39},{"not_picked":["Sadistic Nature","Magnetism"],"picked":"Trip","floor":39},{"not_picked":["ThirdEye","FlurryOfBlows","Protect"],"picked":"SKIP","floor":41},{"not_picked":["Vengeance","Consecrate+1","Omniscience"],"picked":"SKIP","floor":42},{"not_picked":["FlurryOfBlows+1","BowlingBash"],"picked":"Adaptation+1","floor":45},{"not_picked":["CutThroughFate+1","Omniscience","SashWhip"],"picked":"SKIP","floor":46},{"not_picked":["Protect+1","FlyingSleeves+1","ClearTheMind+1"],"picked":"SKIP","floor":47}],"player_experience":3923583,"relics_obtained":[{"floor":4,"key":"Sundial"},{"floor":8,"key":"Juzu Bracelet"},{"floor":9,"key":"MealTicket"},{"floor":25,"key":"Akabeko"},{"floor":26,"key":"Pen Nib"},{"floor":28,"key":"Damaru"},{"floor":42,"key":"Orichalcum"},{"floor":43,"key":"Anchor"},{"floor":46,"key":"Boot"},{"floor":48,"key":"Eternal Feather"}],"event_choices":[{"cards_removed":["Strike_P"],"damage_healed":0,"gold_gain":0,"player_choice":"Card Removal","damage_taken":0,"max_hp_gain":0,"max_hp_loss":0,"event_name":"The Cleric","floor":2,"gold_loss":50},{"damage_healed":0,"gold_gain":0,"player_choice":"Donut","damage_taken":0,"max_hp_gain":5,"max_hp_loss":0,"event_name":"Big Fish","floor":5,"gold_loss":0},{"damage_healed":0,"gold_gain":0,"player_choice":"Success","damage_taken":7,"relics_obtained":["Tiny Chest"],"max_hp_gain":0,"max_hp_loss":0,"event_name":"Scrap Ooze","floor":10,"gold_loss":0},{"damage_healed":0,"gold_gain":0,"player_choice":"Became a Ghost","damage_taken":0,"max_hp_gain":0,"max_hp_loss":39,"event_name":"Ghosts","floor":21,"gold_loss":0,"cards_obtained":["Ghostly","Ghostly","Ghostly","Ghostly","Ghostly"]},{"damage_healed":0,"gold_gain":0,"player_choice":"Read","damage_taken":0,"max_hp_gain":0,"max_hp_loss":0,"event_name":"The Library","floor":22,"gold_loss":0,"cards_obtained":["WheelKick"]},{"damage_healed":0,"gold_gain":0,"player_choice":"Memory 3","damage_taken":10,"max_hp_gain":0,"max_hp_loss":0,"event_name":"SensoryStone","floor":39,"gold_loss":0}],"is_beta":false,"boss_relics":[{"not_picked":["Cursed Key","SacredBark"],"picked":"Astrolabe"},{"not_picked":["Runic Pyramid","Velvet Choker"],"picked":"VioletLotus"}],"items_purged_floors":[11,20,27,38],"is_endless":false,"potions_floor_spawned":[1,7,16,18,25,30,35,41,42,45],"ascension_level":7}}