{"host":"si7aosx2z4m2u697","time":1613496764,"event":{"mods":["2.2 Compatiblity","Act Like it!","Ascension Reborn","Aspiration","Bard","BaseMod","Beaked The Cultist","Better Third Choice","BetterRewards","Card Forge","Colored Powertips","Conspire","Downfall","Elementarium","Friendly Minions","Gensokyo","GifTheSpireLib","Glutton Mod","Halation","Hallownest","Highlight Path","Hubris","Infinite Spire","Mad Scientist","Marisa????????","Minty Spire (QoL Compilation)","Pale of the Ancients","Permanent Neow","Quick Restart","READ ME - Guardian Mod","READ ME - Snecko Mod","Rare Cards Sparkle","Reliquary","Replay The Spire","Ruina","Shop Mod","Spicy Shops","Spikes Relics","StSLib","Stuff the Spire","SuperFastMode","Synergy Search","The Animator","The Blackbeard","The Bug Knight","The Construct","The Cursed","The Disciple","The Jungle","The Mystic","The Servant 0.9.4"],"gold_per_floor":[111,131,142,153,153,153,153],"floor_reached":6,"language":"ENG","playtime":493,"items_purged":[],"score":46,"play_id":"e94e20b8-ef32-4e07-bb37-f67f0350da12","local_time":"20210216173244","is_ascension_mode":true,"campfire_choices":[],"circlet_count":0,"master_deck":["Strike_R+1","Strike_R+1","Strike_R+1","Strike_R+1","Strike_R+1","Defend_R","Defend_R","Defend_R","Defend_R","Bash","Feel No Pain+1","StuffTheSpire:Incineration+1","Dual Wield","StuffTheSpire:RockThrow"],"relics":["Burning Blood","Hammer of Thor","Seething Fire","Anvil of the Gods"],"acts_visited":["Exordium"],"potions_floor_usage":[4],"damage_taken":[{"damage":6,"enemies":"2 Louse","floor":1,"turns":2},{"damage":7,"enemies":"Jaw Worm","floor":2,"turns":5},{"damage":0,"enemies":"Cultist","floor":3,"turns":5},{"damage":40,"enemies":"Large Slime","floor":4,"turns":7},{"damage":56,"enemies":"HollowMod:MossKnight","floor":6,"turns":7}],"seed_played":"-8264784135062960203","potions_obtained":[{"floor":2,"key":"Adrenaline Potion"},{"floor":4,"key":"Flashbang"}],"is_trial":false,"path_per_floor":["M","M","M","M","?","E"],"character_chosen":"IRONCLAD","items_purchased":[],"campfire_rested":0,"item_purchase_floors":[],"current_hp_per_floor":[80,79,80,46,46,0,0],"gold":153,"neow_bonus":"THREE_CARDS","is_daily":false,"chose_seed":false,"campfire_upgraded":0,"win_rate":0.0,"timestamp":1613496764,"path_taken":["M","M","M","M","?","E"],"items_purchased_type":[],"build_version":"2020-12-22","purchased_purges":0,"victory":false,"max_hp_per_floor":[80,80,80,80,80,80,80],"card_choices":[{"not_picked":["ReplayTheSpireMod:Strike From Hell","Clash"],"picked":"Feel No Pain","floor":0},{"not_picked":["Clothesline","Thunderclap"],"picked":"StuffTheSpire:Incineration","floor":1},{"not_picked":["Armaments","conspire:ExplosiveBarrier"],"picked":"Dual Wield","floor":2},{"not_picked":["Wild Strike","Headbutt"],"picked":"StuffTheSpire:RockThrow","floor":3},{"not_picked":["Battle Trance","Searing Blow","Heavy Blade"],"picked":"SKIP","floor":4}],"player_experience":323939,"relics_obtained":[],"event_choices":[],"is_beta":false,"boss_relics":[],"items_purged_floors":[],"is_endless":false,"potions_floor_spawned":[2,4],"killed_by":"HollowMod:MossKnight","ascension_level":4}}