{"host":"kg61lsvem4dxoat8","time":1613494130,"event":{"mods":["AchievementEnabler","BaseMod","Better Altar","Better Match","Better Sensory Stone","Better Skull","Block Reminder","Highlight Path","Minty Spire (QoL Compilation)","Quick Restart","Rare Cards Sparkle","Relic Sorter","Relic Stats","StSLib","Synergy Search","slay the spire mod where everything is the same but ironclad has a cowboy hat"],"gold_per_floor":[10,10,28,40,50,50,50,50,50],"floor_reached":8,"language":"ENG","playtime":224,"items_purged":[],"score":96,"play_id":"7869ac73-e894-4962-983f-233ee950971d","local_time":"20210217004850","is_ascension_mode":true,"campfire_choices":[{"data":"Distraction","floor":6,"key":"SMITH"}],"circlet_count":0,"master_deck":["AscendersBane","Strike_G","Strike_G","Strike_G","Strike_G","Defend_G","Defend_G","Defend_G","Defend_G","Defend_G","Survivor","Neutralize","Distraction","Crippling Poison","Distraction+1"],"relics":["Ring of the Snake","Thread and Needle"],"acts_visited":["Exordium"],"potions_floor_usage":[8],"damage_taken":[{"damage":0,"enemies":"Cultist","floor":1,"turns":4},{"damage":0,"enemies":"2 Louse","floor":3,"turns":4},{"damage":6,"enemies":"Jaw Worm","floor":4,"turns":7},{"damage":1,"enemies":"Blue Slaver","floor":5,"turns":5},{"damage":10,"enemies":"Lagavulin","floor":8,"turns":6}],"seed_played":"865073353356514741","potions_obtained":[{"floor":1,"key":"Block Potion"},{"floor":5,"key":"CunningPotion"}],"is_trial":false,"path_per_floor":["M","?","M","M","M","R","?","E"],"character_chosen":"THE_SILENT","items_purchased":[],"campfire_rested":0,"item_purchase_floors":[],"current_hp_per_floor":[59,52,52,46,45,45,50,40,40],"gold":50,"neow_bonus":"ONE_RARE_RELIC","is_daily":false,"chose_seed":false,"campfire_upgraded":1,"win_rate":0.0,"timestamp":1613494130,"path_taken":["M","?","M","M","M","R","?","E"],"items_purchased_type":[],"build_version":"2020-12-22","purchased_purges":0,"victory":false,"max_hp_per_floor":[66,66,66,66,66,66,71,71,71],"relic_stats":{"counters":[5,26],"obtain_stats":[{"Thread and Needle":0,"Ring of the Snake":0},{"Thread and Needle":0,"Ring of the Snake":0},{"Thread and Needle":0,"Ring of the Snake":0}],"Ring of the Snake":[10]},"card_choices":[{"not_picked":["Dagger Throw","Quick Slash"],"picked":"Distraction","floor":1},{"not_picked":["Underhanded Strike","Deflect","All Out Attack"],"picked":"SKIP","floor":3},{"not_picked":["Calculated Gamble","Poisoned Stab"],"picked":"Crippling Poison","floor":4},{"not_picked":["Predator","Finisher"],"picked":"Distraction","floor":5}],"player_experience":1552159,"relics_obtained":[],"event_choices":[{"cards_removed":["Strike_G"],"damage_healed":0,"gold_gain":0,"player_choice":"Card Removal","damage_taken":7,"max_hp_gain":0,"max_hp_loss":0,"event_name":"Golden Wing","floor":2,"gold_loss":0},{"damage_healed":0,"gold_gain":0,"player_choice":"Donut","damage_taken":0,"max_hp_gain":5,"max_hp_loss":0,"event_name":"Big Fish","floor":7,"gold_loss":0}],"is_beta":false,"boss_relics":[],"items_purged_floors":[],"is_endless":false,"potions_floor_spawned":[1,5],"killed_by":"Lagavulin","ascension_level":20}}