{"host":"c4445pi3lkcwywew","time":1613504617,"event":{"mods":["AchievementEnabler","BaseMod","Bestiary","Block Reminder","Colored Map","Downfall","Hubris","Minty Spire (QoL Compilation)","Replay The Spire","Shop Mod","StSLib"],"gold_per_floor":[99,113,131,999,505,524,547,547,559,569,668,668,491,501,520,619,619,619,636,649,649,994,994,1069,1089,1089,1101,414,414,414,434,468,468,485,590,590,590,590,590,590],"floor_reached":38,"language":"ENG","playtime":8795,"items_purged":["Slimebound:Strike_Slimebound","Slimebound:Strike_Slimebound","Slimebound:Tackle","Slimebound:Defend_Slimebound"],"score":538,"play_id":"a6cba3c3-a5e7-4cf5-9167-f9ebc65d6dd3","local_time":"20210216134337","is_ascension_mode":false,"campfire_choices":[{"data":"Slimebound:Split","floor":1.0,"key":"SMITH"},{"data":"Slimebound:GoopSpray","floor":8,"key":"SMITH"},{"data":"Slimebound:DuplicatedForm","floor":12,"key":"SMITH"},{"data":"ReplayTheSpireMod:Brewmster","floor":18,"key":"SMITH"},{"data":"Slimebound:MinionMaster","floor":26,"key":"SMITH"},{"data":"Slimebound:GoopSpray","floor":37,"key":"SMITH"}],"circlet_count":0,"master_deck":["Slimebound:Strike_Slimebound","Slimebound:Defend_Slimebound","Slimebound:Defend_Slimebound","Slimebound:Defend_Slimebound","Slimebound:Split+1","Slimebound:CorrosiveSpit","Slimebound:LeadByExample","Slimebound:LivingWall","Slimebound:LeadByExample","Slimebound:LeechEnergy+1","Slimebound:GoopSpray+1","Slimebound:RainOfGoop+1","Slimebound:SlimeTap","Slimebound:DuplicatedForm+1","ReplayTheSpireMod:Brewmster+1","Slimebound:MinionMaster+1","Slimebound:SplitLeeching","expansioncontent:DashGenerateEvil+1","Slimebound:ViciousTackle","Slimebound:SpikyOuterGoop","Slimebound:SplitBruiser","Slimebound:SplitMire","Slimebound:SpikyOuterGoop","Slimebound:GoopSpray+1","Slimebound:Overexert"],"relics":["Slimebound:AbsorbEndCombat","Lantern","Sling","Replay:Baseball","hubris:HerbalPaste","Whetstone","SlaversCollar","hubris:BottledHeart","Pen Nib","hubris:DisguiseKit","Replay:Kaleidoscope","ReplayTheSpireMod:TigerMarble","hubris:AstralHammer","SacredBark"],"acts_visited":["Exordium","TheCity","TheBeyond"],"potions_floor_usage":[11,14,16,16,16,16,16,19,19,19,19,20,20,20,20,20,22,22,25,25,25,27,27,32,35,35,38],"damage_taken":[{"damage":2.0,"enemies":"Small Slimes","floor":2.0,"turns":4.0},{"damage":1.0,"enemies":"Jaw Worm","floor":3.0,"turns":4.0},{"damage":6.0,"enemies":"Cultist","floor":4.0,"turns":3.0},{"damage":0.0,"enemies":"downfall:FleeingMerchant","floor":5.0,"turns":4.0},{"damage":16,"enemies":"Lots of Slimes","floor":6,"turns":3},{"damage":17,"enemies":"Blue Slaver","floor":9,"turns":3},{"damage":2,"enemies":"Gremlin Gang","floor":10,"turns":3},{"damage":0,"enemies":"downfall:FleeingMerchant","floor":11,"turns":4},{"damage":41,"enemies":"downfall:FleeingMerchant","floor":13,"turns":4},{"damage":7,"enemies":"Large Slime","floor":14,"turns":7},{"damage":0,"enemies":"2 Fungi Beasts","floor":15,"turns":4},{"damage":15,"enemies":"SI_SHIV_ARCHETYPE","floor":16,"turns":5},{"damage":18,"enemies":"Spheric Guardian","floor":19,"turns":6},{"damage":35,"enemies":"Chosen","floor":20,"turns":5},{"damage":0,"enemies":"downfall:FleeingMerchant","floor":22,"turns":4},{"damage":0,"enemies":"Shelled Parasite and Fungi","floor":25,"turns":6},{"damage":0,"enemies":"Snake Plant","floor":27,"turns":5},{"damage":0,"enemies":"3 Cultists","floor":31,"turns":4},{"damage":0,"enemies":"Replay:Snechameleon","floor":32,"turns":4},{"damage":0,"enemies":"Shelled Parasite and Fungi","floor":34,"turns":5},{"damage":0,"enemies":"DF_ARCHETYPE_CLAW","floor":35,"turns":8},{"damage":1,"enemies":"3 Darklings","floor":38,"turns":2}],"seed_played":"7966215576246791782","potions_obtained":[{"floor":2.0,"key":"Energy Potion"},{"floor":3.0,"key":"SpeedPotion"},{"floor":6,"key":"AttackPotion"},{"floor":14,"key":"DuplicationPotion"},{"floor":15,"key":"Swift Potion"},{"floor":34,"key":"Venom Potion"}],"is_trial":false,"path_per_floor":["R","M","M","M","$","M","T","R","M","M","$","R","$","M","M","B",null,"R","M","M","?","$","?","T","M","R","M","$","PTL","PTL","M","E","?","M","B",null,"R","M"],"character_chosen":"SLIMEBOUND","items_purchased":["Lantern","Sling","Slimebound:LeechEnergy","Slimebound:GoopSpray","hubris:HerbalPaste","Slimebound:DuplicatedForm","ReplayTheSpireMod:Brewmster","Slimebound:SplitLeeching","expansioncontent:DashGenerateEvil","Whetstone","Slimebound:SpikyOuterGoop","Replay:Kaleidoscope","ReplayTheSpireMod:TigerMarble"],"campfire_rested":0,"item_purchase_floors":[5,5,5,5,11,11,11,13,13,13,28,28,28],"current_hp_per_floor":[71,71,70,67,69,57,57,57,42,46,50,50,36,39,49,61,71,71,71,69,1,1,1,1,1,1,1,1,1,1,1,1,1,1,1,1,1,0,0,0],"gold":590,"neow_bonus":"TEN_PERCENT_HP_BONUS","is_daily":false,"chose_seed":false,"campfire_upgraded":6,"win_rate":0.0,"timestamp":1613504617,"path_taken":["R","M","M","M","$","M","T","R","M","M","$","R","$","M","M","BOSS","R","M","M","?","$","?","T","M","R","M","$","PTL","PTL","M","E","?","M","BOSS","R","M"],"items_purchased_type":["Relic","Relic","Card","Card","Relic","Card","Card","Card","Card","Relic","Card","Relic","Relic"],"build_version":"2020-12-22","purchased_purges":4,"victory":false,"max_hp_per_floor":[71,71,71,71,71,71,71,71,71,71,71,71,71,71,71,71,71,71,71,71,1,1,1,1,1,1,1,1,1,1,1,1,1,1,1,1,1,1,1,1],"card_choices":[{"not_picked":["Slimebound:SplitLeeching","Slimebound:RejuvenatingLick"],"picked":"Slimebound:LeadByExample","floor":2.0},{"not_picked":["Slimebound:SlimeTap","Slimebound:RollThrough"],"picked":"Slimebound:LivingWall","floor":3.0},{"not_picked":["Slimebound:RollThrough","Slimebound:Chomp","Slimebound:SamplingLick"],"picked":"SKIP","floor":4.0},{"not_picked":["Slimebound:LeechingTouch","Slimebound:Schlurp"],"picked":"Slimebound:LeadByExample","floor":5.0},{"not_picked":["Slimebound:ItLooksTasty","Slimebound:SlimeSpikes"],"picked":"Slimebound:RainOfGoop","floor":6},{"not_picked":["Slimebound:GoopTackle","Slimebound:Prepare"],"picked":"Slimebound:SlimeTap","floor":9},{"not_picked":["Slimebound:SlimeSpikes","Slimebound:RollThrough","Slimebound:SamplingLick"],"picked":"SKIP","floor":10},{"not_picked":["Slimebound:SlimeBarrage","Slimebound:Grow","Slimebound:LivingWall"],"picked":"SKIP","floor":11},{"not_picked":["Slimebound:MassRepurpose","Slimebound:SplitBruiser"],"picked":"Slimebound:MinionMaster","floor":13},{"not_picked":["Slimebound:FinishingTackle","Slimebound:SplitMire"],"picked":"Slimebound:ViciousTackle","floor":14},{"not_picked":["Slimebound:PressTheAttack","Slimebound:Gluttony","Slimebound:HauntingLick"],"picked":"SKIP","floor":15},{"not_picked":["Slimebound:LeechEnergy+1","Slimebound:ComboTackle+1"],"picked":"Slimebound:SpikyOuterGoop","floor":19},{"not_picked":["Slimebound:Nibble","Slimebound:ItLooksTasty","Slimebound:Prepare"],"picked":"SKIP","floor":20},{"not_picked":["Slimebound:RollThrough","Slimebound:LivingWall","Slimebound:Overexert"],"picked":"SKIP","floor":22},{"not_picked":["Slimebound:SlimeBarrage+1","Slimebound:SamplingLick","Hidden Blade"],"picked":"Slimebound:SplitBruiser","floor":25},{"not_picked":["Slimebound:Gluttony","Slimebound:ItLooksTasty","Flying Knee"],"picked":"Slimebound:SplitMire","floor":27},{"not_picked":["Slimebound:SplitAcid","Slimebound:SplitBruiser+1","Slimebound:HauntingLick","Poisoned Stab"],"picked":"SKIP","floor":31},{"not_picked":["Slimebound:GoopTackle+1","Slimebound:SplitAcid","Slimebound:SplitMire","Dodge and Roll"],"picked":"SKIP","floor":32},{"not_picked":["Slimebound:ComboTackle","Slimebound:RainOfGoop","Flying Knee"],"picked":"Slimebound:GoopSpray","floor":34},{"not_picked":["Slimebound:SelfFormingGoo","Slimebound:OneTwoCombo","Glass Knife"],"picked":"Slimebound:Overexert","floor":35}],"player_experience":158580,"relics_obtained":[{"floor":7,"key":"Replay:Baseball"},{"floor":24,"key":"hubris:DisguiseKit"},{"floor":32,"key":"hubris:AstralHammer"}],"event_choices":[],"is_beta":false,"boss_relics":[{"not_picked":["hubris:VirtuousBlindfold","Honey Jar"],"picked":"SlaversCollar"},{"not_picked":["ReplayTheSpireMod:DimensionalGlitch","bronze:MakeshiftBattery"],"picked":"SacredBark"}],"items_purged_floors":[5,11,13,28],"is_endless":false,"potions_floor_spawned":[2,3,6,14,15,16,31,34,35],"killed_by":"3 Darklings","ascension_level":0}}