{"host":"2c84cb4cp1emursg","time":1613439427,"event":{"mods":["Act Like it!","BaseMod","Better Third Choice","Bossed Relics","Hermit","Mimic Mod","Minty Spire (QoL Compilation)","Permanent Neow","StSLib"],"gold_per_floor":[110,60,70,88,88,117,117,29,29,49,49,61,75,75,75],"floor_reached":14,"language":"ENG","playtime":508,"items_purged":[],"score":115,"play_id":"44c1e497-0812-44d6-93d3-2f95e556dab9","local_time":"20210215183707","is_ascension_mode":true,"campfire_choices":[{"data":"Defend_G","floor":7.0,"key":"SMITH"},{"floor":11,"key":"REST"}],"circlet_count":0,"master_deck":["Strike_G","Strike_G","Strike_G","Strike_G","Defend_G","Defend_G","Defend_G","Defend_G","Defend_G+1","Survivor","Neutralize","Dagger Spray","Dagger Throw","Bullet Time","Discovery","Quick Slash"],"relics":["Ring of the Snake","Bird Faced Urn","Tiny Chest"],"acts_visited":["Exordium"],"potions_floor_usage":[],"damage_taken":[{"damage":0.0,"enemies":"2 Louse","floor":1.0,"turns":3.0},{"damage":0.0,"enemies":"Cultist","floor":3.0,"turns":4.0},{"damage":0.0,"enemies":"Small Slimes","floor":4.0,"turns":2.0},{"damage":48.0,"enemies":"Gremlin Nob","floor":6.0,"turns":5.0},{"damage":9.0,"enemies":"3 Louse","floor":9.0,"turns":7.0},{"damage":8,"enemies":"3 Louse","floor":10,"turns":3},{"damage":6,"enemies":"Blue Slaver","floor":12,"turns":3},{"damage":17,"enemies":"Gremlin Gang","floor":13,"turns":3},{"damage":7,"enemies":"3 Sentries","floor":14,"turns":2}],"seed_played":"-7114819178468878662","potions_obtained":[{"floor":4.0,"key":"DistilledChaos"}],"is_trial":false,"path_per_floor":["M","?","M","M","?","E","R","$","MIM","M","R","M","M","E"],"character_chosen":"THE_SILENT","items_purchased":["Discovery"],"campfire_rested":1,"item_purchase_floors":[8],"current_hp_per_floor":[49,49,49,49,70,22,22,22,13,5,26,22,7,0,0],"gold":75,"neow_bonus":"ONE_RARE_RELIC","is_daily":false,"chose_seed":false,"campfire_upgraded":1,"win_rate":0.0,"timestamp":1613439427,"path_taken":["M","?","M","M","?","E","R","$","MIM","M","R","M","M","E"],"items_purchased_type":["Card"],"build_version":"2020-12-22","purchased_purges":0,"victory":false,"max_hp_per_floor":[70,70,70,70,70,70,70,70,70,70,70,70,70,70,70],"card_choices":[{"not_picked":["Dodge and Roll","Bane"],"picked":"Dagger Spray","floor":1.0},{"not_picked":["Bane","Outmaneuver"],"picked":"Masterful Stab","floor":3.0},{"not_picked":["Deflect","Flying Knee"],"picked":"Dagger Throw","floor":4.0},{"not_picked":["Cloak And Dagger","Underhanded Strike"],"picked":"Bullet Time","floor":6.0},{"not_picked":["Backstab","Outmaneuver","Skewer"],"picked":"SKIP","floor":10},{"not_picked":["Distraction","Deflect","Concentrate"],"picked":"SKIP","floor":12},{"not_picked":["Bane","Deflect"],"picked":"Quick Slash","floor":13}],"player_experience":483016,"relics_obtained":[{"floor":6.0,"key":"Tiny Chest"}],"event_choices":[{"cards_removed":["Strike_G"],"damage_healed":0.0,"max_hp_gain":0.0,"max_hp_loss":0.0,"gold_gain":0.0,"event_name":"The Cleric","player_choice":"Card Removal","floor":2.0,"gold_loss":50.0,"damage_taken":0.0},{"cards_removed":["Masterful Stab"],"damage_healed":21.0,"max_hp_gain":0.0,"max_hp_loss":0.0,"gold_gain":0.0,"event_name":"Bonfire Elementals","player_choice":"Offered Uncommon","floor":5.0,"gold_loss":0.0,"damage_taken":0.0}],"is_beta":false,"boss_relics":[],"items_purged_floors":[],"is_endless":false,"potions_floor_spawned":[4],"killed_by":"3 Sentries","ascension_level":5}}