{"host":"snn1c4qsf0fj7fzf","time":1613483656,"event":{"mods":["AchievementEnabler","Act Like it!","Aspiration","Astrologer","BaseMod","Colored Powertips","Downfall","Gensokyo","Hermit","Infinite Spire","Lobotomy","Minty Spire (QoL Compilation)","Random Character Button","Rare Cards Sparkle","Reimu??????","Reliquary","Replay The Spire","Shop Mod","Spire Arcade","StSLib","The Administrix","The Cursed","The Gatherer","The Hierophant","The Poker Player","The Runesmith"],"gold_per_floor":[109,122,122,122,140,140,157,185,185,219,219,219,246,263,263,362,362,374,374,374,299,313,345,345,345,345,380,474,384,415,415,415,519,519,533,548,548,560,560,589,609,636,636,662,662,662,662,662,662,675,675,675],"floor_reached":53,"language":"ENG","playtime":1657,"items_purged":["Injury"],"score":1003,"play_id":"b5d7d89f-f16d-484f-9654-06cfbde42de7","local_time":"20210216215416","is_ascension_mode":true,"campfire_choices":[{"floor":6,"key":"REST"},{"floor":12,"key":"REST"},{"floor":12,"key":"RECALL"},{"floor":15,"key":"REST"},{"floor":25,"key":"REST"},{"floor":32,"key":"REST"},{"floor":51,"key":"REST"}],"circlet_count":0,"master_deck":["Strike_R+1","Strike_R+1","Strike_R+1","Strike_R+1","Strike_R+1","Defend_R+1","Defend_R+1","Defend_R+1","Twin Strike+1","Uppercut+1","Twin Strike+1","Twin Strike+1","Double Tap+1","Perfected Strike+1","Perfected Strike+1","Iron Wave+1","Perfected Strike+1","Flex+1","ReplayTheSpireMod:Limb From Limb+1","Metallicize+1","Limit Break","Replay:BasicMightCard+1","CurseOfTheBell","CurseOfTheBell"],"relics":["Fusion Hammer","Molten Egg 2","reliquary:NewFriend","infinitespire:WardingShard","reliquary:TridentHead","infinitespire:Magic Flask","RuthlessExorcism:ReiMu","Juzu Bracelet","aspiration:RitualDagger","aspiration:RitualStick","Replay:Bottled Snecko","CrazyTorch:ReiMu","reliquary:PorcupineQuills","reliquary:HotPoker","Mark of Pain","aspiration:Lifesprig","Whetstone","Frozen Egg 2","Runesmith:Nanobots","downfall:ExtraCursedBell","Gremlin Food","Replay:Ringing Soul","Turnip"],"acts_visited":["Exordium","TheCity","TheBeyond"],"potions_floor_usage":[16,52,53],"damage_taken":[{"damage":7,"enemies":"Small Slimes","floor":1,"turns":3},{"damage":7,"enemies":"Jaw Worm","floor":2,"turns":4},{"damage":1,"enemies":"Cultist","floor":5,"turns":3},{"damage":13,"enemies":"Exordium Thugs","floor":7,"turns":3},{"damage":16,"enemies":"Gremlin Nob","floor":8,"turns":4},{"damage":3,"enemies":"3 Sentries","floor":10,"turns":4},{"damage":13,"enemies":"Lagavulin","floor":13,"turns":3},{"damage":0,"enemies":"3 Louse","floor":14,"turns":1},{"damage":26,"enemies":"Hexaghost","floor":16,"turns":8},{"damage":17,"enemies":"2 Thieves","floor":18,"turns":3},{"damage":6,"enemies":"3 Byrds","floor":22,"turns":2},{"damage":11,"enemies":"Gremlin Leader","floor":23,"turns":3},{"damage":12,"enemies":"Replay:Snechameleon","floor":27,"turns":4},{"damage":3,"enemies":"Slavers","floor":30,"turns":1},{"damage":21,"enemies":"Automaton","floor":33,"turns":5},{"damage":15,"enemies":"3 Shapes","floor":35,"turns":2},{"damage":3,"enemies":"3 Darklings","floor":36,"turns":1},{"damage":22,"enemies":"Spire Growth","floor":38,"turns":3},{"damage":19,"enemies":"R_Hoarder","floor":40,"turns":4},{"damage":6,"enemies":"Sphere and 2 Shapes","floor":41,"turns":2},{"damage":15,"enemies":"Giant Head","floor":42,"turns":4},{"damage":9,"enemies":"Reptomancer","floor":44,"turns":3},{"damage":3,"enemies":"Writhing Mass","floor":50,"turns":1},{"damage":94,"enemies":"Awakened One","floor":52,"turns":8},{"damage":98,"enemies":"Malkuth","floor":53,"turns":6},{"damage":130,"enemies":"Yesod","floor":53,"turns":8}],"seed_played":"7527833497454104389","potions_obtained":[{"floor":8,"key":"SmokeBomb"},{"floor":10,"key":"Languid Potion"},{"floor":13,"key":"Guardian:BlockOnCardUsePotion"},{"floor":16,"key":"SkillPotion"},{"floor":36,"key":"MagicPotion:ReiMu"},{"floor":44,"key":"FairyPotion"}],"is_trial":false,"path_per_floor":["M","M","?","T","M","R","M","E","T","E","T","R","E","M","R","B",null,"M","?","?","$","M","E","?","R","T","E","?","?","E","?","R","B",null,"M","M","?","M","?","E","M","E","T","E","?","?","?","PTL","PTL","M","R","B",null],"character_chosen":"IRONCLAD","items_purchased":[],"campfire_rested":6,"item_purchase_floors":[],"current_hp_per_floor":[73,66,66,66,65,80,67,51,51,48,48,72,59,59,80,54,80,63,63,47,47,41,30,15,40,40,28,7,7,4,4,29,8,85,70,67,72,50,50,31,25,10,10,1,1,1,1,1,1,25,50,84],"gold":675,"neow_bonus":"BOSS_RELIC","is_daily":false,"chose_seed":false,"campfire_upgraded":0,"win_rate":0.0,"timestamp":1613483656,"path_taken":["M","M","?","?","?","R","M","E","T","E","?","R","E","M","R","BOSS","M","?","?","$","M","E","?","R","T","E","?","?","E","?","R","BOSS","M","M","?","M","?","E","M","E","T","E","?","?","?","PTL","PTL","M","R","BOSS"],"items_purchased_type":[],"build_version":"2020-12-22","purchased_purges":1,"victory":true,"max_hp_per_floor":[80,80,80,80,80,80,80,80,80,80,80,80,80,80,80,80,80,80,80,80,80,80,80,85,85,85,85,85,85,85,85,85,85,85,85,85,85,85,85,85,85,85,85,85,85,85,85,85,85,85,85,85],"card_choices":[{"not_picked":["Burning Pact","Havoc","Run Through"],"picked":"SKIP","floor":1},{"not_picked":["Cleave","Shrug It Off"],"picked":"Twin Strike","floor":2},{"not_picked":["Disarm","Metallicize"],"picked":"Uppercut+1","floor":5},{"not_picked":["Evolve","Second Wind","Dual Wield"],"picked":"SKIP","floor":7},{"not_picked":["Life Link","Barricade"],"picked":"Twin Strike+1","floor":8},{"not_picked":["Flame Barrier","Rage"],"picked":"Twin Strike+1","floor":10},{"not_picked":["True Grit","Headbutt+1"],"picked":"Anger+1","floor":13},{"not_picked":["Anger+1","Iron Wave+1","Sever Soul+1"],"picked":"SKIP","floor":14},{"not_picked":["Barricade","Offering"],"picked":"Double Tap","floor":16},{"not_picked":["Clash+1","Replay:Undeath\u0027s Touch+1"],"picked":"Perfected Strike+1","floor":18},{"not_picked":["Clash+1","Massacre+1"],"picked":"Perfected Strike+1","floor":22},{"not_picked":["Iron Wave+1","Cleave+1","Barricade"],"picked":"SKIP","floor":23},{"not_picked":["Cleave+1","Barricade"],"picked":"Iron Wave+1","floor":23},{"not_picked":["Warcry+1","Iron Wave+1"],"picked":"Perfected Strike+1","floor":27},{"not_picked":["Heavy Blade+1","Carnage+1","Warcry"],"picked":"SKIP","floor":30},{"not_picked":["Bloodletting+1","Clash+1"],"picked":"Flex+1","floor":35},{"not_picked":["Clash+1","Run Through+1","Sword Boomerang+1"],"picked":"SKIP","floor":36},{"not_picked":["Anger+1","Sword Boomerang+1"],"picked":"ReplayTheSpireMod:Limb From Limb+1","floor":38},{"not_picked":["Exhume","Flex","Sword Boomerang+1"],"picked":"SKIP","floor":40},{"not_picked":["Infernal Blade+1","Heavy Blade+1"],"picked":"Metallicize+1","floor":41},{"not_picked":["Shrug It Off","Clothesline+1","Heavy Blade+1"],"picked":"SKIP","floor":42},{"not_picked":["Evolve+1","Sentinel"],"picked":"Limit Break","floor":44},{"not_picked":["Metamorphosis","Replay:Sssssssssshield"],"picked":"Replay:BasicMightCard+1","floor":45},{"not_picked":["Clothesline+1","ReplayTheSpireMod:Strike From Hell+1","Body Slam+1"],"picked":"SKIP","floor":50}],"player_experience":405406,"relics_obtained":[{"floor":4,"key":"reliquary:NewFriend"},{"floor":8,"key":"infinitespire:WardingShard"},{"floor":9,"key":"reliquary:TridentHead"},{"floor":10,"key":"infinitespire:Magic Flask"},{"floor":11,"key":"RuthlessExorcism:ReiMu"},{"floor":13,"key":"Juzu Bracelet"},{"floor":23,"key":"Replay:Bottled Snecko"},{"floor":26,"key":"CrazyTorch:ReiMu"},{"floor":27,"key":"reliquary:PorcupineQuills"},{"floor":30,"key":"reliquary:HotPoker"},{"floor":40,"key":"aspiration:Lifesprig"},{"floor":42,"key":"Whetstone"},{"floor":43,"key":"Frozen Egg 2"},{"floor":44,"key":"Runesmith:Nanobots"},{"floor":47,"key":"Gremlin Food"},{"floor":47,"key":"Replay:Ringing Soul"},{"floor":47,"key":"Turnip"}],"event_choices":[{"damage_healed":0,"gold_gain":0,"player_choice":"Simplicity","damage_taken":0,"max_hp_gain":0,"max_hp_loss":0,"event_name":"Back to Basics","floor":19,"gold_loss":0,"cards_upgraded":["Strike_R","Strike_R","Strike_R","Strike_R","Strike_R","Defend_R","Defend_R","Defend_R","Defend_R"]},{"damage_healed":0,"gold_gain":0,"player_choice":"Shed Blood","damage_taken":20,"max_hp_gain":5,"max_hp_loss":0,"event_name":"Forgotten Altar","floor":24,"gold_loss":0},{"cards_removed":["Bash"],"damage_healed":0,"gold_gain":0,"player_choice":"Upgrade and Remove","damage_taken":0,"max_hp_gain":0,"max_hp_loss":0,"event_name":"Designer","floor":29,"gold_loss":90,"cards_upgraded":["Double Tap"]},{"cards_removed":["Anger"],"damage_healed":5,"gold_gain":0,"player_choice":"Offered Common","damage_taken":0,"max_hp_gain":0,"max_hp_loss":0,"event_name":"Bonfire Elementals","floor":37,"gold_loss":0},{"cards_removed":["Anger"],"damage_healed":5,"gold_gain":0,"player_choice":"Offered Special","damage_taken":0,"max_hp_gain":0,"max_hp_loss":0,"event_name":"Bonfire Elementals","floor":37,"gold_loss":0},{"cards_removed":["Defend_R"],"damage_healed":0,"gold_gain":0,"player_choice":"Removed Skill","damage_taken":0,"max_hp_gain":0,"max_hp_loss":0,"event_name":"Falling","floor":39,"gold_loss":0},{"damage_healed":0,"gold_gain":0,"player_choice":"Memory 1","damage_taken":0,"max_hp_gain":0,"max_hp_loss":0,"event_name":"SensoryStone","floor":45,"gold_loss":0},{"damage_healed":0,"gold_gain":0,"player_choice":"Ignored","damage_taken":0,"max_hp_gain":0,"max_hp_loss":0,"event_name":"Mysterious Sphere","floor":46,"gold_loss":0}],"is_beta":false,"boss_relics":[{"not_picked":["Runic Pyramid","Pandora\u0027s Box"],"picked":"aspiration:RitualDagger"},{"not_picked":["reliquary:WritOfMandamus","Honey Jar"],"picked":"Mark of Pain"}],"items_purged_floors":[21],"is_endless":false,"potions_floor_spawned":[8,10,13,16,22,33,36,40,42,44],"ascension_level":2}}