{"host":"ypzi5hvah0ucsg44","time":1613476608,"event":{"mods":["BaseMod","Colored Map","Downfall","Googly Eyes","Minty Spire (QoL Compilation)","Quick Restart","Replay The Spire","StSLib","The Construct"],"gold_per_floor":[99,119,119,137,150,183,258,258,274,289,289,289,289,289],"floor_reached":12,"language":"ENG","playtime":1395,"items_purged":[],"score":80,"play_id":"b4512f3e-8b85-46db-80e6-0c54e945390f","local_time":"20210216035648","is_ascension_mode":false,"campfire_choices":[{"data":"champ:Execute","floor":1,"key":"SMITH"},{"floor":8,"key":"REST"}],"circlet_count":0,"master_deck":["champ:Strike","champ:Strike","champ:Strike","champ:Strike","champ:Defend","champ:Defend","champ:Defend","champ:Defend","champ:SetATrap","champ:EndlessRage","champ:CalledShot","champ:ShieldWall","champ:Encircle","champ:EnGarde","Vigilance","Eruption+1"],"relics":["champ:ChampionCrown","Bag of Preparation","HornCleat"],"acts_visited":["Exordium"],"potions_floor_usage":[],"damage_taken":[{"damage":3,"enemies":"2 Louse","floor":2,"turns":3},{"damage":20,"enemies":"Jaw Worm","floor":4,"turns":4},{"damage":12,"enemies":"Small Slimes","floor":5,"turns":5},{"damage":72,"enemies":"Lagavulin","floor":6,"turns":9},{"damage":12,"enemies":"downfall:LooterAlt","floor":9,"turns":4},{"damage":11,"enemies":"3 Louse","floor":10,"turns":5},{"damage":35,"enemies":"3 Sentries","floor":12,"turns":4}],"seed_played":"-6936153657323837368","potions_obtained":[{"floor":5,"key":"SpeedPotion"},{"floor":9,"key":"PowerPotion"},{"floor":10,"key":"FearPotion"}],"is_trial":false,"path_per_floor":["R","M","?","M","M","E","T","R","M","M","?","E"],"character_chosen":"THE_CHAMP","items_purchased":[],"campfire_rested":1,"item_purchase_floors":[],"current_hp_per_floor":[99,96,71,71,69,17,17,46,44,33,33,0,0,0],"gold":289,"neow_bonus":"TEN_PERCENT_HP_BONUS","is_daily":false,"chose_seed":false,"campfire_upgraded":1,"win_rate":0.0,"timestamp":1613476608,"path_taken":["R","M","?","M","M","E","T","R","M","M","?","E"],"items_purchased_type":[],"build_version":"2020-12-22","purchased_purges":0,"victory":false,"max_hp_per_floor":[99,99,99,99,99,99,99,99,99,99,99,99,99,99],"card_choices":[{"not_picked":["champ:PreciseThrust","champ:Shatter"],"picked":"champ:SetATrap","floor":2},{"not_picked":["champ:TornadoPunch","champ:PreciseThrust"],"picked":"champ:EndlessRage","floor":4},{"not_picked":["champ:PreciseThrust","champ:Devastate"],"picked":"champ:CalledShot","floor":5},{"not_picked":["champ:Circumvent","champ:PerfectedStrike"],"picked":"champ:ShieldWall","floor":6},{"not_picked":["champ:BladeFlurry","champ:FlashCut"],"picked":"champ:Encircle","floor":9},{"not_picked":["champ:PreciseThrust","champ:DeathBlow"],"picked":"champ:EnGarde","floor":10}],"player_experience":127931,"relics_obtained":[{"floor":6,"key":"HornCleat"}],"event_choices":[{"damage_healed":0,"gold_gain":0,"player_choice":"Success","damage_taken":25,"relics_obtained":["Bag of Preparation"],"max_hp_gain":0,"max_hp_loss":0,"event_name":"Scrap Ooze","floor":3,"gold_loss":0}],"is_beta":false,"boss_relics":[],"items_purged_floors":[],"is_endless":false,"potions_floor_spawned":[5,9,10],"killed_by":"3 Sentries","ascension_level":0}}