{"host":"dztixnx9b0gu6w9i","time":1613515189,"event":{"mods":["BaseMod","Bestiary","Minty Spire (QoL Compilation)","Relic Stats","Slay the Relics Exporter","SpireBot","ojb\u0027s Better Paths Mod","ojb\u0027s Info Mod"],"gold_per_floor":[119,119,133,160,180,215,215,240,263,280,280,312,231,70,70,144,144,163,173,173,191,7,7,7,39,39,15,15,44,54,79,79,151,151,165,165,165,165,182,208,36,36,107,141,157,182,182,195,195,195,195,195,195,34,67,67,67],"floor_reached":56,"language":"ENG","playtime":8217,"items_purged":["Strike_B"],"score":2148,"play_id":"87d649ca-5c3e-4b8f-a78d-fde7c9e1b6f3","local_time":"20210216173949","is_ascension_mode":true,"campfire_choices":[{"data":"Sunder","floor":7,"key":"SMITH"},{"data":"Beam Cell","floor":15,"key":"SMITH"},{"floor":24,"key":"REST"},{"floor":28,"key":"REST"},{"floor":32,"key":"REST"},{"data":"Buffer","floor":42,"key":"SMITH"},{"floor":49,"key":"RECALL"},{"data":"Consume","floor":53,"key":"SMITH"}],"circlet_count":0,"master_deck":["AscendersBane","Strike_B","Strike_B","Strike_B+1","Defend_B","Defend_B","Defend_B","Zap","Dualcast","Ball Lightning","Beam Cell+1","Sweeping Beam","Sunder+1","Cold Snap","Cold Snap+1","Echo Form","Machine Learning","Fission","Biased Cognition","Creative AI","Conserve Battery","Capacitor","Hologram","Buffer+1","Echo Form","Panacea","Fusion","Doom and Gloom+1","Reinforced Body","Consume+1","Coolheaded","Cold Snap","Core Surge","Cold Snap","Fusion"],"relics":["Cracked Core","Pen Nib","Nunchaku","StrikeDummy","Bag of Marbles","Bottled Flame","Chemical X","Snecko Eye","Nloth\u0027s Gift","Blood Vial","Pear","StoneCalendar","Girya","Inserter","Bottled Lightning","Orrery","Kunai","CaptainsWheel","Bag of Preparation","Whetstone"],"acts_visited":["Exordium","TheCity","TheBeyond","TheEnding"],"potions_floor_usage":[6,19,23,29,35,40,55,55],"damage_taken":[{"damage":0,"enemies":"2 Louse","floor":1,"turns":2},{"damage":6,"enemies":"Jaw Worm","floor":3,"turns":2},{"damage":0,"enemies":"Small Slimes","floor":5,"turns":2},{"damage":9,"enemies":"3 Sentries","floor":6,"turns":8},{"damage":14,"enemies":"Lagavulin","floor":8,"turns":5},{"damage":0,"enemies":"Gremlin Gang","floor":10,"turns":12},{"damage":2,"enemies":"3 Sentries","floor":12,"turns":5},{"damage":12,"enemies":"Hexaghost","floor":16,"turns":6},{"damage":0,"enemies":"Chosen","floor":18,"turns":2},{"damage":15,"enemies":"Shell Parasite","floor":19,"turns":2},{"damage":39,"enemies":"Shelled Parasite and Fungi","floor":21,"turns":3},{"damage":0,"enemies":"Slavers","floor":23,"turns":1},{"damage":21,"enemies":"Gremlin Leader","floor":25,"turns":3},{"damage":12,"enemies":"Book of Stabbing","floor":29,"turns":3},{"damage":0,"enemies":"Snake Plant","floor":30,"turns":2},{"damage":13,"enemies":"Gremlin Leader","floor":31,"turns":5},{"damage":22,"enemies":"Collector","floor":33,"turns":8},{"damage":2,"enemies":"Orb Walker","floor":35,"turns":2},{"damage":4,"enemies":"3 Shapes","floor":39,"turns":5},{"damage":0,"enemies":"Giant Head","floor":40,"turns":10},{"damage":0,"enemies":"Reptomancer","floor":44,"turns":8},{"damage":0,"enemies":"3 Darklings","floor":45,"turns":4},{"damage":0,"enemies":"Mind Bloom Boss Battle","floor":46,"turns":8},{"damage":0,"enemies":"Spire Growth","floor":48,"turns":6},{"damage":18,"enemies":"Time Eater","floor":50,"turns":24},{"damage":22,"enemies":"Donu and Deca","floor":51,"turns":16},{"damage":68,"enemies":"Shield and Spear","floor":55,"turns":8},{"damage":4,"enemies":"The Heart","floor":56,"turns":2}],"seed_played":"8998050929286349416","potions_obtained":[{"floor":1,"key":"SkillPotion"},{"floor":8,"key":"PowerPotion"},{"floor":18,"key":"Dexterity Potion"},{"floor":19,"key":"Dexterity Potion"},{"floor":25,"key":"GamblersBrew"},{"floor":33,"key":"FocusPotion"},{"floor":35,"key":"GamblersBrew"},{"floor":46,"key":"Swift Potion"}],"is_trial":false,"path_per_floor":["M","?","M","T","M","E","R","E","T","M","?","E","$","$","R","B",null,"M","M","?","M","$","E","R","E","T","$","R","E","M","E","R","B",null,"M","?","?","?","M","E","$","R","T","E","M","?","?","M","R","B","B",null,"R","$","E","B"],"character_chosen":"DEFECT","items_purchased":["Fission","Chemical X","SmokeBomb","Conserve Battery","Orrery","Bag of Preparation"],"campfire_rested":3,"item_purchase_floors":[13,14,22,27,41,54],"current_hp_per_floor":[64,64,58,58,58,49,49,35,35,35,35,33,33,33,33,21,59,59,44,44,5,5,5,26,5,15,15,39,29,31,20,44,24,67,67,67,67,67,65,67,67,67,67,69,71,73,73,75,75,59,39,68,68,68,2,0,0],"gold":67,"neow_bonus":"RANDOM_COMMON_RELIC","is_daily":false,"chose_seed":false,"campfire_upgraded":4,"win_rate":0.0,"timestamp":1613515189,"path_taken":["M","?","M","?","M","E","R","E","T","M","?","E","?","$","R","BOSS","M","M","?","?","$","E","R","E","T","?","R","E","M","E","R","BOSS","M","?","?","?","M","E","$","R","T","E","?","?","?","M","R","BOSS","BOSS","R","$","E","BOSS"],"items_purchased_type":["Card","Relic","Potion","Card","Relic","Relic"],"build_version":"2020-12-22","purchased_purges":1,"victory":false,"max_hp_per_floor":[71,71,71,71,71,71,71,71,71,71,71,71,71,71,71,71,71,71,71,71,71,71,71,71,71,81,81,81,81,81,81,81,81,81,81,81,81,81,81,81,81,81,81,81,81,81,77,77,77,77,77,77,77,77,77,77,77],"relic_stats":{"Inserter":[38],"counters":[28,164],"StoneCalendar":[448],"Pen Nib":[30],"Bag of Preparation":[4],"Whetstone":["Cold Snap","Strike_B"],"Blood Vial":30,"Nunchaku":[28],"Snecko Eye":[232,235,218,204],"Nloth\u0027s Gift":3,"Chemical X":[19],"Kunai":[20],"obtain_stats":[{"Girya":31,"Pear":26,"Inserter":34,"StoneCalendar":29,"Pen Nib":4,"Bag of Preparation":54,"Whetstone":55,"Orichalcum":0,"Blood Vial":25,"Nunchaku":6,"Bottled Flame":12,"CaptainsWheel":46,"Snecko Eye":17,"Orrery":41,"Bag of Marbles":9,"Nloth\u0027s Gift":20,"Chemical X":14,"Bottled Lightning":40,"Kunai":44,"Cracked Core":0,"StrikeDummy":8},{"Girya":16,"Pear":13,"Inserter":17,"StoneCalendar":14,"Pen Nib":2,"Bag of Preparation":26,"Whetstone":27,"Orichalcum":0,"Blood Vial":13,"Nunchaku":4,"Bottled Flame":7,"CaptainsWheel":23,"Snecko Eye":8,"Orrery":20,"Bag of Marbles":5,"Nloth\u0027s Gift":10,"Chemical X":7,"Bottled Lightning":20,"Kunai":21,"Cracked Core":0,"StrikeDummy":5},{"Girya":63,"Pear":53,"Inserter":71,"StoneCalendar":56,"Pen Nib":4,"Bag of Preparation":154,"Whetstone":162,"Orichalcum":0,"Blood Vial":53,"Nunchaku":14,"Bottled Flame":36,"CaptainsWheel":108,"Snecko Eye":42,"Orrery":88,"Bag of Marbles":19,"Nloth\u0027s Gift":46,"Chemical X":36,"Bottled Lightning":88,"Kunai":96,"Cracked Core":0,"StrikeDummy":19}]},"card_choices":[{"not_picked":["Reinforced Body","Hello World"],"picked":"Ball Lightning","floor":1},{"not_picked":["White Noise","Stack"],"picked":"Beam Cell","floor":3},{"not_picked":["Conserve Battery","Capacitor"],"picked":"Sweeping Beam","floor":5},{"not_picked":["Force Field","Hologram"],"picked":"Sunder","floor":6},{"not_picked":["Reinforced Body","Leap"],"picked":"Cold Snap","floor":8},{"not_picked":["Sunder","Doom and Gloom"],"picked":"Cold Snap","floor":10},{"not_picked":["Redo","Sweeping Beam"],"picked":"Machine Learning","floor":12},{"not_picked":["Thunder Strike","Core Surge"],"picked":"Biased Cognition","floor":16},{"not_picked":["Beam Cell","Steam","Steam Power"],"picked":"SKIP","floor":18},{"not_picked":["White Noise","Undo","Scrape"],"picked":"SKIP","floor":19},{"not_picked":["Consume+1","Steam Power","Reprogram"],"picked":"SKIP","floor":21},{"not_picked":["Force Field","Consume"],"picked":"Creative AI","floor":25},{"not_picked":["Beam Cell","Self Repair"],"picked":"Capacitor","floor":29},{"not_picked":["Cold Snap","Rebound"],"picked":"Hologram","floor":30},{"not_picked":["Stack","Recycle"],"picked":"Buffer","floor":31},{"not_picked":["Creative AI","Amplify"],"picked":"Echo Form","floor":33},{"not_picked":["Reprogram","Fission","Streamline"],"picked":"SKIP","floor":35},{"not_picked":["Swift Strike","Blind"],"picked":"Panacea","floor":36},{"not_picked":["Gash","Compile Driver"],"picked":"Fusion","floor":39},{"not_picked":["Chill+1","Leap"],"picked":"Doom and Gloom+1","floor":40},{"not_picked":["BootSequence","Stack"],"picked":"Reinforced Body","floor":41},{"not_picked":["Hologram","Sweeping Beam"],"picked":"Consume","floor":41},{"not_picked":["BootSequence","Blizzard"],"picked":"Coolheaded","floor":41},{"not_picked":["Hello World","Compile Driver"],"picked":"Cold Snap","floor":41},{"not_picked":["Meteor Strike","Hello World"],"picked":"Core Surge","floor":44},{"not_picked":["Beam Cell","Hologram"],"picked":"Cold Snap","floor":45},{"not_picked":["Storm","Tempest+1"],"picked":"Fusion","floor":48},{"not_picked":["Barrage","Streamline","Steam"],"picked":"SKIP","floor":55}],"player_experience":8658128,"relics_obtained":[{"floor":4,"key":"Pen Nib"},{"floor":6,"key":"Nunchaku"},{"floor":8,"key":"StrikeDummy"},{"floor":9,"key":"Bag of Marbles"},{"floor":12,"key":"Bottled Flame"},{"floor":25,"key":"Blood Vial"},{"floor":26,"key":"Pear"},{"floor":29,"key":"StoneCalendar"},{"floor":31,"key":"Girya"},{"floor":40,"key":"Bottled Lightning"},{"floor":44,"key":"Kunai"},{"floor":46,"key":"CaptainsWheel"},{"floor":55,"key":"Whetstone"}],"event_choices":[{"damage_healed":0,"gold_gain":0,"player_choice":"Ignored","damage_taken":0,"max_hp_gain":0,"max_hp_loss":0,"event_name":"Liars Game","floor":2,"gold_loss":0},{"damage_healed":0,"gold_gain":0,"cards_transformed":["Defend_B"],"player_choice":"Change","damage_taken":0,"max_hp_gain":0,"max_hp_loss":0,"event_name":"Living Wall","floor":11,"gold_loss":0,"cards_obtained":["Echo Form"]},{"damage_healed":0,"gold_gain":0,"player_choice":"Traded Relic","damage_taken":0,"relics_obtained":["Nloth\u0027s Gift"],"max_hp_gain":0,"max_hp_loss":0,"event_name":"N\u0027loth","floor":20,"relics_lost":["Orichalcum"],"gold_loss":0},{"damage_healed":0,"gold_gain":0,"player_choice":"Memory 1","damage_taken":0,"max_hp_gain":0,"max_hp_loss":0,"event_name":"SensoryStone","floor":36,"gold_loss":0},{"damage_healed":0,"gold_gain":0,"player_choice":"Ignored","damage_taken":0,"max_hp_gain":0,"max_hp_loss":0,"event_name":"Tomb of Lord Red Mask","floor":37,"gold_loss":0},{"damage_healed":0,"gold_gain":0,"player_choice":"Got Potions","damage_taken":0,"max_hp_gain":0,"max_hp_loss":0,"event_name":"Lab","floor":38,"gold_loss":0},{"damage_healed":0,"gold_gain":0,"player_choice":"Fight","damage_taken":0,"max_hp_gain":0,"max_hp_loss":0,"event_name":"MindBloom","floor":46,"gold_loss":0},{"damage_healed":0,"gold_gain":0,"player_choice":"Max HP","damage_taken":0,"max_hp_gain":0,"max_hp_loss":4,"event_name":"Winding Halls","floor":47,"gold_loss":0}],"is_beta":false,"boss_relics":[{"not_picked":["Astrolabe","Busted Crown"],"picked":"Snecko Eye"},{"not_picked":["Tiny House","Empty Cage"],"picked":"Inserter"}],"items_purged_floors":[22],"is_endless":false,"potions_floor_spawned":[1,8,18,19,23,25,33,35,46],"killed_by":"The Heart","ascension_level":20}}