{"host":"95i1gxnztdrdyvhi","time":1613435500,"event":{"mods":["AchievementEnabler","Act Like it!","BaseMod","Minty Spire (QoL Compilation)","Quick Restart","Shapeshifter Mod","StSLib"],"gold_per_floor":[117,127,77,77,88,88,108,138,138,138,138,150,150,160,160,160,160],"floor_reached":16,"language":"ENG","playtime":593,"items_purged":[],"score":102,"play_id":"570e66dd-99b9-472d-b146-df1caea8c685","local_time":"20210216003140","is_ascension_mode":false,"campfire_choices":[{"data":"StSShapeShifter:Flourish","floor":6,"key":"SMITH"},{"data":"StSShapeShifter:BurstingSpore","floor":11,"key":"SMITH"},{"data":"StSShapeShifter:BladeOfGrass","floor":15,"key":"SMITH"}],"circlet_count":0,"master_deck":["StSShapeShifter:ShapeShifter_Strike","StSShapeShifter:ShapeShifter_Strike","StSShapeShifter:ShapeShifter_Strike","StSShapeShifter:ShapeShifter_Defend","StSShapeShifter:ShapeShifter_Defend","StSShapeShifter:ShapeShifter_Defend","StSShapeShifter:ShapeShifter_Defend","StSShapeShifter:Tortoise_Form","StSShapeShifter:Lynx_Form","StSShapeShifter:Flourish+1","StSShapeShifter:ReplenishingNectar","StSShapeShifter:BladeOfGrass+1","StSShapeShifter:BurstingSpore+1","StSShapeShifter:VineHandcuffs+1","StSShapeShifter:BladeOfGrass"],"relics":["StSShapeShifter:AnimalHeart","StSShapeShifter:TheShapeShiftersMagnolia","NeowsBlessing","StSShapeShifter:LoyalLobster","Toxic Egg 2","PreservedInsect"],"acts_visited":["Exordium"],"potions_floor_usage":[],"damage_taken":[{"damage":0,"enemies":"Cultist","floor":1,"turns":1},{"damage":0,"enemies":"2 Louse","floor":2,"turns":1},{"damage":0,"enemies":"Small Slimes","floor":5,"turns":2},{"damage":7,"enemies":"Blue Slaver","floor":7,"turns":5},{"damage":86,"enemies":"Gremlin Nob","floor":8,"turns":7},{"damage":11,"enemies":"Large Slime","floor":12,"turns":5},{"damage":9,"enemies":"2 Fungi Beasts","floor":14,"turns":4},{"damage":24,"enemies":"Slime Boss","floor":16,"turns":3}],"seed_played":"8750363775585606817","potions_obtained":[{"floor":1,"key":"FairyPotion"},{"floor":8,"key":"ColorlessPotion"},{"floor":12,"key":"Swift Potion"}],"is_trial":false,"path_per_floor":["M","M","?","?","M","R","M","E","T","?","R","M","?","M","R","B"],"character_chosen":"SHAPESHIFTER","items_purchased":[],"campfire_rested":0,"item_purchase_floors":[],"current_hp_per_floor":[78,78,78,71,72,72,67,23,23,23,23,16,16,12,12,0,0],"gold":160,"neow_bonus":"THREE_ENEMY_KILL","is_daily":false,"chose_seed":false,"campfire_upgraded":3,"win_rate":0.0,"timestamp":1613435500,"path_taken":["M","M","?","?","M","R","M","E","T","?","R","M","?","M","R","BOSS"],"items_purchased_type":[],"build_version":"2020-12-22","purchased_purges":0,"victory":false,"max_hp_per_floor":[78,78,78,78,78,78,78,78,78,78,78,78,78,78,78,78,78],"card_choices":[{"not_picked":["StSShapeShifter:VineHandcuffs","StSShapeShifter:PoisonIvy"],"picked":"StSShapeShifter:Flourish","floor":1},{"not_picked":["StSShapeShifter:Roar","StSShapeShifter:Guard"],"picked":"StSShapeShifter:ReplenishingNectar","floor":2},{"not_picked":["StSShapeShifter:Rabid","StSShapeShifter:DeerForm"],"picked":"StSShapeShifter:BladeOfGrass","floor":5},{"not_picked":["StSShapeShifter:DeerForm","StSShapeShifter:BarkSkin"],"picked":"StSShapeShifter:BurstingSpore","floor":7},{"not_picked":["StSShapeShifter:Maul","StSShapeShifter:FlamingoForm","StSShapeShifter:Flourish"],"picked":"SKIP","floor":8},{"not_picked":["StSShapeShifter:BarkSkin+1","StSShapeShifter:LeapingSlash"],"picked":"StSShapeShifter:VineHandcuffs+1","floor":12},{"not_picked":["StSShapeShifter:VineHandcuffs+1","StSShapeShifter:PoisonIvy+1"],"picked":"StSShapeShifter:BladeOfGrass","floor":14}],"player_experience":623014,"relics_obtained":[{"floor":8,"key":"StSShapeShifter:LoyalLobster"},{"floor":9,"key":"Toxic Egg 2"}],"event_choices":[{"cards_removed":["StSShapeShifter:ShapeShifter_Strike"],"damage_healed":0,"gold_gain":0,"player_choice":"Card Removal","damage_taken":0,"max_hp_gain":0,"max_hp_loss":0,"event_name":"The Cleric","floor":3,"gold_loss":50},{"cards_removed":["StSShapeShifter:ShapeShifter_Defend"],"damage_healed":0,"gold_gain":0,"player_choice":"Card Removal","damage_taken":7,"max_hp_gain":0,"max_hp_loss":0,"event_name":"Golden Wing","floor":4,"gold_loss":0},{"cards_removed":["StSShapeShifter:ShapeShifter_Strike"],"damage_healed":0,"gold_gain":0,"player_choice":"Forget","damage_taken":0,"max_hp_gain":0,"max_hp_loss":0,"event_name":"Living Wall","floor":10,"gold_loss":0},{"damage_healed":0,"gold_gain":0,"player_choice":"Searched \u00272\u0027 times","damage_taken":0,"relics_obtained":["PreservedInsect"],"max_hp_gain":0,"max_hp_loss":0,"event_name":"Dead Adventurer","floor":13,"gold_loss":0}],"is_beta":false,"boss_relics":[],"items_purged_floors":[],"is_endless":false,"potions_floor_spawned":[1,8,12],"killed_by":"Slime Boss","ascension_level":0}}