{"host":"k919bq8mkuzdqhzi","time":1613451928,"event":{"mods":["AchievementEnabler","BaseMod","Colored Map","Colored Powertips","DeckTracker","Minty Spire (QoL Compilation)","Relic Sorter","SuperFastMode"],"gold_per_floor":[117,134,134,84,102,102,117,117,165,190,210,210,210,224,224,224,224],"floor_reached":16,"language":"ENG","playtime":994,"items_purged":[],"score":102,"play_id":"710fc33f-869f-4ebc-a9ee-a9c9270e3c5b","local_time":"20210216000528","is_ascension_mode":false,"campfire_choices":[{"data":"Eruption","floor":6,"key":"SMITH"},{"data":"Vigilance","floor":8,"key":"SMITH"},{"floor":12,"key":"REST"},{"floor":15,"key":"REST"}],"circlet_count":0,"master_deck":["Strike_P","Strike_P+1","Strike_P","Defend_P","Defend_P","Defend_P","Defend_P+1","Eruption+1","Vigilance+1","Protect","CutThroughFate","Crescendo","Fasting2","ClearTheMind","Vault"],"relics":["PureWater","Bag of Marbles","Art of War"],"acts_visited":["Exordium"],"potions_floor_usage":[],"damage_taken":[{"damage":1,"enemies":"Jaw Worm","floor":1,"turns":5},{"damage":2,"enemies":"2 Louse","floor":2,"turns":2},{"damage":0,"enemies":"Small Slimes","floor":5,"turns":2},{"damage":2,"enemies":"Exordium Wildlife","floor":7,"turns":4},{"damage":44,"enemies":"3 Sentries","floor":10,"turns":11},{"damage":12,"enemies":"Lots of Slimes","floor":11,"turns":5},{"damage":0,"enemies":"Gremlin Gang","floor":14,"turns":2},{"damage":40,"enemies":"Hexaghost","floor":16,"turns":10}],"seed_played":"3227075803170744300","potions_obtained":[{"floor":11,"key":"GamblersBrew"}],"is_trial":false,"path_per_floor":["M","M","?","?","M","R","M","R","T","E","M","R","?","M","R","B"],"character_chosen":"WATCHER","items_purchased":[],"campfire_rested":2,"item_purchase_floors":[],"current_hp_per_floor":[71,69,69,69,69,69,67,67,67,23,11,32,18,18,39,0,0],"gold":224,"neow_bonus":"THREE_CARDS","is_daily":false,"chose_seed":false,"campfire_upgraded":2,"win_rate":0.0,"timestamp":1613451928,"path_taken":["M","M","?","?","M","R","M","R","T","E","M","R","?","M","R","BOSS"],"items_purchased_type":[],"build_version":"2020-12-22","purchased_purges":0,"victory":false,"max_hp_per_floor":[72,72,72,72,72,72,72,72,72,72,72,72,72,72,72,72,72],"card_choices":[{"not_picked":["WheelKick","Halt"],"picked":"Protect","floor":0},{"not_picked":["EmptyBody","SashWhip"],"picked":"CutThroughFate","floor":1},{"not_picked":["WindmillStrike","Halt"],"picked":"Crescendo","floor":2},{"not_picked":["Adaptation","Perseverance"],"picked":"Fasting2","floor":5},{"not_picked":["CarveReality","Sanctity"],"picked":"ClearTheMind","floor":7},{"not_picked":["ClearTheMind","Perseverance"],"picked":"Vault","floor":10},{"not_picked":["CutThroughFate","Fasting2","InnerPeace"],"picked":"SKIP","floor":11},{"not_picked":["WreathOfFlame","Adaptation","FlyingSleeves"],"picked":"SKIP","floor":14}],"player_experience":156277,"relics_obtained":[{"floor":9,"key":"Bag of Marbles"},{"floor":10,"key":"Art of War"}],"event_choices":[{"damage_healed":0,"gold_gain":0,"player_choice":"Ignored","damage_taken":0,"max_hp_gain":0,"max_hp_loss":0,"event_name":"Liars Game","floor":3,"gold_loss":0},{"cards_removed":["Strike_P"],"damage_healed":0,"gold_gain":0,"player_choice":"Card Removal","damage_taken":0,"max_hp_gain":0,"max_hp_loss":0,"event_name":"The Cleric","floor":4,"gold_loss":50},{"damage_healed":0,"gold_gain":0,"player_choice":"Entered Light","damage_taken":14,"max_hp_gain":0,"max_hp_loss":0,"event_name":"Shining Light","floor":13,"gold_loss":0,"cards_upgraded":["Strike_P","Defend_P"]}],"is_beta":false,"boss_relics":[],"items_purged_floors":[],"is_endless":false,"potions_floor_spawned":[11],"killed_by":"Hexaghost","ascension_level":0}}