{"host":"hka8b3f4pkvnp4ei","time":1613466669,"event":{"mods":["BaseMod","Minty Spire (QoL Compilation)","Quick Restart","Replay The Spire","StSLib"],"gold_per_floor":[12,24,24,24,43,43,43,43,69,97,97,22,49,74,74,74,74],"floor_reached":16,"language":"ZHS","playtime":509,"items_purged":["Strike_G"],"score":164,"play_id":"63f8f460-c71c-4ca4-b46f-927a45b7149e","local_time":"20210216171109","is_ascension_mode":true,"campfire_choices":[{"data":"Terror","floor":6.0,"key":"SMITH"},{"data":"Well Laid Plans","floor":8.0,"key":"SMITH"},{"floor":11.0,"key":"RECALL"}],"circlet_count":0,"master_deck":["AscendersBane","Strike_G","Strike_G","Strike_G","Defend_G","Defend_G","Defend_G","Defend_G","Defend_G","Survivor","Neutralize","After Image","Well Laid Plans+1","Terror+1"],"relics":["Ring of the Snake","Vajra","Tough Bandages","ReplayTheSpireMod:Ninjato","Orichalcum","ReplayTheSpireMod:Ring of Challenge"],"acts_visited":["Exordium"],"potions_floor_usage":[16],"damage_taken":[{"damage":0.0,"enemies":"2 Louse","floor":1.0,"turns":4.0},{"damage":1.0,"enemies":"Small Slimes","floor":2.0,"turns":4.0},{"damage":2.0,"enemies":"Jaw Worm","floor":5.0,"turns":6.0},{"damage":5.0,"enemies":"Lagavulin","floor":10.0,"turns":7.0},{"damage":17.0,"enemies":"Gremlin Nob","floor":13.0,"turns":5.0},{"damage":27,"enemies":"Hexaghost","floor":16,"turns":13}],"seed_played":"-5090377825113632389","potions_obtained":[{"floor":1.0,"key":"FearPotion"},{"floor":5.0,"key":"LiquidMemories"}],"is_trial":false,"path_per_floor":["M","M","?","?","M","R","?","R","T","E","R","$","E","T","R","B"],"character_chosen":"THE_SILENT","items_purchased":[],"campfire_rested":0,"item_purchase_floors":[],"current_hp_per_floor":[63,62,55,60,58,58,58,58,58,53,53,53,36,36,36,9,9],"gold":74,"neow_bonus":"THREE_RARE_CARDS","is_daily":false,"chose_seed":false,"campfire_upgraded":2,"win_rate":0.0,"timestamp":1613466669,"path_taken":["M","M","?","?","M","R","?","R","T","E","R","$","E","?","R","BOSS"],"items_purchased_type":[],"build_version":"2020-12-22","purchased_purges":1,"victory":false,"max_hp_per_floor":[70,70,70,75,75,75,75,75,75,75,75,75,75,75,75,75,75],"card_choices":[{"not_picked":["A Thousand Cuts","Storm of Steel"],"picked":"After Image","floor":0.0},{"not_picked":["ReplayTheSpireMod:Tripwire","Flying Knee"],"picked":"Well Laid Plans","floor":1.0},{"not_picked":["Finisher","Escape Plan"],"picked":"Terror","floor":2.0},{"not_picked":["Skewer","ReplayTheSpireMod:Scrap Shanks","Hidden Blade"],"picked":"SKIP","floor":5.0},{"not_picked":["ReplayTheSpireMod:Scrap Shanks","Sucker Punch","Flechettes"],"picked":"SKIP","floor":10.0},{"not_picked":["ReplayTheSpireMod:Scrap Shanks","Sucker Punch","Flechettes"],"picked":"SKIP","floor":10.0},{"not_picked":["Fluid Movement","PiercingWail","Bane"],"picked":"SKIP","floor":13.0}],"player_experience":490112,"relics_obtained":[{"floor":9.0,"key":"Vajra"},{"floor":10.0,"key":"Tough Bandages"},{"floor":13.0,"key":"ReplayTheSpireMod:Ninjato"},{"floor":14.0,"key":"Orichalcum"},{"floor":15.0,"key":"ReplayTheSpireMod:Ring of Challenge"}],"event_choices":[{"cards_removed":["Strike_G"],"damage_healed":0.0,"max_hp_gain":0.0,"max_hp_loss":0.0,"gold_gain":0.0,"event_name":"Golden Wing","player_choice":"Card Removal","floor":3.0,"gold_loss":0.0,"damage_taken":7.0},{"damage_healed":0.0,"max_hp_gain":5.0,"max_hp_loss":0.0,"gold_gain":0.0,"event_name":"Big Fish","player_choice":"Donut","floor":4.0,"gold_loss":0.0,"damage_taken":0.0},{"damage_healed":0.0,"max_hp_gain":0.0,"max_hp_loss":0.0,"gold_gain":0.0,"event_name":"The Cleric","player_choice":"Leave","floor":7.0,"gold_loss":0.0,"damage_taken":0.0}],"is_beta":false,"boss_relics":[],"items_purged_floors":[12],"is_endless":false,"potions_floor_spawned":[1,5,10,13],"killed_by":"Hexaghost","ascension_level":11}}