{"host":"vyjryxuuuxkt43k4","time":1613471318,"event":{"mods":["AchievementEnabler","BaseMod","Colored Map","DeckTracker","Keyboard Shortcuts","Minty Spire (QoL Compilation)","Permanent Neow","Quick Restart","StSLib","SuperFastMode","everything is the same but u backflip on backflip"],"gold_per_floor":[209,209,220,50,70,70,105,105,105,122,156,156,3,38,38,114,114,125,137,147,197,216,216,216,216],"floor_reached":24,"language":"KOR","playtime":1634,"items_purged":["Strike_R","Pain"],"score":482,"play_id":"9bee0353-71b9-4369-82f1-911c163af75d","local_time":"20210216192838","is_ascension_mode":true,"campfire_choices":[{"data":"Clothesline","floor":6.0,"key":"SMITH"},{"data":"Armaments","floor":8.0,"key":"SMITH"},{"data":"Evolve","floor":15.0,"key":"SMITH"},{"data":"Corruption","floor":23,"key":"SMITH"}],"circlet_count":0,"master_deck":["AscendersBane","Strike_R","Strike_R","Strike_R","Defend_R","Defend_R","Defend_R","Defend_R","Bash","Clothesline+1","Wild Strike","Evolve+1","Power Through","Armaments+1","Disarm","Feel No Pain","Corruption+1","Seeing Red","Bloodletting+1"],"relics":["Burning Blood","Champion Belt","FossilizedHelix","Centennial Puzzle","WarpedTongs","Pen Nib","Philosopher\u0027s Stone"],"acts_visited":["Exordium","TheCity"],"potions_floor_usage":[16,16,19,19,24],"damage_taken":[{"damage":9.0,"enemies":"Jaw Worm","floor":1.0,"turns":5.0},{"damage":15.0,"enemies":"Small Slimes","floor":3.0,"turns":4.0},{"damage":0.0,"enemies":"Cultist","floor":5.0,"turns":3.0},{"damage":25.0,"enemies":"3 Sentries","floor":7.0,"turns":7.0},{"damage":0.0,"enemies":"Looter","floor":10.0,"turns":4.0},{"damage":0.0,"enemies":"Lagavulin","floor":11.0,"turns":10.0},{"damage":2.0,"enemies":"Gremlin Nob","floor":14.0,"turns":5.0},{"damage":24,"enemies":"Slime Boss","floor":16,"turns":12},{"damage":15,"enemies":"2 Thieves","floor":18,"turns":4},{"damage":26,"enemies":"3 Byrds","floor":19,"turns":6},{"damage":19,"enemies":"Snecko","floor":20,"turns":7},{"damage":4,"enemies":"Chosen and Byrds","floor":22,"turns":7},{"damage":37,"enemies":"Masked Bandits","floor":24,"turns":3}],"seed_played":"1601863327768785988","potions_obtained":[{"floor":7.0,"key":"ColorlessPotion"},{"floor":11.0,"key":"PowerPotion"},{"floor":14.0,"key":"DistilledChaos"},{"floor":16,"key":"BlessingOfTheForge"},{"floor":18,"key":"Block Potion"},{"floor":20,"key":"Strength Potion"}],"is_trial":false,"path_per_floor":["M","?","M","$","M","R","E","R","T","M","E","?","$","E","R","B",null,"M","M","M","?","M","R","?"],"character_chosen":"IRONCLAD","items_purchased":["Evolve","PowerPotion","PowerPotion"],"campfire_rested":0,"item_purchase_floors":[4,4,13],"current_hp_per_floor":[65,58,49,49,55,55,36,36,36,42,48,48,48,52,52,34,65,56,36,23,23,25,25,0,0],"gold":216,"neow_bonus":"HUNDRED_GOLD","is_daily":false,"chose_seed":false,"campfire_upgraded":4,"win_rate":0.0,"timestamp":1613471318,"path_taken":["M","?","M","$","M","R","E","R","T","M","E","?","$","E","R","BOSS","M","?","M","?","M","R","?"],"items_purchased_type":["Card","Potion","Potion"],"build_version":"2020-12-22","purchased_purges":2,"victory":false,"max_hp_per_floor":[75,75,75,75,75,75,75,75,75,75,75,75,75,75,75,75,75,75,75,75,75,75,75,75,75],"card_choices":[{"not_picked":["Iron Wave","Warcry"],"picked":"Clothesline","floor":1.0},{"not_picked":["Havoc","Perfected Strike"],"picked":"Wild Strike","floor":3.0},{"not_picked":["Thunderclap","Exhume"],"picked":"Power Through","floor":5.0},{"not_picked":["Combust","Power Through"],"picked":"Armaments","floor":7.0},{"not_picked":["Heavy Blade","Twin Strike"],"picked":"Disarm","floor":10.0},{"not_picked":["Cleave","Entrench"],"picked":"Feel No Pain","floor":11.0},{"not_picked":["Twin Strike","Power Through","Cleave"],"picked":"SKIP","floor":14.0},{"not_picked":["Double Tap","Fiend Fire"],"picked":"Corruption","floor":16},{"not_picked":["Wild Strike","Sword Boomerang","Headbutt"],"picked":"SKIP","floor":18},{"not_picked":["Wild Strike","Clash","Thunderclap"],"picked":"SKIP","floor":19},{"not_picked":["Clash","Bloodletting"],"picked":"Seeing Red","floor":20},{"not_picked":["Pummel","Searing Blow"],"picked":"Bloodletting+1","floor":22}],"player_experience":1000933,"relics_obtained":[{"floor":7.0,"key":"Champion Belt"},{"floor":9.0,"key":"FossilizedHelix"},{"floor":11.0,"key":"Centennial Puzzle"},{"floor":14.0,"key":"Pen Nib"}],"event_choices":[{"cards_removed":["Strike_R"],"damage_healed":0.0,"max_hp_gain":0.0,"max_hp_loss":0.0,"gold_gain":0.0,"event_name":"Golden Wing","player_choice":"Card Removal","floor":2.0,"gold_loss":0.0,"damage_taken":7.0},{"damage_healed":0.0,"max_hp_gain":0.0,"max_hp_loss":0.0,"gold_gain":0.0,"event_name":"Accursed Blacksmith","player_choice":"Rummage","floor":12.0,"gold_loss":0.0,"damage_taken":0.0,"relics_obtained":["WarpedTongs"],"cards_obtained":["Pain"]},{"damage_healed":0,"gold_gain":50,"player_choice":"Stole From Cult","damage_taken":0,"max_hp_gain":0,"max_hp_loss":0,"event_name":"Nest","floor":21,"gold_loss":0},{"damage_healed":0,"gold_gain":0,"player_choice":"Fought Bandits","damage_taken":0,"max_hp_gain":0,"max_hp_loss":0,"event_name":"Masked Bandits","floor":24,"gold_loss":0}],"is_beta":false,"boss_relics":[{"not_picked":["Velvet Choker","Runic Dome"],"picked":"Philosopher\u0027s Stone"}],"items_purged_floors":[4,13],"is_endless":false,"potions_floor_spawned":[7,11,14,16,18,20],"killed_by":"Masked Bandits","ascension_level":20}}