{"host":"y0i0tbisecj7yjyn","time":1613448438,"event":{"mods":["2.2 Compatiblity","AchievementEnabler","AlwaysNeverKeys","BaseMod","Better Third Choice","BetterRewards","Colored Map","Colored Powertips","Curses Come First","Disable Question Mark Monsters","Displayed Cursed Tome","Highlight Path","Keyboard Shortcuts","Minty Spire (QoL Compilation)","Quick Restart","Random Character Button","Rare Cards Sparkle","Relic Stats","Reliquary","Smile Girya","StSLib","SuperFastMode","The Marked","Transform Curses","Weighted Paths"],"gold_per_floor":[112,130,130,148,148,182,182,221,221,221,241,268,268,281,281,409,409,427,468,468,468,468,468,468,468],"floor_reached":24,"language":"ENG","playtime":759,"items_purged":[],"score":267,"play_id":"7672e6b0-0c98-4360-aa90-9bae875233fd","local_time":"20210215220718","is_ascension_mode":true,"campfire_choices":[{"floor":7,"key":"REST"},{"floor":10,"key":"REST"},{"floor":15,"key":"REST"},{"floor":23,"key":"REST"}],"circlet_count":0,"master_deck":["Strike_B","Strike_B","Strike_B","Defend_B","Defend_B","Defend_B","Defend_B","Zap","Dualcast","Double Energy","Static Discharge+1","Loop","Redo","Creative AI","Melter","Static Discharge+1"],"relics":["Cracked Core","Golden Idol","Centennial Puzzle","Mango","Blue Candle","reliquary:ExpiredCoupon","Snecko Eye","Red Mask","betterThird:NestCultRelic","Nilry\u0027s Codex"],"acts_visited":["TheCity"],"potions_floor_usage":[8,16,19,19,24],"damage_taken":[{"damage":1,"enemies":"2 Louse","floor":1,"turns":3},{"damage":2,"enemies":"Jaw Worm","floor":2,"turns":2},{"damage":10,"enemies":"Small Slimes","floor":4,"turns":3},{"damage":38,"enemies":"Gremlin Nob","floor":6,"turns":4},{"damage":15,"enemies":"3 Sentries","floor":8,"turns":5},{"damage":20,"enemies":"2 Fungi Beasts","floor":11,"turns":4},{"damage":3,"enemies":"Blue Slaver","floor":14,"turns":3},{"damage":37,"enemies":"Hexaghost","floor":16,"turns":6},{"damage":43,"enemies":"Spheric Guardian","floor":18,"turns":5},{"damage":46,"enemies":"Masked Bandits","floor":19,"turns":3},{"damage":34,"enemies":"Slavers","floor":24,"turns":3}],"seed_played":"5373692572446950152","potions_obtained":[{"floor":2,"key":"Explosive Potion"},{"floor":4,"key":"CultistPotion"},{"floor":11,"key":"Regen Potion"},{"floor":16,"key":"FocusPotion"},{"floor":18,"key":"Block Potion"},{"floor":19,"key":"Ancient Potion"}],"is_trial":false,"path_per_floor":["M","M","?","M","?","E","R","E","T","R","M","T","?","M","R","B",null,"M","?","?","?","?","R","E"],"character_chosen":"DEFECT","items_purchased":[],"campfire_rested":4,"item_purchase_floors":[],"current_hp_per_floor":[81,79,59,49,49,11,35,34,34,62,42,42,35,32,60,23,96,53,19,19,19,3,31,0,0],"gold":468,"neow_bonus":"TEN_PERCENT_HP_BONUS","is_daily":false,"chose_seed":false,"campfire_upgraded":0,"win_rate":0.0,"timestamp":1613448438,"path_taken":["M","M","?","M","?","E","R","E","T","R","M","?","?","M","R","BOSS","M","?","?","?","?","R","E"],"items_purchased_type":[],"build_version":"2020-12-22","purchased_purges":0,"victory":false,"max_hp_per_floor":[82,82,82,82,82,82,82,96,96,96,96,96,96,96,96,96,96,96,96,96,96,96,96,96,96],"relic_stats":{"Centennial Puzzle":[21],"counters":[11,40],"Golden Idol":64,"Blue Candle":[0],"Snecko Eye":[12,27,14,28],"obtain_stats":[{"reliquary:ExpiredCoupon":12,"Centennial Puzzle":6,"Golden Idol":3,"Nilry\u0027s Codex":22,"Blue Candle":9,"Snecko Eye":17,"Mango":8,"betterThird:NestCultRelic":21,"Red Mask":19,"Cracked Core":0},{"reliquary:ExpiredCoupon":6,"Centennial Puzzle":4,"Golden Idol":2,"Nilry\u0027s Codex":10,"Blue Candle":5,"Snecko Eye":8,"Mango":5,"betterThird:NestCultRelic":10,"Red Mask":10,"Cracked Core":0},{"reliquary:ExpiredCoupon":20,"Centennial Puzzle":12,"Golden Idol":5,"Nilry\u0027s Codex":37,"Blue Candle":17,"Snecko Eye":29,"Mango":17,"betterThird:NestCultRelic":37,"Red Mask":37,"Cracked Core":0}]},"card_choices":[{"not_picked":["Sweeping Beam","Coolheaded"],"picked":"Double Energy","floor":1},{"not_picked":["Steam","Rebound"],"picked":"Static Discharge","floor":2},{"not_picked":["Gash","Beam Cell"],"picked":"Loop","floor":4},{"not_picked":["Glacier","Rebound","Machine Learning"],"picked":"SKIP","floor":6},{"not_picked":["Reinforced Body","Chill"],"picked":"Redo","floor":8},{"not_picked":["Force Field","Aggregate","Go for the Eyes"],"picked":"SKIP","floor":11},{"not_picked":["Turbo","Coolheaded","Steam"],"picked":"SKIP","floor":14},{"not_picked":["Rainbow","Meteor Strike"],"picked":"Creative AI","floor":16},{"not_picked":["Fusion+1","Rip and Tear"],"picked":"Melter","floor":18},{"not_picked":["Scrape","Beam Cell"],"picked":"Static Discharge+1","floor":19}],"player_experience":468714,"relics_obtained":[{"floor":6,"key":"Centennial Puzzle"},{"floor":8,"key":"Mango"},{"floor":9,"key":"Blue Candle"},{"floor":12,"key":"reliquary:ExpiredCoupon"},{"floor":19,"key":"Red Mask"}],"event_choices":[{"damage_healed":0,"gold_gain":0,"player_choice":"Take Damage","damage_taken":20,"relics_obtained":["Golden Idol"],"max_hp_gain":0,"max_hp_loss":0,"event_name":"Golden Idol","floor":3,"gold_loss":0},{"damage_healed":0,"gold_gain":0,"player_choice":"Grow","damage_taken":0,"max_hp_gain":0,"max_hp_loss":0,"event_name":"Living Wall","floor":5,"gold_loss":0,"cards_upgraded":["Static Discharge"]},{"cards_removed":["Strike_B"],"damage_healed":0,"gold_gain":0,"player_choice":"Card Removal","damage_taken":7,"max_hp_gain":0,"max_hp_loss":0,"event_name":"Golden Wing","floor":13,"gold_loss":0},{"damage_healed":0,"gold_gain":0,"player_choice":"Fought Bandits","damage_taken":0,"max_hp_gain":0,"max_hp_loss":0,"event_name":"Masked Bandits","floor":19,"gold_loss":0},{"damage_healed":0,"gold_gain":0,"player_choice":"Ignored","damage_taken":0,"max_hp_gain":0,"max_hp_loss":0,"event_name":"Ghosts","floor":20,"gold_loss":0},{"damage_healed":0,"gold_gain":0,"player_choice":"Madness","damage_taken":0,"relics_obtained":["betterThird:NestCultRelic"],"max_hp_gain":0,"max_hp_loss":0,"event_name":"betterThird:BetterNest","floor":21,"gold_loss":0},{"damage_healed":0,"gold_gain":0,"player_choice":"Obtained Book","damage_taken":16,"max_hp_gain":0,"max_hp_loss":0,"event_name":"Cursed Tome","floor":22,"gold_loss":0}],"is_beta":false,"boss_relics":[{"not_picked":["reliquary:Craggleroot","FrozenCore"],"picked":"Snecko Eye"}],"items_purged_floors":[],"is_endless":false,"potions_floor_spawned":[2,4,11,16,18,19],"killed_by":"Slavers","ascension_level":4}}