{"host":"61s3c1o1s4fng5dr","time":1613491501,"event":{"mods":["AchievementEnabler","Alarm Clock","AlwaysNeverKeys","BaseMod","Bestiary","Block Reminder","Colored Map","Googly Eyes","Highlight Path","Minty Spire (QoL Compilation)","Permanent Neow","Quick Restart","Random Character Button","Spire Birthday Party"],"gold_per_floor":[113,113,125,200,180,180,206,219,268,39,51,51,51,51,51,51,51],"floor_reached":16,"language":"ENG","playtime":524,"items_purged":["Defend_R"],"score":98,"play_id":"5b783bf1-c6a5-400d-bae9-ce3eb543af38","local_time":"20210216110501","is_ascension_mode":false,"campfire_choices":[{"floor":6,"key":"REST"},{"data":"Iron Wave","floor":13,"key":"SMITH"},{"floor":15,"key":"REST"}],"circlet_count":0,"master_deck":["Strike_R","Strike_R","Strike_R","Defend_R","Defend_R","Defend_R","Bash","Rage","Iron Wave+1","Evolve","Second Wind"],"relics":["Busted Crown","Pen Nib","Happy Flower","Red Skull","Juzu Bracelet"],"acts_visited":["Exordium"],"potions_floor_usage":[7,7,7,11],"damage_taken":[{"damage":1,"enemies":"Jaw Worm","floor":1,"turns":3},{"damage":0,"enemies":"Cultist","floor":3,"turns":3},{"damage":15,"enemies":"Lagavulin","floor":7,"turns":6},{"damage":5,"enemies":"Small Slimes","floor":8,"turns":4},{"damage":12,"enemies":"Gremlin Gang","floor":11,"turns":5},{"damage":31,"enemies":"The Guardian","floor":16,"turns":5}],"seed_played":"-4778395215728090386","potions_obtained":[{"floor":1,"key":"EssenceOfSteel"},{"floor":3,"key":"Strength Potion"},{"floor":5,"key":"Energy Potion"},{"floor":8,"key":"BloodPotion"},{"floor":11,"key":"DuplicationPotion"}],"is_trial":false,"path_per_floor":["M","?","M","?","?","R","E","M","T","$","M","T","R","?","R","B"],"character_chosen":"IRONCLAD","items_purchased":["Red Skull"],"campfire_rested":2,"item_purchase_floors":[10],"current_hp_per_floor":[79,79,79,68,68,80,65,60,60,60,64,64,64,64,80,49,49],"gold":51,"neow_bonus":"BOSS_RELIC","is_daily":false,"chose_seed":false,"campfire_upgraded":1,"win_rate":0.0,"timestamp":1613491501,"path_taken":["M","?","?","?","?","R","E","M","T","$","?","?","R","?","R","BOSS"],"items_purchased_type":["Relic"],"build_version":"2020-12-22","purchased_purges":1,"victory":false,"max_hp_per_floor":[80,80,80,80,80,80,80,80,80,80,80,80,80,80,80,80,80],"card_choices":[{"not_picked":["Dual Wield"],"picked":"SKIP","floor":1},{"not_picked":[],"picked":"Rage","floor":3},{"not_picked":["Clash"],"picked":"SKIP","floor":7},{"not_picked":[],"picked":"Iron Wave","floor":8},{"not_picked":[],"picked":"Evolve","floor":11}],"player_experience":464752,"relics_obtained":[{"floor":7,"key":"Pen Nib"},{"floor":9,"key":"Happy Flower"},{"floor":12,"key":"Juzu Bracelet"}],"event_choices":[{"cards_removed":["Strike_R"],"damage_healed":0,"gold_gain":0,"player_choice":"Purged","damage_taken":0,"max_hp_gain":0,"max_hp_loss":0,"event_name":"Purifier","floor":2,"gold_loss":0},{"damage_healed":0,"gold_gain":75,"player_choice":"Gather Gold","damage_taken":11,"max_hp_gain":0,"max_hp_loss":0,"event_name":"World of Goop","floor":4,"gold_loss":0},{"damage_healed":0,"gold_gain":0,"player_choice":"Bought 1 Potion","damage_taken":0,"max_hp_gain":0,"max_hp_loss":0,"event_name":"The Woman in Blue","floor":5,"gold_loss":0},{"damage_healed":0,"gold_gain":0,"cards_transformed":["Strike_R"],"player_choice":"Transformed","damage_taken":0,"max_hp_gain":0,"max_hp_loss":0,"event_name":"Transmorgrifier","floor":14,"gold_loss":0,"cards_obtained":["Second Wind"]}],"is_beta":false,"boss_relics":[],"items_purged_floors":[10],"is_endless":false,"potions_floor_spawned":[1,3,8,11],"killed_by":"The Guardian","ascension_level":0}}