{"host":"poshtwjux72eqzmy","time":1613443693,"event":{"mods":["BaseMod","Bestiary","Block Reminder","Highlight Path","Minty Spire (QoL Compilation)","Quick Restart","Relic Stats","StSLib","ojb\u0027s Info Mod"],"gold_per_floor":[109,109,123,136,151,179,179,207,207,219,264,289,301,313,325,410,422,450,462,549,178,188,188,218,218,218,218,229,229,229,229,229,307,307,322,377,377,392,392,392,177,210,210,103,103,130,49,61,61,61,61,61,61,11,46,46],"floor_reached":57,"language":"ENG","playtime":4982,"items_purged":["Writhe","Strike_P+1","Eruption","Defend_P"],"score":2859,"play_id":"b4333d9d-c157-4c18-9c6a-7304d054cc1a","local_time":"20210216044813","is_ascension_mode":true,"campfire_choices":[{"data":"Alpha","floor":7.0,"key":"SMITH"},{"floor":10.0,"key":"REST"},{"data":"ThirdEye","floor":15.0,"key":"SMITH"},{"data":"Vault","floor":23.0,"key":"SMITH"},{"data":"LikeWater","floor":25.0,"key":"SMITH"},{"data":"ClearTheMind","floor":27.0,"key":"SMITH"},{"data":"Study","floor":32.0,"key":"SMITH"},{"data":"Vault","floor":40.0,"key":"SMITH"},{"data":"TalkToTheHand","floor":45.0,"key":"SMITH"},{"floor":49.0,"key":"RECALL"},{"data":"Fasting2","floor":53.0,"key":"SMITH"}],"circlet_count":0,"master_deck":["AscendersBane","Defend_P","Defend_P","Defend_P","Vigilance","TalkToTheHand+1","ThirdEye+1","Alpha+1","ClearTheMind+1","SandsOfTime","ThirdEye+1","EmptyBody","Nirvana","Vault+1","CutThroughFate","LikeWater+1","DeceiveReality","Meditate+1","InnerPeace","Study+1","Vault+1","ThirdEye+1","WaveOfTheHand+1","DeceiveReality+1","Fasting2+1","Wireheading","PathToVictory"],"relics":["Runic Dome","TungstenRod","Smiling Mask","MawBank","Eternal Feather","Empty Cage","Meat on the Bone","Melange","Orichalcum","Mummified Hand","Pear","SlaversCollar","Gambling Chip","Toolbox","Bottled Flame","Blue Candle","Calipers","Oddly Smooth Stone"],"acts_visited":["Exordium","TheCity","TheBeyond","TheEnding"],"potions_floor_usage":[56,56],"damage_taken":[{"damage":4.0,"enemies":"2 Louse","floor":1.0,"turns":2.0},{"damage":6.0,"enemies":"Small Slimes","floor":3.0,"turns":4.0},{"damage":0.0,"enemies":"Jaw Worm","floor":4.0,"turns":6.0},{"damage":9.0,"enemies":"Exordium Wildlife","floor":5.0,"turns":5.0},{"damage":15.0,"enemies":"Lagavulin","floor":6.0,"turns":5.0},{"damage":9.0,"enemies":"3 Sentries","floor":8.0,"turns":3.0},{"damage":0.0,"enemies":"Lagavulin","floor":11.0,"turns":4.0},{"damage":0.0,"enemies":"Red Slaver","floor":12.0,"turns":3.0},{"damage":2.0,"enemies":"Hexaghost","floor":16.0,"turns":8.0},{"damage":14.0,"enemies":"Spheric Guardian","floor":18.0,"turns":5.0},{"damage":7.0,"enemies":"Chosen","floor":22.0,"turns":5.0},{"damage":42.0,"enemies":"Gremlin Leader","floor":24.0,"turns":6.0},{"damage":0.0,"enemies":"Sentry and Sphere","floor":28.0,"turns":6.0},{"damage":0.0,"enemies":"Automaton","floor":33.0,"turns":7.0},{"damage":0.0,"enemies":"3 Shapes","floor":35.0,"turns":6.0},{"damage":22.0,"enemies":"2 Orb Walkers","floor":36.0,"turns":6.0},{"damage":10.0,"enemies":"3 Darklings","floor":38.0,"turns":5.0},{"damage":12.0,"enemies":"Reptomancer","floor":42.0,"turns":5.0},{"damage":0.0,"enemies":"Giant Head","floor":46.0,"turns":9.0},{"damage":10.0,"enemies":"Jaw Worm Horde","floor":48.0,"turns":5.0},{"damage":10.0,"enemies":"Time Eater","floor":50.0,"turns":15.0},{"damage":18.0,"enemies":"Awakened One","floor":51.0,"turns":17.0},{"damage":0.0,"enemies":"Shield and Spear","floor":55.0,"turns":6.0},{"damage":44,"enemies":"The Heart","floor":56,"turns":12}],"seed_played":"561386500933859564","potions_obtained":[{"floor":1.0,"key":"PowerPotion"},{"floor":4.0,"key":"SmokeBomb"},{"floor":6.0,"key":"Energy Potion"},{"floor":18.0,"key":"Weak Potion"},{"floor":33.0,"key":"EssenceOfSteel"},{"floor":35.0,"key":"ColorlessPotion"}],"is_trial":false,"path_per_floor":["M","?","M","M","M","E","R","E","T","R","E","M","?","?","R","B",null,"M","?","T","$","M","R","E","R","T","R","M","T","?","?","R","B",null,"M","?","?","M","?","R","$","E","T","$","R","E","$","M","R","B","B",null,"R","$","E","B",null],"character_chosen":"WATCHER","items_purchased":["Melange","LikeWater","DeceiveReality","Toolbox","Swift Potion","Fasting2"],"campfire_rested":1,"item_purchase_floors":[21,21,21,41,44,47],"current_hp_per_floor":[57,57,51,51,42,27,27,18,18,38,38,38,43,22,31,29,62,48,48,48,48,41,53,23,35,35,47,47,57,57,57,69,69,80,80,58,58,48,48,63,63,51,51,51,63,63,63,53,68,58,40,69,79,79,79,47],"gold":46,"neow_bonus":"BOSS_RELIC","is_daily":false,"chose_seed":false,"campfire_upgraded":9,"win_rate":0.0,"timestamp":1613443693,"path_taken":["M","?","M","M","M","E","R","E","T","R","E","M","?","?","R","BOSS","M","?","?","?","?","R","E","R","T","R","M","?","?","?","R","BOSS","M","?","?","M","?","R","$","E","T","?","R","E","$","?","R","BOSS","BOSS","R","$","E","BOSS"],"items_purchased_type":["Relic","Card","Card","Relic","Potion","Card"],"build_version":"2020-12-22","purchased_purges":4,"victory":true,"max_hp_per_floor":[68,68,68,68,68,68,68,68,68,68,68,68,73,73,73,73,73,73,73,73,73,73,73,73,73,73,73,73,83,83,83,83,83,83,83,83,83,83,79,79,79,79,79,79,79,79,79,79,79,79,79,79,79,79,79,79],"relic_stats":{"counters":[24,155],"Mummified Hand":[92],"Gambling Chip":[21],"Blue Candle":[0],"Melange":[120],"Eternal Feather":109,"Orichalcum":[84],"Smiling Mask":250,"MawBank":144,"obtain_stats":[{"Pear":29,"Calipers":46,"Blue Candle":43,"Melange":21,"Oddly Smooth Stone":55,"Eternal Feather":11,"Orichalcum":24,"Smiling Mask":8,"MawBank":9,"Empty Cage":17,"Runic Dome":0,"SlaversCollar":34,"Bottled Flame":42,"Mummified Hand":26,"Gambling Chip":36,"Toolbox":41,"PureWater":0,"TungstenRod":6,"Meat on the Bone":19},{"Pear":13,"Calipers":19,"Blue Candle":18,"Melange":10,"Oddly Smooth Stone":23,"Eternal Feather":7,"Orichalcum":12,"Smiling Mask":6,"MawBank":6,"Empty Cage":9,"Runic Dome":0,"SlaversCollar":14,"Bottled Flame":18,"Mummified Hand":12,"Gambling Chip":16,"Toolbox":17,"PureWater":0,"TungstenRod":5,"Meat on the Bone":10},{"Pear":62,"Calipers":100,"Blue Candle":91,"Melange":45,"Oddly Smooth Stone":143,"Eternal Feather":29,"Orichalcum":56,"Smiling Mask":25,"MawBank":25,"Empty Cage":40,"Runic Dome":0,"SlaversCollar":69,"Bottled Flame":91,"Mummified Hand":56,"Gambling Chip":81,"Toolbox":86,"PureWater":0,"TungstenRod":22,"Meat on the Bone":45}],"TungstenRod":37,"Meat on the Bone":24},"card_choices":[{"not_picked":["Perseverance","Protect"],"picked":"TalkToTheHand","floor":1.0},{"not_picked":["Protect","PathToVictory"],"picked":"ThirdEye","floor":3.0},{"not_picked":["FlyingSleeves","Halt"],"picked":"Alpha","floor":4.0},{"not_picked":["Evaluate","Perseverance"],"picked":"ClearTheMind","floor":5.0},{"not_picked":["EmptyBody","Judgement"],"picked":"SandsOfTime","floor":6.0},{"not_picked":["Adaptation","Vengeance"],"picked":"ThirdEye","floor":8.0},{"not_picked":["FlurryOfBlows","ConjureBlade"],"picked":"EmptyBody","floor":11.0},{"not_picked":["MentalFortress","Tantrum"],"picked":"Nirvana","floor":12.0},{"not_picked":["DevaForm","Alpha"],"picked":"Vault","floor":16.0},{"not_picked":["Consecrate","WreathOfFlame"],"picked":"CutThroughFate","floor":18.0},{"not_picked":["Prostrate","JustLucky"],"picked":"Meditate+1","floor":22.0},{"not_picked":["SpiritShield","DeceiveReality"],"picked":"InnerPeace","floor":24.0},{"not_picked":["EmptyFist","FlyingSleeves","Conclude"],"picked":"SKIP","floor":28.0},{"not_picked":["Establishment","SpiritShield"],"picked":"Vault","floor":33.0},{"not_picked":["EmptyBody","InnerPeace","EmptyFist"],"picked":"SKIP","floor":35.0},{"not_picked":["EmptyBody","Weave+1"],"picked":"ThirdEye+1","floor":36.0},{"not_picked":["DeceiveReality","CutThroughFate","EmptyBody"],"picked":"SKIP","floor":38.0},{"not_picked":["Crescendo+1","TalkToTheHand"],"picked":"WaveOfTheHand+1","floor":42.0},{"not_picked":["Swivel","EmptyMind"],"picked":"DeceiveReality+1","floor":46.0},{"not_picked":["ConjureBlade","CutThroughFate"],"picked":"Wireheading","floor":48.0},{"not_picked":["FlurryOfBlows+1","LessonLearned"],"picked":"PathToVictory","floor":55.0}],"player_experience":1123231,"relics_obtained":[{"floor":6.0,"key":"TungstenRod"},{"floor":8.0,"key":"Smiling Mask"},{"floor":9.0,"key":"MawBank"},{"floor":11.0,"key":"Eternal Feather"},{"floor":24.0,"key":"Orichalcum"},{"floor":26.0,"key":"Mummified Hand"},{"floor":29.0,"key":"Pear"},{"floor":36.0,"key":"Gambling Chip"},{"floor":42.0,"key":"Bottled Flame"},{"floor":43.0,"key":"Blue Candle"},{"floor":46.0,"key":"Calipers"},{"floor":55.0,"key":"Oddly Smooth Stone"}],"event_choices":[{"damage_healed":0.0,"max_hp_gain":0.0,"max_hp_loss":0.0,"gold_gain":0.0,"event_name":"Liars Game","player_choice":"Ignored","floor":2.0,"gold_loss":0.0,"damage_taken":0.0},{"damage_healed":0.0,"max_hp_gain":5.0,"max_hp_loss":0.0,"gold_gain":0.0,"event_name":"Big Fish","player_choice":"Donut","floor":13.0,"gold_loss":0.0,"damage_taken":0.0},{"damage_healed":0.0,"max_hp_gain":0.0,"max_hp_loss":0.0,"gold_gain":0.0,"event_name":"Shining Light","player_choice":"Entered Light","floor":14.0,"gold_loss":0.0,"damage_taken":22.0,"cards_upgraded":["ThirdEye","Strike_P"]},{"damage_healed":0.0,"max_hp_gain":0.0,"max_hp_loss":0.0,"gold_gain":0.0,"event_name":"The Mausoleum","player_choice":"Opened","floor":19.0,"gold_loss":0.0,"damage_taken":0.0,"relics_obtained":["Meat on the Bone"],"cards_obtained":["Writhe"]},{"cards_removed":["Strike_P"],"damage_healed":0.0,"max_hp_gain":0.0,"max_hp_loss":0.0,"gold_gain":0.0,"event_name":"Back to Basics","player_choice":"Elegance","floor":30.0,"gold_loss":0.0,"damage_taken":0.0},{"damage_healed":0.0,"max_hp_gain":0.0,"max_hp_loss":0.0,"gold_gain":0.0,"event_name":"The Library","player_choice":"Read","floor":31.0,"gold_loss":0.0,"damage_taken":0.0,"cards_obtained":["Study"]},{"damage_healed":0.0,"max_hp_gain":0.0,"max_hp_loss":0.0,"gold_gain":0.0,"event_name":"Mysterious Sphere","player_choice":"Fight","floor":36.0,"gold_loss":0.0,"damage_taken":0.0},{"damage_healed":0.0,"max_hp_gain":0.0,"max_hp_loss":0.0,"gold_gain":0.0,"event_name":"Tomb of Lord Red Mask","player_choice":"Ignored","floor":37.0,"gold_loss":0.0,"damage_taken":0.0},{"damage_healed":0.0,"max_hp_gain":0.0,"max_hp_loss":4.0,"gold_gain":0.0,"event_name":"Winding Halls","player_choice":"Max HP","floor":39.0,"gold_loss":0.0,"damage_taken":0.0}],"is_beta":false,"boss_relics":[{"not_picked":["SacredBark","Pandora\u0027s Box"],"picked":"Empty Cage"},{"not_picked":["Busted Crown","Tiny House"],"picked":"SlaversCollar"}],"items_purged_floors":[21,41,44,54],"is_endless":false,"potions_floor_spawned":[1,4,6,18,33,35,36,38,48],"ascension_level":20}}