{"host":"nsc6ozq3atyrdr3m","time":1613510970,"event":{"mods":["BaseMod","Colored Map","Minty Spire (QoL Compilation)"],"gold_per_floor":[113,84,95,111,36,67,67,67,67,94,94,107,133,149,149,227,227,238,238,0,0,17,50,50,60,83,83,83,97,109,24,24,24,24],"floor_reached":33,"language":"FRA","playtime":820,"items_purged":["Shame"],"score":570,"play_id":"44d257af-e068-438b-b8e7-df3267e04ab7","local_time":"20210216222930","is_ascension_mode":true,"campfire_choices":[{"data":"Bludgeon","floor":7,"key":"SMITH"},{"floor":11,"key":"REST"},{"floor":15,"key":"REST"},{"floor":24,"key":"REST"},{"floor":28,"key":"REST"},{"floor":32,"key":"REST"}],"circlet_count":0,"master_deck":["AscendersBane","Strike_R","Strike_R","Strike_R","Strike_R","Strike_R","Defend_R","Defend_R","Defend_R","Defend_R","Bash","Spot Weakness","Flex","Battle Trance","Carnage","Bludgeon+1","Clash","Sword Boomerang","Burning Pact","Impervious","Spot Weakness","Demon Form","Bloodletting","Shockwave","Thunderclap+1","Disarm"],"relics":["Black Blood","NeowsBlessing","HornCleat","Self Forming Clay","Pear","Toy Ornithopter","Turnip","Molten Egg 2","Blood Vial"],"acts_visited":["Exordium","TheCity"],"potions_floor_usage":[23,23,33,33],"damage_taken":[{"damage":0,"enemies":"2 Louse","floor":1,"turns":1},{"damage":0,"enemies":"Jaw Worm","floor":3,"turns":1},{"damage":0,"enemies":"Small Slimes","floor":4,"turns":1},{"damage":40,"enemies":"3 Sentries","floor":6,"turns":8},{"damage":37,"enemies":"Lagavulin","floor":10,"turns":6},{"damage":10,"enemies":"Exordium Wildlife","floor":12,"turns":3},{"damage":10,"enemies":"3 Sentries","floor":13,"turns":4},{"damage":9,"enemies":"Red Slaver","floor":14,"turns":3},{"damage":38,"enemies":"The Guardian","floor":16,"turns":8},{"damage":39,"enemies":"Shell Parasite","floor":18,"turns":5},{"damage":0,"enemies":"Spheric Guardian","floor":22,"turns":4},{"damage":66,"enemies":"Slavers","floor":23,"turns":5},{"damage":31,"enemies":"Centurion and Healer","floor":25,"turns":6},{"damage":31,"enemies":"Cultist and Chosen","floor":29,"turns":7},{"damage":22,"enemies":"Shelled Parasite and Fungi","floor":30,"turns":6},{"damage":93,"enemies":"Collector","floor":33,"turns":7}],"seed_played":"-3141475163034852811","potions_obtained":[{"floor":1,"key":"SpeedPotion"},{"floor":4,"key":"SteroidPotion"},{"floor":10,"key":"BloodPotion"},{"floor":12,"key":"Fire Potion"},{"floor":25,"key":"SkillPotion"},{"floor":29,"key":"Block Potion"}],"is_trial":false,"path_per_floor":["M","$","M","M","$","E","R","?","T","E","R","M","E","M","R","B",null,"M","?","$","?","M","E","R","M","T","$","R","M","M","$","R","B"],"character_chosen":"IRONCLAD","items_purchased":["Flex","Bludgeon","Demon Form","Disarm"],"campfire_rested":5,"item_purchase_floors":[2,5,20,31],"current_hp_per_floor":[74,74,75,75,75,41,41,41,41,20,45,41,37,34,59,27,71,44,44,44,44,56,29,54,35,35,35,60,43,35,35,60,0,0],"gold":24,"neow_bonus":"THREE_ENEMY_KILL","is_daily":false,"chose_seed":false,"campfire_upgraded":1,"win_rate":0.0,"timestamp":1613510970,"path_taken":["M","$","M","M","$","E","R","?","T","E","R","M","E","M","R","BOSS","M","?","$","?","M","E","R","?","T","$","R","M","M","?","R","BOSS"],"items_purchased_type":["Card","Card","Card","Card"],"build_version":"2020-12-22","purchased_purges":1,"victory":false,"max_hp_per_floor":[75,75,75,75,75,75,75,75,75,85,85,85,85,85,85,85,85,85,85,85,85,85,85,85,85,85,85,85,85,85,85,85,85,85],"card_choices":[{"not_picked":["Clothesline","Headbutt"],"picked":"Spot Weakness","floor":1},{"not_picked":["Dropkick","Shrug It Off"],"picked":"Battle Trance","floor":3},{"not_picked":["Second Wind","Thunderclap"],"picked":"Carnage","floor":4},{"not_picked":["Warcry","Shockwave"],"picked":"Clash","floor":6},{"not_picked":["Body Slam","Blood for Blood","Rampage"],"picked":"SKIP","floor":10},{"not_picked":["Flex","Twin Strike"],"picked":"Sword Boomerang","floor":12},{"not_picked":["Twin Strike","Anger"],"picked":"Burning Pact","floor":13},{"not_picked":["Brutality","Anger","Wild Strike"],"picked":"SKIP","floor":14},{"not_picked":["Juggernaut","Fiend Fire"],"picked":"Impervious","floor":16},{"not_picked":["Metallicize","Body Slam"],"picked":"Spot Weakness","floor":18},{"not_picked":["Flame Barrier","Intimidate"],"picked":"Bloodletting","floor":22},{"not_picked":["Power Through","Body Slam+1","Feed+1"],"picked":"SKIP","floor":23},{"not_picked":["True Grit","Headbutt+1"],"picked":"Shockwave","floor":25},{"not_picked":["Sentinel","Wild Strike+1","Armaments"],"picked":"SKIP","floor":29},{"not_picked":["Twin Strike+1","Havoc"],"picked":"Thunderclap+1","floor":30}],"player_experience":423709,"relics_obtained":[{"floor":6,"key":"HornCleat"},{"floor":9,"key":"Self Forming Clay"},{"floor":10,"key":"Pear"},{"floor":13,"key":"Toy Ornithopter"},{"floor":23,"key":"Molten Egg 2"},{"floor":26,"key":"Blood Vial"}],"event_choices":[{"damage_healed":0,"gold_gain":0,"player_choice":"Ignored","damage_taken":0,"max_hp_gain":0,"max_hp_loss":0,"event_name":"Liars Game","floor":8,"gold_loss":0},{"damage_healed":0,"gold_gain":0,"player_choice":"Stole Relic","damage_taken":0,"relics_obtained":["Turnip"],"max_hp_gain":0,"max_hp_loss":0,"event_name":"Addict","floor":19,"gold_loss":0,"cards_obtained":["Shame"]},{"damage_healed":0,"gold_gain":0,"player_choice":"Ignored","damage_taken":0,"max_hp_gain":0,"max_hp_loss":0,"event_name":"Vampires","floor":21,"gold_loss":0}],"is_beta":false,"boss_relics":[{"not_picked":["Astrolabe","Fusion Hammer"],"picked":"Black Blood"}],"items_purged_floors":[20],"is_endless":false,"potions_floor_spawned":[1,4,10,12,22,25,29,30],"killed_by":"Collector","ascension_level":20}}