{"host":"bsgp9wgausrmthh2","time":1613442980,"event":{"mods":["AchievementEnabler","BaseMod","Colored Map","Downfall","Minty Spire (QoL Compilation)","Replay The Spire","StSLib"],"gold_per_floor":[114,114,114,114,131,14,40,59,83,109,119,119,5,31,31,128,128,141,49,49,49,62,62,79,79,79,79,29,29,29,42,42,146,146,165,177,177,197,211,211,227,241,241,255,255,275,207,234,234,234,234],"floor_reached":50,"language":"ENG","playtime":3924,"items_purged":["Replay:Hysterical Blindness"],"score":500,"play_id":"9bc06ed3-5261-43fe-b487-f6636a52d076","local_time":"20210215213620","is_ascension_mode":false,"campfire_choices":[{"floor":12,"key":"RECALL"},{"floor":15,"key":"REST"},{"floor":23,"key":"REST"},{"floor":25,"key":"REST"},{"floor":27,"key":"REST"},{"floor":30,"key":"REST"},{"floor":32,"key":"REST"},{"floor":40,"key":"REST"},{"floor":49,"key":"REST"}],"circlet_count":0,"master_deck":["Strike_G+1","Strike_G","Strike_G+1","Strike_G+1","Defend_G","Defend_G","Defend_G","Defend_G+1","Survivor","Neutralize","Sucker Punch","Toxin Wave+1","PiercingWail","Noxious Fumes","Deadly Poison","Predator","PiercingWail+1","Endless Agony","Backflip+1","Catalyst","Flying Knee","After Image","Dagger Throw+1","Poisoned Stab","Acrobatics+1","Hallucinations","Deflect","Sucker Punch","Poisoned Stab","Bullet Time","CurseOfTheBell","Backflip","Slice+1","Well Laid Plans+1","Footwork","ReplayTheSpireMod:Scrap Shanks","Finesse","Concentrate","Burst"],"relics":["Ring of the Snake","NeowsBlessing","Paper Crane","Gremlin Food","PreservedInsect","Odd Mushroom","Fusion Hammer","Boot","Smiling Mask","Replay:Grab Bag","Sozu","Busted Crown","Calling Bell","Replay:Mystery Machine","Mummified Hand","Gambling Chip","Vajra","Girya","Bronze Scales"],"acts_visited":["Exordium","TheCity","TheBeyond"],"potions_floor_usage":[],"damage_taken":[{"damage":0,"enemies":"Cultist","floor":1,"turns":1},{"damage":0,"enemies":"2 Louse","floor":5,"turns":1},{"damage":0,"enemies":"Gremlin Nob","floor":7,"turns":1},{"damage":2,"enemies":"Jaw Worm","floor":8,"turns":4},{"damage":24,"enemies":"Lagavulin","floor":10,"turns":8},{"damage":0,"enemies":"Red Slaver","floor":11,"turns":4},{"damage":4,"enemies":"The Mushroom Lair","floor":14,"turns":4},{"damage":28,"enemies":"The Guardian","floor":16,"turns":8},{"damage":10,"enemies":"2 Thieves","floor":18,"turns":5},{"damage":2,"enemies":"Shell Parasite","floor":22,"turns":6},{"damage":8,"enemies":"Shelled Parasite and Fungi","floor":24,"turns":7},{"damage":9,"enemies":"Snake Plant","floor":31,"turns":5},{"damage":65,"enemies":"Automaton","floor":33,"turns":9},{"damage":10,"enemies":"Orb Walker","floor":35,"turns":4},{"damage":6,"enemies":"3 Shapes","floor":36,"turns":7},{"damage":0,"enemies":"Jaw Worm Horde","floor":38,"turns":4},{"damage":16,"enemies":"Maw","floor":39,"turns":8},{"damage":16,"enemies":"Sphere and 2 Shapes","floor":41,"turns":6},{"damage":25,"enemies":"Spire Growth","floor":42,"turns":5},{"damage":7,"enemies":"Writhing Mass","floor":44,"turns":6},{"damage":44,"enemies":"Replay:Hell Engine","floor":50,"turns":7}],"seed_played":"3104650666277227977","potions_obtained":[{"floor":7,"key":"LifebloodPotion"},{"floor":10,"key":"DuplicationPotion"},{"floor":11,"key":"GamblersBrew"}],"is_trial":false,"path_per_floor":["M","T","?","?","M","$","E","M","T","E","M","R","$","?","R","B",null,"M","$","?","?","M","R","M","R","T","R","$","$","R","M","R","B",null,"M","M","?","M","M","R","M","M","T","M","?","?","$","T","R","B"],"character_chosen":"THE_SILENT","items_purchased":["Noxious Fumes","Deadly Poison","Backflip","Catalyst","Poisoned Stab","Acrobatics","Burst"],"campfire_rested":8,"item_purchase_floors":[6,6,13,13,19,19,47],"current_hp_per_floor":[70,70,70,70,70,70,70,68,68,44,44,44,44,40,61,33,70,60,60,60,60,58,70,62,70,70,70,70,70,70,61,70,5,70,60,54,54,54,38,59,43,18,18,11,11,11,11,11,32,0,0],"gold":234,"neow_bonus":"THREE_ENEMY_KILL","is_daily":false,"chose_seed":false,"campfire_upgraded":0,"win_rate":0.0,"timestamp":1613442980,"path_taken":["M","?","?","?","?","$","E","M","T","E","M","R","?","?","R","BOSS","M","$","?","?","M","R","M","R","T","R","?","$","R","M","R","BOSS","M","M","?","M","M","R","M","M","T","M","?","?","$","?","R","BOSS"],"items_purchased_type":["Card","Card","Card","Card","Card","Card","Card"],"build_version":"2020-12-22","purchased_purges":1,"victory":false,"max_hp_per_floor":[70,70,70,70,70,70,70,70,70,70,70,70,70,70,70,70,70,70,70,70,70,70,70,70,70,70,70,70,70,70,70,70,70,70,70,70,70,70,70,70,70,70,70,70,70,70,70,70,70,70,70],"card_choices":[{"not_picked":["Cloak And Dagger","Backflip"],"picked":"Sucker Punch","floor":1},{"not_picked":["Outmaneuver","Dodge and Roll"],"picked":"PiercingWail","floor":5},{"not_picked":["Eviscerate","Outmaneuver"],"picked":"Predator","floor":7},{"not_picked":["Dodge and Roll","Finisher"],"picked":"PiercingWail","floor":8},{"not_picked":["ReplayTheSpireMod:From All Sides","ReplayTheSpireMod:Shiv Toss","Night Terror"],"picked":"SKIP","floor":10},{"not_picked":["ReplayTheSpireMod:Speed Training","Prepared"],"picked":"Endless Agony","floor":11},{"not_picked":["Escape Plan","Deadly Poison"],"picked":"Flying Knee","floor":14},{"not_picked":["Grand Finale","ReplayTheSpireMod:From All Sides"],"picked":"After Image","floor":16},{"not_picked":["Dodge and Roll","Eviscerate"],"picked":"Dagger Throw+1","floor":18},{"not_picked":["Finisher","Acrobatics"],"picked":"Deflect","floor":22},{"not_picked":["Calculated Gamble","Blade Dance"],"picked":"Sucker Punch","floor":24},{"not_picked":["PiercingWail+1","Tactician"],"picked":"Poisoned Stab","floor":31},{"not_picked":["Storm of Steel","Tools of the Trade"],"picked":"Bullet Time","floor":33},{"not_picked":[],"picked":"Backflip","floor":35},{"not_picked":[],"picked":"Slice+1","floor":36},{"not_picked":[],"picked":"Well Laid Plans+1","floor":38},{"not_picked":[],"picked":"Footwork","floor":39},{"not_picked":[],"picked":"ReplayTheSpireMod:Scrap Shanks","floor":41},{"not_picked":["Outmaneuver"],"picked":"SKIP","floor":42},{"not_picked":["Outmaneuver+1"],"picked":"SKIP","floor":44},{"not_picked":[],"picked":"Finesse","floor":45},{"not_picked":[],"picked":"Concentrate","floor":46}],"player_experience":262051,"relics_obtained":[{"floor":7,"key":"Paper Crane"},{"floor":9,"key":"Gremlin Food"},{"floor":10,"key":"PreservedInsect"},{"floor":14,"key":"Odd Mushroom"},{"floor":26,"key":"Smiling Mask"},{"floor":34,"key":"Replay:Mystery Machine"},{"floor":34,"key":"Mummified Hand"},{"floor":34,"key":"Gambling Chip"},{"floor":43,"key":"Vajra"},{"floor":46,"key":"Girya"},{"floor":48,"key":"Bronze Scales"}],"event_choices":[{"damage_healed":0,"gold_gain":0,"player_choice":"Ignored","damage_taken":0,"max_hp_gain":0,"max_hp_loss":0,"event_name":"Golden Wing","floor":3,"gold_loss":0},{"damage_healed":0,"gold_gain":0,"cards_transformed":["Strike_G"],"player_choice":"Transformed","damage_taken":0,"max_hp_gain":0,"max_hp_loss":0,"event_name":"Transmorgrifier","floor":4,"gold_loss":0,"cards_obtained":["Toxin Wave"]},{"damage_healed":0,"gold_gain":0,"player_choice":"Fought Mushrooms","damage_taken":0,"max_hp_gain":0,"max_hp_loss":0,"event_name":"Mushrooms","floor":14,"gold_loss":0},{"cards_removed":["Defend_G"],"damage_healed":0,"gold_gain":0,"player_choice":"Removed Skill","damage_taken":0,"max_hp_gain":0,"max_hp_loss":0,"event_name":"Falling","floor":37,"gold_loss":0},{"damage_healed":0,"gold_gain":0,"player_choice":"Memory 1","damage_taken":0,"max_hp_gain":0,"max_hp_loss":0,"event_name":"SensoryStone","floor":45,"gold_loss":0}],"is_beta":false,"boss_relics":[{"not_picked":["Coffee Dripper","Empty Cage"],"picked":"Fusion Hammer"},{"not_picked":["Kintsugi","Black Star"],"picked":"Replay:Grab Bag"},{"not_picked":["Painkiller Herb","ReplayTheSpireMod:DimensionalGlitch"],"picked":"Sozu"},{"not_picked":["Runic Dome","Cursed Key"],"picked":"Busted Crown"},{"not_picked":["Pandora\u0027s Box","Ring of Chaos"],"picked":"Calling Bell"}],"items_purged_floors":[28],"is_endless":false,"potions_floor_spawned":[7,10,11,14,16,18,24,36,38,44],"killed_by":"Replay:Hell Engine","ascension_level":0}}