{"host":"knk89g45d3vzr5fm","time":1613433789,"event":{"mods":["2.2 Compatiblity","BaseMod","Downfall","Minty Spire (QoL Compilation)","Relic Stats","Reliquary","Replay The Spire","StSLib","The Marked"],"gold_per_floor":[99,114,141,154,166,201,201,201,231,231,11,111,111,111,126,126,126,126],"floor_reached":16,"language":"FRA","playtime":755,"items_purged":[],"score":165,"play_id":"8bd647f8-d2ce-495c-9778-4c1c00d734f2","local_time":"20210216010309","is_ascension_mode":true,"campfire_choices":[{"floor":1,"key":"DIG"},{"floor":8,"key":"REST"},{"data":"sneckomod:Memorize","floor":10,"key":"SMITH"}],"circlet_count":0,"master_deck":["AscendersBane","sneckomod:Strike","sneckomod:Defend","sneckomod:Defend+1","sneckomod:Defend+1","sneckomod:TailWhip+1","sneckomod:SnekBite+1","sneckomod:Unknown","sneckomod:Unknown","sneckomod:QuickMove","sneckomod:UnknownBlock","sneckomod:Unknown0Cost","sneckomod:UnknownClassRED","sneckomod:UnknownRareAttack+1","sneckomod:UnknownDraw","sneckomod:QuickMove+1","sneckomod:UnknownWeak","downfall:Malfunctioning","sneckomod:UnknownClassRED","Panache"],"relics":["Cursed Key","Happy Flower","Counterbalance","reliquary:TridentHead","reliquary:Buckler"],"acts_visited":["Exordium"],"potions_floor_usage":[16],"damage_taken":[{"damage":7,"enemies":"2 Louse","floor":2,"turns":3},{"damage":0,"enemies":"Jaw Worm","floor":3,"turns":4},{"damage":8,"enemies":"Small Slimes","floor":4,"turns":4},{"damage":15,"enemies":"Gremlin Gang","floor":5,"turns":6},{"damage":59,"enemies":"Gremlin Nob","floor":6,"turns":6},{"damage":21,"enemies":"Lagavulin","floor":9,"turns":4},{"damage":3,"enemies":"downfall:FleeingMerchant","floor":11,"turns":4},{"damage":23,"enemies":"downfall:Heads","floor":12,"turns":6},{"damage":1,"enemies":"Blue Slaver","floor":15,"turns":6},{"damage":13,"enemies":"DF_ARCHETYPE_STREAMLINE","floor":16,"turns":6}],"seed_played":"6737791082033029781","potions_obtained":[{"floor":3,"key":"FairyPotion"},{"floor":6,"key":"Doom Potion"},{"floor":15,"key":"Elixir"}],"is_trial":false,"path_per_floor":["R","M","M","M","M","E","T","R","E","R","$","?","?","?","M","B"],"character_chosen":"THE_SNECKO","items_purchased":["reliquary:Buckler","sneckomod:UnknownDraw"],"campfire_rested":1,"item_purchase_floors":[11,11],"current_hp_per_floor":[81,74,74,66,51,27,27,54,33,33,30,7,7,7,6,0,0,0],"gold":126,"neow_bonus":"BOSS_RELIC","is_daily":false,"chose_seed":false,"campfire_upgraded":1,"win_rate":0.0,"timestamp":1613433789,"path_taken":["R","M","M","M","M","E","T","R","E","R","$","?","?","?","M","BOSS"],"items_purchased_type":["Relic","Card"],"build_version":"2020-12-22","purchased_purges":0,"victory":false,"max_hp_per_floor":[90,90,90,90,90,90,90,90,90,90,90,90,90,90,90,90,90,90],"relic_stats":{"Happy Flower":[16],"counters":[10,49],"Cursed Key":0,"obtain_stats":[{"reliquary:TridentHead":9,"Happy Flower":1,"Counterbalance":6,"reliquary:Buckler":11,"sneckomod:SneckoSoul":0,"Cursed Key":0},{"reliquary:TridentHead":6,"Happy Flower":0,"Counterbalance":5,"reliquary:Buckler":7,"sneckomod:SneckoSoul":0,"Cursed Key":0},{"reliquary:TridentHead":27,"Happy Flower":0,"Counterbalance":23,"reliquary:Buckler":31,"sneckomod:SneckoSoul":0,"Cursed Key":0}]},"card_choices":[{"not_picked":["sneckomod:UnknownDraw","sneckomod:UnknownClassGUARDIAN"],"picked":"sneckomod:QuickMove","floor":2},{"not_picked":["sneckomod:DefensiveFlair","sneckomod:SnekBeam"],"picked":"sneckomod:UnknownBlock","floor":3},{"not_picked":["sneckomod:Unknown0Cost","sneckomod:QuickMove"],"picked":"sneckomod:UnknownColorless","floor":4},{"not_picked":["sneckomod:UnknownBlock","sneckomod:IronFang"],"picked":"sneckomod:Unknown0Cost","floor":5},{"not_picked":["sneckomod:DiceBlock","sneckomod:UnknownUncommonSkill"],"picked":"sneckomod:UnknownClassRED","floor":6},{"not_picked":["sneckomod:Unknown1Cost","sneckomod:SoulDraw"],"picked":"sneckomod:Memorize","floor":9},{"not_picked":["sneckomod:DefensiveFlair","sneckomod:UnknownClassBLUE"],"picked":"sneckomod:UnknownRareAttack","floor":11},{"not_picked":["sneckomod:UnknownClassBLUE","sneckomod:UnknownClassTHE_BRONZE_AUTOMATON"],"picked":"sneckomod:UnknownWeak","floor":12},{"not_picked":["sneckomod:UnknownClassPURPLE","sneckomod:RainOfDice"],"picked":"sneckomod:UnknownClassRED","floor":15}],"player_experience":2183320,"relics_obtained":[{"floor":1,"key":"Happy Flower"},{"floor":6,"key":"Counterbalance"},{"floor":9,"key":"reliquary:TridentHead"}],"event_choices":[{"damage_healed":0,"gold_gain":0,"player_choice":"Fled","damage_taken":0,"max_hp_gain":0,"max_hp_loss":0,"event_name":"Scrap Ooze","floor":14,"gold_loss":0}],"is_beta":false,"boss_relics":[],"items_purged_floors":[],"is_endless":false,"potions_floor_spawned":[3,6,15],"killed_by":"DF_ARCHETYPE_STREAMLINE","ascension_level":10}}