{"host":"5o041qry45dym2df","time":1613434322,"event":{"mods":["BaseMod","Downfall","Minty Spire (QoL Compilation)","StSLib","The Bug Knight"],"gold_per_floor":[117,36,36,36,49,80,96,96,96,96,96,115,134,173,173,293,293,293,293,208,208,208,208,208],"floor_reached":23,"language":"ENG","playtime":2123,"items_purged":[],"score":249,"play_id":"d6cc8e0b-1043-400b-b6d5-269b9b4371e6","local_time":"20210215191202","is_ascension_mode":false,"campfire_choices":[{"data":"HollowMod:CornifersMapStart","floor":8.0,"key":"SMITH"},{"data":"HollowMod:CycloneSlash","floor":15.0,"key":"SMITH"}],"circlet_count":0,"master_deck":["HollowMod:QuickDashStart","HollowMod:QuickDashStart","HollowMod:QuickDashStart","HollowMod:QuickDashStart","HollowMod:FocusHealStart","HollowMod:PogoStrike","HollowMod:CornifersMapStart+1","HollowMod:BaldurShell+1","HollowMod:BaldurShell","HollowMod:SoulVessel","HollowMod:DashSlash","HollowMod:CycloneSlash+1","HollowMod:HeavyBlow","HollowMod:ChannelNail","HollowMod:theNailsmith","HollowMod:SharpenedNail","Slimebound:Tackle+1","Slimebound:Tackle+1","Slimebound:Tackle+1","Bite","Bite","Bite","Bite","Bite","HollowMod:PureNailStrike"],"relics":["HollowMod:VesselMask","NeowsBlessing","Gambling Chip","StoneCalendar","Calipers","Golden Idol","HollowMod:PaleOreRelic","Ectoplasm","Strawberry"],"acts_visited":["Exordium","TheCity"],"potions_floor_usage":[23,23],"damage_taken":[{"damage":0.0,"enemies":"Jaw Worm","floor":1.0,"turns":1.0},{"damage":0.0,"enemies":"Small Slimes","floor":5.0,"turns":1.0},{"damage":0.0,"enemies":"3 Sentries","floor":6.0,"turns":2.0},{"damage":11.0,"enemies":"2 Louse","floor":7.0,"turns":3.0},{"damage":1.0,"enemies":"Looter","floor":12.0,"turns":4.0},{"damage":4.0,"enemies":"Exordium Wildlife","floor":13.0,"turns":5.0},{"damage":3.0,"enemies":"Lagavulin","floor":14.0,"turns":7.0},{"damage":14.0,"enemies":"Slime Boss","floor":16.0,"turns":7.0},{"damage":7.0,"enemies":"Spheric Guardian","floor":18.0,"turns":4.0},{"damage":7.0,"enemies":"Chosen","floor":22.0,"turns":3.0},{"damage":42,"enemies":"Slavers","floor":23,"turns":5}],"seed_played":"-3097253562040604505","potions_obtained":[{"floor":5.0,"key":"Guardian:BlockOnCardUsePotion"},{"floor":6.0,"key":"sneckomod:MuddlingPotion"},{"floor":13.0,"key":"FearPotion"},{"floor":14.0,"key":"Fire Potion"},{"floor":22.0,"key":"Block Potion"}],"is_trial":false,"path_per_floor":["M","$","?","?","M","E","M","R","T","?","?","M","M","E","R","B",null,"M","?","?","?","M","E"],"character_chosen":"THE_BUGKNIGHT","items_purchased":["HollowMod:BaldurShell"],"campfire_rested":0,"item_purchase_floors":[2],"current_hp_per_floor":[75,75,75,75,75,75,64,64,64,61,61,66,68,69,69,55,69,62,62,69,53,53,17,17],"gold":208,"neow_bonus":"THREE_ENEMY_KILL","is_daily":false,"chose_seed":false,"campfire_upgraded":2,"win_rate":0.0,"timestamp":1613434322,"path_taken":["M","$","?","?","M","E","M","R","T","?","?","M","M","E","R","BOSS","M","?","?","?","?","E"],"items_purchased_type":["Card"],"build_version":"2020-12-22","purchased_purges":0,"victory":false,"max_hp_per_floor":[75,75,75,75,75,75,75,75,75,75,69,69,69,69,69,69,69,69,69,76,53,53,53,53],"card_choices":[{"not_picked":["HollowMod:DashSlash","HollowMod:NewJinnsSoul"],"picked":"HollowMod:CornifersMapStart","floor":1.0},{"not_picked":["HollowMod:InfectedCysts","HollowMod:DungDefenderAura"],"picked":"HollowMod:BaldurShell","floor":5.0},{"not_picked":["HollowMod:ChannelNail","HollowMod:DashSlash"],"picked":"HollowMod:SoulVessel","floor":6.0},{"not_picked":["HollowMod:Grubsong","HollowMod:DescendingDark"],"picked":"HollowMod:DashSlash","floor":7.0},{"not_picked":["HollowMod:SharpenedShadows","HollowMod:CoiledNail"],"picked":"HollowMod:CycloneSlash","floor":12.0},{"not_picked":["HollowMod:NewJinnsSoul","HollowMod:DoubleDash"],"picked":"HollowMod:HeavyBlow","floor":13.0},{"not_picked":["HollowMod:BrokenVessel","HollowMod:NewLittleFool"],"picked":"HollowMod:ChannelNail","floor":14.0},{"not_picked":["HollowMod:HornetsHelp","HollowMod:Hiveblood"],"picked":"HollowMod:theNailsmith","floor":16.0},{"not_picked":["HollowMod:ChannelNail+1","HollowMod:DoubleDash"],"picked":"HollowMod:SharpenedNail","floor":18.0},{"not_picked":["HollowMod:ShadowDash","HollowMod:CloakDash"],"picked":"HollowMod:PureNailStrike","floor":22.0}],"player_experience":178609,"relics_obtained":[{"floor":6.0,"key":"Gambling Chip"},{"floor":9.0,"key":"StoneCalendar"},{"floor":14.0,"key":"HollowMod:PaleOreRelic"}],"event_choices":[{"damage_healed":0.0,"max_hp_gain":0.0,"max_hp_loss":0.0,"gold_gain":0.0,"event_name":"Living Wall","player_choice":"Grow","floor":3.0,"gold_loss":0.0,"damage_taken":0.0,"cards_upgraded":["HollowMod:BaldurShell"]},{"damage_healed":0.0,"max_hp_gain":0.0,"max_hp_loss":0.0,"gold_gain":0.0,"event_name":"Scrap Ooze","player_choice":"Success","floor":10.0,"gold_loss":0.0,"damage_taken":3.0,"relics_obtained":["Calipers"]},{"damage_healed":0.0,"max_hp_gain":0.0,"max_hp_loss":6.0,"gold_gain":0.0,"event_name":"Golden Idol","player_choice":"Lose Max HP","floor":11.0,"gold_loss":0.0,"damage_taken":0.0,"relics_obtained":["Golden Idol"]},{"damage_healed":0.0,"max_hp_gain":0.0,"max_hp_loss":0.0,"gold_gain":0.0,"event_name":"Addict","player_choice":"Obtained Relic","floor":20.0,"gold_loss":85.0,"damage_taken":0.0,"relics_obtained":["Strawberry"]},{"damage_healed":0.0,"max_hp_gain":0.0,"max_hp_loss":23.0,"gold_gain":0.0,"event_name":"Vampires","player_choice":"Became a vampire","floor":21.0,"gold_loss":0.0,"damage_taken":0.0,"cards_obtained":["Bite","Bite","Bite","Bite","Bite"]}],"is_beta":false,"boss_relics":[{"not_picked":["Astrolabe","Black Star"],"picked":"Ectoplasm"}],"items_purged_floors":[],"is_endless":false,"potions_floor_spawned":[5,6,13,14,22],"killed_by":"Slavers","ascension_level":0}}