{"host":"st1kg310ms6sytc5","time":1613509536,"event":{"mods":["ATMod(°¢èªMod)","Act Like it!","BaseMod","CapriCore","Lobotomy","LobotomyExtend","Minty Spire (QoL Compilation)","Reliquary","StSLib","SuperFastMode","Wide Potions","[IsaacMod]ÒÔÈö¼âËþ","¡¾ÒÅÎï¿¨ÅÆ¡¿REMEMod"],"gold_per_floor":[119,132,132,132,152,152,186,73,97,139,166,194,194,36,36,226,226,310,338,210,282,326,438,375,375,453,521,521,575,634,701,701,978,978,1167,1203,1342,1036,1036,1036,1175,1260,1260,1350,1418,1471,1642,1096,1096,1117,1117],"floor_reached":50,"language":"ZHS","playtime":3665,"items_purged":["InformationCode","CentralCode","SpecialBullet","SpecialBullet","BodiesMountain","SpecialBullet"],"score":845,"play_id":"5f04b827-02a9-427e-abe5-74366d9dc829","local_time":"20210217050536","is_ascension_mode":true,"campfire_choices":[{"data":"ParadiseLost","floor":13.0,"key":"SMITH"},{"data":"Apotheosis","floor":15.0,"key":"SMITH"},{"floor":40.0,"key":"RECALL"}],"circlet_count":0,"master_deck":["BigBird","BodiesMountain","BodiesMountain","SpecialBullet","SpecialBullet","SpecialBullet","SpecialBullet","SpecialBullet","AT_FamilyPortrait+1","SpiderBud","ParadiseLost+1","Wingbeat+1","VoidDream","Apotheosis+1","Twilight+1","REME_FirmDetermination","Horn","MHz","WelfareCode","DisciplinaryCode","UniverseFragment","REME_Flogging","Reprogram+1","FieryBird","Terror+1","REME_LeechingPoison","Prostrate+1","Weave","SecurityCode","ShedSkin"],"relics":["CogitoBucket","AT_ATBox","REME_ComplimentaryCards","HushsDoor","SteamSale","MealTicket","LetterFromLob","SalivaCoin","Orichalcum","Strawberry","AT_SeraphEmbrace","War Paint","reliquary:RedPaperclip","GuppysTail","SkinProphecy","Enchiridion","PrismaticShard","GnawedLeaf","AT_MibuBalloonWealth","AT_GuinsooRageblade","Tiny Chest","REME_DemonsWealth","DeathBook","TheSmile_r","AtMidnight","TreeSap","Chaos","reliquary:SharkskinSheath","HowToJump","Frozen Egg 2","Prayer Wheel","Lamp_r","AT_TheCollector","DeadEye","TuHaoJin","AT_EbonyIvory","Succubus","BlankCard"],"acts_visited":["Exordium","TheCity","TheBeyond"],"potions_floor_usage":[],"damage_taken":[{"damage":11.0,"enemies":"Jaw Worm","floor":1.0,"turns":2.0},{"damage":0.0,"enemies":"Small Slimes","floor":2.0,"turns":2.0},{"damage":0.0,"enemies":"Cultist","floor":5.0,"turns":2.0},{"damage":16.0,"enemies":"Gremlin Nob","floor":7.0,"turns":3.0},{"damage":20.0,"enemies":"Lagavulin","floor":10.0,"turns":5.0},{"damage":0.0,"enemies":"Gremlin Nob","floor":12.0,"turns":4.0},{"damage":27.0,"enemies":"The Guardian","floor":16.0,"turns":12.0},{"damage":20.0,"enemies":"3 Byrds","floor":18.0,"turns":5.0},{"damage":0.0,"enemies":"Hiden Room Battle","floor":21.0,"turns":5.0},{"damage":2.0,"enemies":"Shell Parasite","floor":22.0,"turns":4.0},{"damage":10.0,"enemies":"Gremlin Leader","floor":23.0,"turns":6.0},{"damage":5.0,"enemies":"Chosen and Byrds","floor":27.0,"turns":5.0},{"damage":0.0,"enemies":"REME_1_Revenger","floor":29.0,"turns":5.0},{"damage":6.0,"enemies":"3 Cultists","floor":30.0,"turns":4.0},{"damage":0.0,"enemies":"Shelled Parasite and Fungi","floor":31.0,"turns":2.0},{"damage":0.0,"enemies":"Champ","floor":33.0,"turns":19.0},{"damage":30.0,"enemies":"3 Darklings","floor":35.0,"turns":9.0},{"damage":0.0,"enemies":"Orb Walker","floor":36.0,"turns":1.0},{"damage":0.0,"enemies":"Writhing Mass","floor":37.0,"turns":9.0},{"damage":4.0,"enemies":"Reptomancer","floor":41.0,"turns":2.0},{"damage":0.0,"enemies":"Sphere and 2 Shapes","floor":42.0,"turns":2.0},{"damage":14,"enemies":"Nemesis","floor":44,"turns":5},{"damage":60,"enemies":"Transient","floor":46,"turns":5},{"damage":12,"enemies":"Giant Head","floor":47,"turns":3},{"damage":60,"enemies":"Awakened One","floor":50,"turns":1}],"seed_played":"1927698265722500954","potions_obtained":[{"floor":1.0,"key":"Fire Potion"},{"floor":2.0,"key":"BlessingOfTheForge"},{"floor":5.0,"key":"Swift Potion"},{"floor":21.0,"key":"Strength Potion"},{"floor":22.0,"key":"Ancient Potion"},{"floor":23.0,"key":"Energy Potion"},{"floor":31.0,"key":"SmokeBomb"}],"is_trial":false,"path_per_floor":["M","M","?","?","M","R","E","$","T","E","T","E","R","$","R","B",null,"M","?","$","?","M","E","$","R","T","M","?","E","M","M","R","B",null,"M","M","M","$","?","R","E","M","T","E","T","M","E","$","R","B"],"character_chosen":"Angela","items_purchased":["Orichalcum","Apotheosis","War Paint","REME_FirmDetermination","GuppysTail","REME_MawOfCthun","PrismaticShard","REME_Flogging","DeathBook","Chaos","reliquary:SharkskinSheath","HowToJump","AT_EbonyIvory","Succubus","BlankCard","ShedSkin"],"campfire_rested":0,"item_purchase_floors":[8,14,14,17,17,17,20,34,34,38,38,38,48,48,48,48],"current_hp_per_floor":[59,59,70,75,75,75,59,74,74,61,61,61,61,76,76,61,65,45,29,44,25,24,20,35,35,35,26,26,22,14,10,10,18,63,45,67,71,71,71,71,71,75,75,77,77,31,32,47,47,0,0],"gold":1117,"neow_bonus":"RANDOM_COMMON_RELIC","is_daily":false,"chose_seed":false,"campfire_upgraded":2,"win_rate":0.0,"timestamp":1613509536,"path_taken":["M","M","?","?","?","R","E","$","T","E","?","E","R","?","R","BOSS","M","?","$","?","M","E","$","R","T","M","?","E","M","?","R","BOSS","M","M","M","$","?","R","E","?","T","E","?","M","E","$","R","BOSS"],"items_purchased_type":["Relic","Card","Relic","Card","Relic","Card","Relic","Card","Relic","Card","Relic","Relic","Relic","Relic","Relic","Card"],"build_version":"2020-12-22","purchased_purges":6,"victory":false,"max_hp_per_floor":[70,70,70,75,75,75,75,75,75,82,82,82,82,82,82,82,65,65,65,65,67,69,71,71,71,71,73,73,75,79,81,81,83,63,65,67,71,71,71,71,73,75,75,77,77,79,81,81,81,85,85],"card_choices":[{"not_picked":["RapturousDream"],"picked":"Bomb","floor":1.0},{"not_picked":["Scorched","Freischutz"],"picked":"SpiderBud","floor":2.0},{"not_picked":["Hornet","TodaysExpression"],"picked":"SKIP","floor":2.0},{"not_picked":["Tough"],"picked":"Bomb","floor":5.0},{"not_picked":["Amita","Spore"],"picked":"SKIP","floor":7.0},{"not_picked":["Loneliness"],"picked":"ParadiseLost","floor":10.0},{"not_picked":["Discord"],"picked":"Wingbeat","floor":12.0},{"not_picked":["PunishingBird","BeautyBeast"],"picked":"VoidDream","floor":12.0},{"not_picked":["SoundOfStar"],"picked":"Twilight","floor":16.0},{"not_picked":["Regret_ego"],"picked":"Horn","floor":18.0},{"not_picked":["BowlingBash","Heavy Blade"],"picked":"SKIP","floor":22.0},{"not_picked":["HappyTeddy","Scarecrow"],"picked":"MHz","floor":23.0},{"not_picked":["FeatherOfHonor","RapturousDream"],"picked":"SKIP","floor":23.0},{"not_picked":["Bane","Barrage"],"picked":"SKIP","floor":27.0},{"not_picked":["Heavy Blade","REME_Repentance"],"picked":"SKIP","floor":29.0},{"not_picked":["GreedKing","BlackSwan"],"picked":"UniverseFragment","floor":30.0},{"not_picked":["Melter","Iron Wave"],"picked":"SKIP","floor":30.0},{"not_picked":["Cold Snap","Deflect"],"picked":"SKIP","floor":31.0},{"not_picked":["CherryBlossoms","Alriune"],"picked":"BodiesMountain","floor":33.0},{"not_picked":["Streamline+1","Gash","Regret"],"picked":"SKIP","floor":35.0},{"not_picked":["PlagueDoctor","BeautyBeast"],"picked":"QueenOfHatred","floor":36.0},{"not_picked":["AT_RealFormLess+1","Writhe"],"picked":"Reprogram+1","floor":36.0},{"not_picked":["HappyTeddy","QueenBee"],"picked":"FieryBird","floor":37.0},{"not_picked":["Underhanded Strike","Regret"],"picked":"Terror+1","floor":37.0},{"not_picked":["Steam","Normality"],"picked":"REME_LeechingPoison","floor":41.0},{"not_picked":["Woodsman","HeroicMonk"],"picked":"BigBird","floor":41.0},{"not_picked":["REME_Cut+1","Wingbeat","Parasite"],"picked":"SKIP","floor":42.0},{"not_picked":["Sunder+1","Leap","Doubt"],"picked":"SKIP","floor":44},{"not_picked":["All Out Attack","Writhe"],"picked":"Prostrate+1","floor":46},{"not_picked":["ClearTheMind","Shame"],"picked":"Weave","floor":46},{"not_picked":["InTheNameOfLoveAndHate+1","Second Wind+1","Writhe"],"picked":"SKIP","floor":47}],"player_experience":1460182,"relics_obtained":[{"floor":1.0,"key":"LetterFromLob"},{"floor":7.0,"key":"SalivaCoin"},{"floor":9.0,"key":"Anchor"},{"floor":10.0,"key":"Strawberry"},{"floor":11.0,"key":"AT_ArchangelStaff"},{"floor":12.0,"key":"Akabeko"},{"floor":19.0,"key":"Enchiridion"},{"floor":21.0,"key":"GnawedLeaf"},{"floor":21.0,"key":"AT_MibuBalloonWealth"},{"floor":23.0,"key":"AT_GuinsooRageblade"},{"floor":29.0,"key":"Tiny Chest"},{"floor":37.0,"key":"AtMidnight"},{"floor":41.0,"key":"Frozen Egg 2"},{"floor":43,"key":"Prayer Wheel"},{"floor":44,"key":"AT_TheCollector"},{"floor":45,"key":"DeadEye"},{"floor":47,"key":"TuHaoJin"}],"event_choices":[{"damage_healed":0.0,"max_hp_gain":5.0,"max_hp_loss":0.0,"gold_gain":0.0,"event_name":"Big Fish","player_choice":"Donut","floor":4.0,"gold_loss":0.0,"damage_taken":0.0},{"damage_healed":0.0,"max_hp_gain":0.0,"max_hp_loss":0.0,"gold_gain":0.0,"event_name":"Cursed Tome","player_choice":"Obtained Book","floor":19.0,"gold_loss":0.0,"damage_taken":16.0},{"damage_healed":0.0,"max_hp_gain":0.0,"max_hp_loss":0.0,"gold_gain":0.0,"event_name":"HidenRoomEvent","player_choice":"Fight","floor":21.0,"gold_loss":0.0,"damage_taken":0.0},{"damage_healed":0.0,"max_hp_gain":0.0,"max_hp_loss":0.0,"gold_gain":0.0,"event_name":"Upgrade Shrine","player_choice":"Upgraded","floor":28.0,"gold_loss":0.0,"damage_taken":0.0,"cards_upgraded":["Twilight"]},{"damage_healed":0.0,"max_hp_gain":0.0,"max_hp_loss":0.0,"gold_gain":0.0,"event_name":"Tomb of Lord Red Mask","player_choice":"Ignored","floor":39.0,"gold_loss":0.0,"damage_taken":0.0}],"is_beta":false,"boss_relics":[{"not_picked":["REME_DuelDisc","reliquary:KinkedSpring"],"picked":"reliquary:RedPaperclip"},{"not_picked":[]},{"not_picked":["Runic Dome","Snecko Eye"],"picked":"REME_DemonsWealth"},{"not_picked":[]}],"items_purged_floors":[8,20,24,34,38,48],"is_endless":false,"potions_floor_spawned":[1,2,5,10,21,22,23,31,35,37,42],"killed_by":"Awakened One","ascension_level":1}}