{"host":"vyiqbz5w606ur92t","time":1613434130,"event":{"mods":["BaseMod","Downfall","Minty Spire (QoL Compilation)","Relic Stats","StSLib"],"gold_per_floor":[99,116,131,142,153,184,184,184,202,232,252,265,278,306,318,421,421,421,431,451,461,158,178,252,268,300,300,300,326,336,336,336,336],"floor_reached":31,"language":"ENG","playtime":2310,"items_purged":["hexamod:Strike"],"score":462,"play_id":"15e39317-baa0-4295-a253-6cc532d237aa","local_time":"20210216000850","is_ascension_mode":true,"campfire_choices":[{"data":"hexamod:Float","floor":1,"key":"SMITH"},{"data":"hexamod:SearingWound","floor":18,"key":"SMITH"},{"data":"hexamod:GhostOfSpirePast","floor":27,"key":"SMITH"}],"circlet_count":0,"master_deck":["hexamod:Strike","hexamod:Strike","hexamod:Defend","hexamod:Defend","hexamod:Defend","hexamod:Defend","hexamod:Sear","hexamod:Float+1","hexamod:ThermalTransfer","hexamod:EmpoweredFlame","hexamod:HauntingEcho","hexamod:GhostOfSpirePast+1","hexamod:FlamesFromBeyond","hexamod:FourthSeal","hexamod:FastForward","hexamod:SkipABeat","hexamod:ThermalTransfer","hexamod:SearingWound+1","hexamod:FirstSeal","hexamod:BacktrackSmack","hexamod:HeatShield","hexamod:RainOfEmbers","hexamod:ShieldOfDarkness","hexamod:AdvancingGuard","hexamod:Toasty","hexamod:SearingWound+1","hexamod:BurningTouch"],"relics":["Busted Crown","Matryoshka","MealTicket","hexamod:CandleOfCauterizing","Blood Vial","sneckomod:BlankCard","hexamod:IceCube","Membership Card","Smiling Mask","Pear","hexamod:Sixitude","Dream Catcher"],"acts_visited":["Exordium","TheCity"],"potions_floor_usage":[6,12,13,14,14,14,14,16,16,19,23,26,29,29,31,31,31],"damage_taken":[{"damage":3,"enemies":"2 Louse","floor":2,"turns":2},{"damage":1,"enemies":"Cultist","floor":3,"turns":4},{"damage":2,"enemies":"Jaw Worm","floor":4,"turns":3},{"damage":8,"enemies":"Blue Slaver","floor":5,"turns":3},{"damage":12,"enemies":"Gremlin Nob","floor":6,"turns":3},{"damage":4,"enemies":"2 Fungi Beasts","floor":9,"turns":3},{"damage":10,"enemies":"Lagavulin","floor":10,"turns":4},{"damage":5,"enemies":"Exordium Wildlife","floor":11,"turns":3},{"damage":0,"enemies":"Gremlin Gang","floor":12,"turns":3},{"damage":1,"enemies":"downfall:LooterAlt","floor":13,"turns":3},{"damage":13,"enemies":"Gremlin Nob","floor":14,"turns":3},{"damage":4,"enemies":"Red Slaver","floor":15,"turns":3},{"damage":3,"enemies":"WA_ARCHETYPE_RETAIN","floor":16,"turns":4},{"damage":3,"enemies":"3 Byrds","floor":19,"turns":4},{"damage":22,"enemies":"Spheric Guardian","floor":20,"turns":4},{"damage":20,"enemies":"Shelled Parasite and Fungi","floor":21,"turns":4},{"damage":0,"enemies":"downfall:FleeingMerchant","floor":22,"turns":4},{"damage":15,"enemies":"Cultist and Chosen","floor":23,"turns":4},{"damage":3,"enemies":"3 Cultists","floor":25,"turns":4},{"damage":0,"enemies":"Book of Stabbing","floor":26,"turns":3},{"damage":27,"enemies":"Gremlin Leader","floor":29,"turns":5},{"damage":4,"enemies":"Chosen and Byrds","floor":30,"turns":4},{"damage":41,"enemies":"Book of Stabbing","floor":31,"turns":5}],"seed_played":"6902715781939557704","potions_obtained":[{"floor":5,"key":"FearPotion"},{"floor":6,"key":"SkillPotion"},{"floor":9,"key":"LiquidBronze"},{"floor":10,"key":"Explosive Potion"},{"floor":12,"key":"EntropicBrew"},{"floor":14,"key":"DistilledChaos"},{"floor":15,"key":"Block Potion"},{"floor":16,"key":"Explosive Potion"},{"floor":16,"key":"BlessingOfTheForge"},{"floor":19,"key":"Explosive Potion"},{"floor":20,"key":"Strength Potion"},{"floor":21,"key":"Weak Potion"},{"floor":21,"key":"ColorlessPotion"},{"floor":23,"key":"SpeedPotion"},{"floor":25,"key":"DuplicationPotion"},{"floor":25,"key":"LiquidMemories"},{"floor":26,"key":"Dexterity Potion"},{"floor":29,"key":"SneckoOil"},{"floor":29,"key":"DuplicationPotion"}],"is_trial":false,"path_per_floor":["R","M","M","M","M","E","T","?","M","E","M","M","M","E","M","B",null,"R","M","M","M","$","M","T","M","E","R","?","E","M","E"],"character_chosen":"THE_SPIRIT","items_purchased":["Membership Card","hexamod:BacktrackSmack","hexamod:HeatShield","hexamod:RainOfEmbers"],"campfire_rested":0,"item_purchase_floors":[22,22,22,22],"current_hp_per_floor":[63,60,59,57,49,37,37,37,33,23,20,22,23,12,10,9,55,55,54,34,16,40,34,44,50,52,52,52,34,39,0,0,0],"gold":336,"neow_bonus":"BOSS_RELIC","is_daily":false,"chose_seed":false,"campfire_upgraded":3,"win_rate":0.0,"timestamp":1613434130,"path_taken":["R","M","M","M","M","E","T","?","M","E","M","M","M","E","M","BOSS","R","M","M","M","$","M","T","M","E","R","?","E","M","E"],"items_purchased_type":["Relic","Card","Card","Card"],"build_version":"2020-12-22","purchased_purges":1,"victory":false,"max_hp_per_floor":[70,70,70,70,70,70,70,70,70,70,70,70,70,70,70,70,70,70,70,70,70,70,70,80,80,80,80,80,80,80,80,80,80],"relic_stats":{"Blood Vial":32,"Dream Catcher":0,"Busted Crown":44,"counters":[23,82],"MealTicket":15,"Smiling Mask":0,"obtain_stats":[{"hexamod:CandleOfCauterizing":7,"Pear":24,"sneckomod:BlankCard":14,"hexamod:Sixitude":26,"Smiling Mask":24,"Blood Vial":10,"Dream Catcher":29,"Busted Crown":0,"Matryoshka":6,"MealTicket":7,"Membership Card":22,"hexamod:SpiritBrand":0,"hexamod:IceCube":17},{"hexamod:CandleOfCauterizing":5,"Pear":18,"sneckomod:BlankCard":11,"hexamod:Sixitude":20,"Smiling Mask":18,"Blood Vial":7,"Dream Catcher":21,"Busted Crown":0,"Matryoshka":5,"MealTicket":5,"Membership Card":17,"hexamod:SpiritBrand":0,"hexamod:IceCube":13},{"hexamod:CandleOfCauterizing":15,"Pear":61,"sneckomod:BlankCard":34,"hexamod:Sixitude":68,"Smiling Mask":61,"Blood Vial":22,"Dream Catcher":73,"Busted Crown":0,"Matryoshka":15,"MealTicket":15,"Membership Card":57,"hexamod:SpiritBrand":0,"hexamod:IceCube":41}]},"card_choices":[{"not_picked":[],"picked":"hexamod:ThermalTransfer","floor":2},{"not_picked":[],"picked":"hexamod:EmpoweredFlame","floor":3},{"not_picked":[],"picked":"hexamod:HauntingEcho","floor":4},{"not_picked":["hexamod:SpectralAdrenaline"],"picked":"SKIP","floor":5},{"not_picked":[],"picked":"hexamod:GhostOfSpirePast","floor":6},{"not_picked":["hexamod:InspiringFlames"],"picked":"SKIP","floor":9},{"not_picked":[],"picked":"hexamod:FlamesFromBeyond","floor":10},{"not_picked":[],"picked":"hexamod:FourthSeal","floor":11},{"not_picked":["hexamod:GhostShield"],"picked":"SKIP","floor":12},{"not_picked":[],"picked":"hexamod:FastForward","floor":13},{"not_picked":[],"picked":"hexamod:SkipABeat","floor":14},{"not_picked":[],"picked":"hexamod:ThermalTransfer","floor":15},{"not_picked":[],"picked":"hexamod:SearingWound","floor":16},{"not_picked":["hexamod:GhostOfSpireFuture"],"picked":"SKIP","floor":19},{"not_picked":["hexamod:HeatMetal"],"picked":"SKIP","floor":20},{"not_picked":[],"picked":"hexamod:FirstSeal","floor":21},{"not_picked":["hexamod:FastForward"],"picked":"SKIP","floor":22},{"not_picked":[],"picked":"hexamod:ShieldOfDarkness","floor":23},{"not_picked":[],"picked":"hexamod:AdvancingGuard","floor":25},{"not_picked":[],"picked":"hexamod:Toasty","floor":26},{"not_picked":[],"picked":"hexamod:BurningTouch","floor":29},{"not_picked":["hexamod:BacktrackSmack"],"picked":"SKIP","floor":30}],"player_experience":1797702,"relics_obtained":[{"floor":6,"key":"Matryoshka"},{"floor":7,"key":"MealTicket"},{"floor":7,"key":"hexamod:CandleOfCauterizing"},{"floor":10,"key":"Blood Vial"},{"floor":14,"key":"sneckomod:BlankCard"},{"floor":24,"key":"Smiling Mask"},{"floor":24,"key":"Pear"},{"floor":26,"key":"hexamod:Sixitude"},{"floor":29,"key":"Dream Catcher"}],"event_choices":[],"is_beta":false,"boss_relics":[{"not_picked":["Sozu","Philosopher\u0027s Stone"],"picked":"hexamod:IceCube"}],"items_purged_floors":[22],"is_endless":false,"potions_floor_spawned":[5,6,9,10,11,15,16,21,25,26,29,30],"killed_by":"Book of Stabbing","ascension_level":8}}