{"host":"13o02hya6v6rzuva","time":1613504697,"event":{"mods":["BaseMod","Minty Spire (QoL Compilation)","Relic Stats"],"gold_per_floor":[117,134,146,2,22,56,75,102,148,178,210,230,230,240,240,342,342,362,662,305,305,305,333,333,349,373,373,401,411,411,423,423,520,520,537,587,293,310,310,310,324,324,378,378,378,408,408,19,19,19,19,19,19,52,52,52],"floor_reached":55,"language":"ENG","playtime":1866,"items_purged":[],"score":1150,"play_id":"7526ad94-f98f-466b-a696-1ebcc518a7c7","local_time":"20210216204457","is_ascension_mode":true,"campfire_choices":[{"data":"Fire Breathing","floor":13,"key":"SMITH"},{"floor":15,"key":"REST"},{"data":"Berserk","floor":24,"key":"SMITH"},{"floor":27,"key":"REST"},{"floor":32,"key":"REST"},{"floor":40,"key":"RECALL"},{"data":"Fire Breathing","floor":42,"key":"SMITH"},{"data":"Armaments","floor":45,"key":"SMITH"},{"floor":47,"key":"REST"},{"floor":49,"key":"REST"},{"data":"Shockwave","floor":52,"key":"SMITH"}],"circlet_count":0,"master_deck":["AscendersBane","Bash","Bludgeon","Cleave","Flex+1","Whirlwind","Sword Boomerang","Iron Wave","Clothesline","Impervious","Fire Breathing+1","Thunderclap","Wild Strike","Berserk+1","Reaper","Thunderclap","Shockwave+1","Armaments+1","Pummel","Ghostly Armor","Impervious","Whirlwind","Reckless Charge+1","Combust","Fire Breathing+1","Impervious","Infernal Blade+1","Body Slam+1","Writhe","Fire Breathing","Intimidate"],"relics":["Burning Blood","Bronze Scales","War Paint","Gremlin Horn","Toy Ornithopter","Paper Frog","Centennial Puzzle","Pandora\u0027s Box","Old Coin","Kunai","Art of War","Red Skull","Turnip","Akabeko","Sozu","Mango","Juzu Bracelet","Orichalcum","Oddly Smooth Stone","Thread and Needle","Dead Branch"],"acts_visited":["Exordium","TheCity","TheBeyond","TheEnding"],"potions_floor_usage":[6,23,29,33,50],"damage_taken":[{"damage":0,"enemies":"Small Slimes","floor":1,"turns":2},{"damage":9,"enemies":"2 Louse","floor":2,"turns":4},{"damage":12,"enemies":"Jaw Worm","floor":3,"turns":2},{"damage":7,"enemies":"Looter","floor":5,"turns":3},{"damage":15,"enemies":"Gremlin Nob","floor":6,"turns":3},{"damage":0,"enemies":"3 Louse","floor":7,"turns":1},{"damage":17,"enemies":"Lagavulin","floor":8,"turns":5},{"damage":17,"enemies":"3 Sentries","floor":11,"turns":3},{"damage":18,"enemies":"Exordium Wildlife","floor":12,"turns":3},{"damage":4,"enemies":"Looter","floor":14,"turns":4},{"damage":37,"enemies":"Hexaghost","floor":16,"turns":8},{"damage":19,"enemies":"Spheric Guardian","floor":18,"turns":6},{"damage":56,"enemies":"Slavers","floor":23,"turns":4},{"damage":20,"enemies":"Shell Parasite","floor":25,"turns":4},{"damage":47,"enemies":"Book of Stabbing","floor":28,"turns":5},{"damage":10,"enemies":"3 Cultists","floor":29,"turns":4},{"damage":0,"enemies":"Snecko","floor":31,"turns":4},{"damage":35,"enemies":"Collector","floor":33,"turns":8},{"damage":19,"enemies":"3 Darklings","floor":35,"turns":3},{"damage":0,"enemies":"Mind Bloom Boss Battle","floor":36,"turns":6},{"damage":11,"enemies":"Orb Walker","floor":38,"turns":2},{"damage":55,"enemies":"Transient","floor":41,"turns":5},{"damage":40,"enemies":"Nemesis","floor":46,"turns":5},{"damage":112,"enemies":"Donu and Deca","floor":50,"turns":10},{"damage":71,"enemies":"Shield and Spear","floor":54,"turns":8},{"damage":79,"enemies":"The Heart","floor":55,"turns":5}],"seed_played":"-4996689436212669695","potions_obtained":[{"floor":1,"key":"Weak Potion"},{"floor":3,"key":"ElixirPotion"},{"floor":6,"key":"GamblersBrew"},{"floor":7,"key":"BlessingOfTheForge"},{"floor":28,"key":"Fire Potion"},{"floor":29,"key":"DistilledChaos"},{"floor":33,"key":"BloodPotion"}],"is_trial":false,"path_per_floor":["M","M","M","$","M","E","M","E","T","?","E","M","R","M","R","B",null,"M","?","$","?","?","E","R","M","T","R","E","M","T","M","R","B",null,"M","?","$","M","?","R","M","R","T","?","R","E","R","$","R","B",null,"R","$","E","B"],"character_chosen":"IRONCLAD","items_purchased":["Bronze Scales","Kunai","FairyPotion","Juzu Bracelet","Orichalcum","Thread and Needle","Intimidate"],"campfire_rested":5,"item_purchase_floors":[4,20,20,37,37,48,48],"current_hp_per_floor":[78,75,69,69,68,59,65,54,54,54,43,31,31,33,57,26,67,54,54,54,80,80,45,45,31,31,55,14,36,36,42,66,66,77,64,92,92,87,87,87,52,52,52,76,76,42,70,70,94,11,73,73,73,29,0,0],"gold":52,"neow_bonus":"ONE_RANDOM_RARE_CARD","is_daily":false,"chose_seed":false,"campfire_upgraded":5,"win_rate":0.0,"timestamp":1613504697,"path_taken":["M","M","M","$","M","E","M","E","T","?","E","M","R","M","R","BOSS","M","?","$","?","?","E","R","M","T","R","E","M","?","M","R","BOSS","M","?","$","M","?","R","M","R","T","?","R","E","R","$","R","BOSS","R","$","E","BOSS"],"items_purchased_type":["Relic","Relic","Potion","Relic","Relic","Relic","Card"],"build_version":"2020-12-22","purchased_purges":0,"victory":false,"max_hp_per_floor":[80,80,80,80,80,80,80,80,80,80,80,80,80,80,80,80,80,80,80,80,80,80,80,80,80,80,80,80,80,80,80,80,80,80,80,94,94,94,94,94,94,94,94,94,94,94,94,94,94,94,94,94,94,94,94,94],"relic_stats":{"Gremlin Horn":[14,14],"counters":[26,117],"Dead Branch":[7],"Juzu Bracelet":0,"War Paint":["Flex","Defend_R"],"Orichalcum":[96],"Burning Blood":150,"Sozu":4,"Centennial Puzzle":[48],"Bronze Scales":[333],"Pandora\u0027s Box":["Reaper","Thunderclap","Shockwave","Armaments","Warcry","Pummel","Ghostly Armor","Impervious","Whirlwind"],"Turnip":[9],"Art of War":[5],"Kunai":[15],"obtain_stats":[{"Gremlin Horn":8,"Dead Branch":54,"Oddly Smooth Stone":46,"Mango":36,"Thread and Needle":48,"Juzu Bracelet":37,"War Paint":6,"Orichalcum":37,"Burning Blood":0,"Akabeko":30,"Old Coin":19,"Sozu":34,"Centennial Puzzle":11,"Bronze Scales":4,"Pandora\u0027s Box":17,"Turnip":28,"Art of War":23,"Kunai":20,"Toy Ornithopter":9,"Red Skull":26,"Paper Frog":10},{"Gremlin Horn":7,"Dead Branch":25,"Oddly Smooth Stone":23,"Mango":20,"Thread and Needle":23,"Juzu Bracelet":20,"War Paint":5,"Orichalcum":20,"Burning Blood":0,"Akabeko":16,"Old Coin":12,"Sozu":18,"Centennial Puzzle":8,"Bronze Scales":3,"Pandora\u0027s Box":11,"Turnip":15,"Art of War":13,"Kunai":12,"Toy Ornithopter":7,"Red Skull":14,"Paper Frog":7},{"Gremlin Horn":20,"Dead Branch":112,"Oddly Smooth Stone":94,"Mango":82,"Thread and Needle":94,"Juzu Bracelet":82,"War Paint":14,"Orichalcum":82,"Burning Blood":0,"Akabeko":61,"Old Coin":44,"Sozu":73,"Centennial Puzzle":23,"Bronze Scales":8,"Pandora\u0027s Box":38,"Turnip":57,"Art of War":48,"Kunai":44,"Toy Ornithopter":20,"Red Skull":52,"Paper Frog":20}],"Toy Ornithopter":15},"card_choices":[{"not_picked":["Dual Wield","Warcry"],"picked":"Cleave","floor":1},{"not_picked":["Pommel Strike","Havoc"],"picked":"Flex","floor":2},{"not_picked":["Iron Wave","Clash"],"picked":"Whirlwind","floor":3},{"not_picked":["Ghostly Armor","Combust"],"picked":"Sword Boomerang","floor":5},{"not_picked":["Sentinel","Body Slam"],"picked":"Iron Wave","floor":6},{"not_picked":["Dropkick","Iron Wave"],"picked":"Clothesline","floor":7},{"not_picked":["Body Slam","Reckless Charge"],"picked":"Impervious","floor":8},{"not_picked":["Twin Strike","Infernal Blade"],"picked":"Fire Breathing","floor":11},{"not_picked":["Heavy Blade","Burning Pact"],"picked":"Thunderclap","floor":12},{"not_picked":["Warcry","Thunderclap"],"picked":"Wild Strike","floor":14},{"not_picked":["Limit Break","Exhume"],"picked":"Berserk","floor":16},{"not_picked":["Flex+1","Cleave"],"picked":"Reckless Charge+1","floor":18},{"not_picked":["Pommel Strike","Inflame"],"picked":"Combust","floor":23},{"not_picked":["Spot Weakness","Sever Soul"],"picked":"Fire Breathing","floor":25},{"not_picked":["Ghostly Armor","Seeing Red"],"picked":"Impervious","floor":28},{"not_picked":["Iron Wave","Dark Embrace","Havoc"],"picked":"SKIP","floor":29},{"not_picked":["Dropkick","Cleave"],"picked":"Infernal Blade+1","floor":31},{"not_picked":["Twin Strike+1","Body Slam+1","Infernal Blade+1"],"picked":"SKIP","floor":35},{"not_picked":["Sword Boomerang","Berserk","Carnage"],"picked":"SKIP","floor":38},{"not_picked":["Infernal Blade","Havoc"],"picked":"Body Slam+1","floor":41},{"not_picked":["Dark Embrace","Thunderclap"],"picked":"Fire Breathing","floor":46},{"not_picked":["Thunderclap","Twin Strike","Sever Soul"],"picked":"SKIP","floor":54}],"player_experience":1226734,"relics_obtained":[{"floor":6,"key":"War Paint"},{"floor":8,"key":"Gremlin Horn"},{"floor":9,"key":"Toy Ornithopter"},{"floor":11,"key":"Centennial Puzzle"},{"floor":23,"key":"Art of War"},{"floor":26,"key":"Red Skull"},{"floor":28,"key":"Turnip"},{"floor":30,"key":"Akabeko"},{"floor":36,"key":"Mango"},{"floor":46,"key":"Oddly Smooth Stone"},{"floor":54,"key":"Dead Branch"}],"event_choices":[{"damage_healed":0,"gold_gain":30,"player_choice":"Searched \u00273\u0027 times","damage_taken":0,"relics_obtained":["Paper Frog"],"max_hp_gain":0,"max_hp_loss":0,"event_name":"Dead Adventurer","floor":10,"gold_loss":0},{"damage_healed":0,"gold_gain":0,"player_choice":"Opened","damage_taken":0,"relics_obtained":["Old Coin"],"max_hp_gain":0,"max_hp_loss":0,"event_name":"The Mausoleum","floor":19,"gold_loss":0},{"damage_healed":26,"gold_gain":0,"player_choice":"Heal","damage_taken":0,"max_hp_gain":0,"max_hp_loss":0,"event_name":"The Library","floor":21,"gold_loss":0},{"cards_removed":["Warcry"],"damage_healed":0,"gold_gain":0,"player_choice":"Elegance","damage_taken":0,"max_hp_gain":0,"max_hp_loss":0,"event_name":"Back to Basics","floor":22,"gold_loss":0},{"damage_healed":0,"gold_gain":0,"player_choice":"Fight","damage_taken":0,"max_hp_gain":0,"max_hp_loss":0,"event_name":"MindBloom","floor":36,"gold_loss":0},{"damage_healed":0,"gold_gain":0,"player_choice":"Ignored","damage_taken":0,"max_hp_gain":0,"max_hp_loss":0,"event_name":"Tomb of Lord Red Mask","floor":39,"gold_loss":0},{"damage_healed":24,"gold_gain":0,"player_choice":"Writhe","damage_taken":0,"max_hp_gain":0,"max_hp_loss":0,"event_name":"Winding Halls","floor":44,"gold_loss":0,"cards_obtained":["Writhe"]}],"is_beta":false,"boss_relics":[{"not_picked":["Busted Crown","Velvet Choker"],"picked":"Pandora\u0027s Box"},{"not_picked":["Runic Cube","Cursed Key"],"picked":"Sozu"}],"items_purged_floors":[],"is_endless":false,"potions_floor_spawned":[1,3,6,7,12,28,29,33,35,41,46,54],"killed_by":"The Heart","ascension_level":12}}