{"host":"x730sfaw5rd1mxd8","time":1613433880,"event":{"mods":["BaseMod","BetterRewards","Colored Powertips","Highlight Path","Minty Spire (QoL Compilation)","Relic Sorter","Relic Stats","Replay The Spire","StSLib"],"gold_per_floor":[113,132,132,132,77,110,110,144,144,160,195,195,195,220,220,309,309,334,359,374,390,403,439,439,478,478,478,478,521,521,565,565,661,661,682,697,718,741,761,797,852,885,885,951,970,1001,469,484,484,484,484,484,484,126,157,157],"floor_reached":57,"language":"ENG","playtime":3449,"items_purged":["Strike_R","Strike_R","Strike_R+1","Defend_R"],"score":3934,"play_id":"4567ebfe-02fb-49cc-bdec-a42610839ad4","local_time":"20210215190440","is_ascension_mode":true,"campfire_choices":[{"floor":7,"key":"REST"},{"data":"Neutralize","floor":13,"key":"SMITH"},{"data":"Inflame","floor":15,"key":"SMITH"},{"floor":24,"key":"RECALL"},{"data":"Feel No Pain","floor":27,"key":"SMITH"},{"data":"Feel No Pain","floor":30,"key":"SMITH"},{"data":"Strike_R","floor":32,"key":"PURGE"},{"data":"Corruption","floor":49,"key":"SMITH"},{"data":"Feel No Pain","floor":53,"key":"SMITH"}],"circlet_count":0,"master_deck":["AscendersBane","Defend_R+1","Defend_R+1","True Grit+1","Feel No Pain+1","Shockwave+1","Twin Strike+1","Spot Weakness+1","Eclipse+1","Shrug It Off+1","Havoc+1","Sentinel+1","True Grit+1","Inflame+1","Survivor+1","Neutralize+1","Eclipse+1","Offering+1","Havoc+1","Feel No Pain+1","Eclipse+1","Feel No Pain+1","Corruption+1","True Grit+1","Havoc+1","Fiend Fire","Shrug It Off+1","Havoc+1","Havoc+1","Shrug It Off+1","Exhume+1","Sentinel+1","Shrug It Off+1","Purity+1"],"relics":["Burning Blood","InkBottle","Toxic Egg 2","FossilizedHelix","Orrery","Pantograph","Sling","Dead Branch","Golden Idol","Quantum Egg","Pocketwatch","Replay:Ringing Soul","War Paint","ChewingGum","White Beast Statue","Durian","Letter Opener","Whetstone","Pear","Empty Cage","Boot","Centennial Puzzle","The Courier","Girya","ReplayTheSpireMod:Shallot","Magic Flower","Chameleon Ring"],"acts_visited":["Exordium","TheCity","TheBeyond","TheEnding"],"potions_floor_usage":[23,56],"damage_taken":[{"damage":0,"enemies":"Small Slimes","floor":1,"turns":2},{"damage":0,"enemies":"2 Louse","floor":2,"turns":1},{"damage":0,"enemies":"Lagavulin","floor":6,"turns":4},{"damage":8,"enemies":"Replay:BlueRogue","floor":8,"turns":2},{"damage":0,"enemies":"Jaw Worm","floor":10,"turns":3},{"damage":0,"enemies":"3 Sentries","floor":11,"turns":5},{"damage":0,"enemies":"2 Fungi Beasts","floor":14,"turns":4},{"damage":0,"enemies":"Slime Boss","floor":16,"turns":4},{"damage":0,"enemies":"3 Byrds","floor":18,"turns":2},{"damage":0,"enemies":"Shell Parasite","floor":19,"turns":3},{"damage":0,"enemies":"Sentry and Sphere","floor":20,"turns":2},{"damage":0,"enemies":"3 Cultists","floor":21,"turns":3},{"damage":0,"enemies":"Centurion and Healer","floor":22,"turns":4},{"damage":0,"enemies":"Book of Stabbing","floor":23,"turns":2},{"damage":0,"enemies":"Gremlin Leader","floor":25,"turns":3},{"damage":0,"enemies":"Replay:Snechameleon","floor":29,"turns":2},{"damage":0,"enemies":"Book of Stabbing","floor":31,"turns":1},{"damage":0,"enemies":"Collector","floor":33,"turns":2},{"damage":3,"enemies":"3 Shapes","floor":35,"turns":1},{"damage":0,"enemies":"Orb Walker","floor":36,"turns":2},{"damage":0,"enemies":"Spire Growth","floor":37,"turns":2},{"damage":0,"enemies":"Writhing Mass","floor":38,"turns":4},{"damage":0,"enemies":"3 Darklings","floor":39,"turns":1},{"damage":0,"enemies":"Nemesis","floor":40,"turns":5},{"damage":0,"enemies":"R_Hoarder","floor":42,"turns":5},{"damage":0,"enemies":"2 Orb Walkers","floor":44,"turns":2},{"damage":0,"enemies":"Transient","floor":45,"turns":5},{"damage":0,"enemies":"Giant Head","floor":46,"turns":2},{"damage":0,"enemies":"Maw","floor":48,"turns":3},{"damage":0,"enemies":"Replay:Hell Engine","floor":50,"turns":2},{"damage":0,"enemies":"Donu and Deca","floor":51,"turns":1},{"damage":7,"enemies":"Shield and Spear","floor":55,"turns":4},{"damage":0,"enemies":"The Heart","floor":56,"turns":4}],"seed_played":"8886555166057644294","potions_obtained":[{"floor":1,"key":"SteroidPotion"},{"floor":16,"key":"Adrenaline Potion"},{"floor":25,"key":"BlessingOfTheForge"},{"floor":29,"key":"Flashbang"},{"floor":33,"key":"Block Potion"},{"floor":35,"key":"Energy Potion"}],"is_trial":false,"path_per_floor":["M","M","?","?","$","E","R","E","T","M","E","?","R","M","R","B",null,"M","M","M","M","M","E","R","E","T","R","?","E","R","E","R","B",null,"M","M","M","M","M","E","?","E","T","?","M","E","$","M","R","B","B",null,"R","$","E","B",null],"character_chosen":"IRONCLAD","items_purchased":["Toxic Egg 2","True Grit+1","Feel No Pain","FossilizedHelix","Shockwave+1","Twin Strike","Orrery","Shrug It Off+1","Pantograph","Sling","Havoc+1","True Grit+1","Magic Flower","Shrug It Off+1","Havoc+1","Havoc+1","Shrug It Off+1","Sentinel+1","PowerPotion","Shrug It Off+1","Purity+1"],"campfire_rested":1,"item_purchase_floors":[0,0,0,0,0,0,0,0,0,0,0,5,47,47,47,47,47,54,54,54,54],"current_hp_per_floor":[74,75,49,31,31,37,59,57,57,66,72,75,75,84,84,87,87,90,97,97,97,100,100,100,108,108,108,108,108,108,118,118,121,121,121,121,121,121,124,124,75,81,81,90,99,105,108,120,120,136,136,136,136,139,139,139],"gold":157,"neow_bonus":"","is_daily":false,"chose_seed":false,"campfire_upgraded":6,"win_rate":0.0,"timestamp":1613433880,"path_taken":["M","M","?","?","$","E","R","E","T","M","E","?","R","M","R","BOSS","M","M","M","M","M","E","R","E","T","R","?","E","R","E","R","BOSS","M","M","M","M","M","E","?","E","T","?","M","E","?","M","R","BOSS","BOSS","R","$","E","BOSS"],"items_purchased_type":["Relic","Card","Card","Relic","Card","Card","Relic","Card","Relic","Relic","Card","Card","Relic","Card","Card","Card","Card","Card","Potion","Card","Card"],"build_version":"2020-12-22","purchased_purges":4,"victory":true,"max_hp_per_floor":[75,75,75,75,75,75,75,75,75,78,78,81,81,84,84,87,87,90,97,97,97,100,100,100,108,108,108,108,108,108,118,118,121,121,121,121,121,121,124,124,124,124,124,127,130,130,133,136,136,136,136,136,136,139,139,139],"relic_stats":{"counters":[737,3327],"Golden Idol":254,"Dead Branch":[670],"Magic Flower":[48],"Letter Opener":[485],"Whetstone":["Twin Strike","Strike_R"],"War Paint":["Defend_R","Defend_R"],"Boot":[345],"Burning Blood":2583,"Centennial Puzzle":[3],"Pantograph":16,"obtain_stats":[{"Golden Egg":8,"Replay:Accelerometer":52,"Whetstone":14,"Ginger":6,"Bottled Tornado":44,"Boot":53,"Sling":0,"Old Coin":47,"Ring of Searing":4,"Blood Vial":20,"Replay:Wanted Poster":34,"Replay:Ringing Soul":54,"Sundial":28,"Replay:Bronze Core":34,"MealTicket":27,"Fusion Hammer":19,"Replay:Bottled Flurry":0,"Necronomicon":21,"Kunai":53,"Replay:Wax Seal":43,"Electric Blood":17,"Replay:Bottled Steam":6,"Runic Cube":17,"Pear":9,"Blue Candle":30,"Counterbalance":11,"Velvet Choker":19,"Eternal Feather":9,"Akabeko":27,"SlaversCollar":17,"Bird Faced Urn":12,"Snecko Eye":17,"Pandora\u0027s Box":34,"Mark of Pain":0,"Kintsugi":17,"StrikeDummy":0,"Abe\u0027s Treasure":17,"Unceasing Top":49,"Regal Pillow":9,"Lantern":14,"Singing Bowl":10,"Torii":0,"Magic Flower":11,"StoneCalendar":14,"Painkiller Herb":17,"Blue Doll":27,"King of Hearts":12,"Bag of Preparation":9,"Cursed Key":34,"Smiling Mask":24,"Ancient Tea Set":40,"Burning Blood":0,"Pet Ghost":23,"Replay:Rubber Ducky":0,"Matryoshka":0,"Shovel":46,"WingedGreaves":8,"Chemical X":41,"Replay:Bottled Eggs":27,"Ring of Panic":45,"InkBottle":26,"Paper Frog":9,"Potion Belt":48,"Lee\u0027s Waffle":20,"Golden Idol":11,"Self Forming Clay":7,"Thread and Needle":50,"The Courier":14,"PreservedInsect":22,"Omamori":40,"Ring of Greed":45,"Frozen Egg 2":0,"MawBank":26,"Busted Crown":17,"Ornamental Fan":50,"Ring of Misfortune":20,"Orrery":0,"Turnip":46,"Art of War":40,"Garlic":32,"Durian":25,"Champion Belt":56,"Bottled Lightning":9,"ReplayTheSpireMod:Lightbulb":0,"Toy Ornithopter":25,"Ice Cream":14,"Divine Protection":42,"Calipers":6,"Tiny House":17,"Gremlin Horn":9,"CeramicFish":43,"Vajra":0,"Sozu":17,"Centennial Puzzle":9,"Lizard Tail":38,"HornCleat":28,"DollysMirror":43,"Strawberry":28,"Honey Jar":17,"Philosopher\u0027s Stone":17,"Iron Hammer":0,"Toxic Egg 2":9,"Girya":19,"Happy Flower":27,"Ring of Hypnosis":4,"ReplayTheSpireMod:CursedCoin":0,"Dead Branch":13,"Replay:Grab Bag":17,"Oddly Smooth Stone":26,"Charon\u0027s Ashes":39,"Letter Opener":25,"Replay:Kaleidoscope":50,"War Paint":8,"Question Card":0,"OrangePellets":53,"Replay:Baseball":38,"ReplayTheSpireMod:Spearhead":24,"ReplayTheSpireMod:Shallot":30,"Shuriken":55,"Bronze Scales":12,"Simple Rune":28,"Onion Ring":45,"Molten Egg 2":7,"ReplayTheSpireMod:TigerMarble":13,"Black Star":17,"Grinning Jar":25,"Pocketwatch":0,"Meat on the Bone":43,"NlothsMask":30,"Darkstone Periapt":5,"ReplayFunnel":19,"Iron Core":3,"Replay:PocketPolymizer":34,"Black Blood":17,"Mango":6,"Juzu Bracelet":42,"Incense Burner":12,"Replay:Mystery Machine":0,"Empty Cage":34,"ClockworkSouvenir":0,"Dream Catcher":43,"Nunchaku":38,"Replay:Bandana":0,"TheAbacus":0,"Chameleon Ring":24,"Mummified Hand":0,"Pantograph":23,"Gambling Chip":24,"Replay:Bottled Snecko":6,"Red Skull":6,"Runic Pyramid":34,"Gremlin Food":0,"BargainBundle":0,"ReplayTheSpireMod:Ninjato":0,"Replay:Towering Pillar of Hats":0,"Quantum Egg":32,"Guide Book":53,"Replay:WaspNest":0,"Orichalcum":48,"Odd Mushroom":10,"Medical Kit":53,"White Beast Statue":0,"Mercury Hourglass":43,"Calling Bell":34,"Cauldron":54,"Strange Spoon":47,"Anchor":10,"CaptainsWheel":49,"ChewingGum":17,"Another Sword":42,"Snack Pack":8,"Bag of Marbles":12,"Membership Card":0,"TungstenRod":40,"FossilizedHelix":28},{"Golden Egg":68,"Replay:Accelerometer":153,"Whetstone":70,"Ginger":401,"Bottled Tornado":247,"Boot":153,"Sling":360,"Old Coin":88,"Ring of Searing":546,"Blood Vial":26,"Replay:Wanted Poster":241,"Replay:Ringing Soul":220,"Sundial":108,"Replay:Bronze Core":311,"MealTicket":58,"Fusion Hammer":456,"Replay:Bottled Flurry":251,"Necronomicon":590,"Kunai":153,"Replay:Wax Seal":438,"Electric Blood":51,"Replay:Bottled Steam":364,"Runic Cube":682,"Pear":347,"Blue Candle":30,"Counterbalance":349,"Velvet Choker":72,"Eternal Feather":255,"Akabeko":138,"SlaversCollar":24,"Bird Faced Urn":22,"Snecko Eye":520,"Pandora\u0027s Box":208,"Mark of Pain":0,"Kintsugi":352,"StrikeDummy":543,"Abe\u0027s Treasure":102,"Unceasing Top":120,"Regal Pillow":275,"Lantern":324,"Singing Bowl":21,"Torii":186,"Magic Flower":49,"StoneCalendar":166,"Painkiller Herb":259,"Blue Doll":358,"King of Hearts":277,"Bag of Preparation":68,"Cursed Key":31,"Smiling Mask":106,"Ancient Tea Set":437,"Burning Blood":0,"Pet Ghost":56,"Replay:Rubber Ducky":93,"Matryoshka":93,"Shovel":151,"WingedGreaves":255,"Chemical X":114,"Replay:Bottled Eggs":78,"Ring of Panic":635,"InkBottle":377,"Paper Frog":226,"Potion Belt":119,"Lee\u0027s Waffle":340,"Golden Idol":5,"Self Forming Clay":97,"Thread and Needle":90,"The Courier":7,"PreservedInsect":11,"Omamori":245,"Ring of Greed":635,"Frozen Egg 2":14,"MawBank":106,"Busted Crown":8,"Ornamental Fan":120,"Ring of Misfortune":590,"Orrery":330,"Turnip":38,"Art of War":36,"Garlic":109,"Durian":719,"Champion Belt":92,"Bottled Lightning":129,"ReplayTheSpireMod:Lightbulb":93,"Toy Ornithopter":306,"Ice Cream":23,"Divine Protection":148,"Calipers":294,"Tiny House":619,"Gremlin Horn":20,"CeramicFish":115,"Vajra":221,"Sozu":338,"Centennial Puzzle":5,"Lizard Tail":567,"HornCleat":625,"DollysMirror":469,"Strawberry":13,"Honey Jar":231,"Philosopher\u0027s Stone":167,"Iron Hammer":155,"Toxic Egg 2":192,"Girya":134,"Happy Flower":203,"Ring of Hypnosis":546,"ReplayTheSpireMod:CursedCoin":155,"Dead Branch":165,"Replay:Grab Bag":279,"Oddly Smooth Stone":57,"Charon\u0027s Ashes":213,"Letter Opener":266,"Replay:Kaleidoscope":474,"War Paint":163,"Question Card":221,"OrangePellets":219,"Replay:Baseball":83,"ReplayTheSpireMod:Spearhead":202,"ReplayTheSpireMod:Shallot":206,"Shuriken":91,"Bronze Scales":6,"Simple Rune":78,"Onion Ring":116,"Molten Egg 2":226,"ReplayTheSpireMod:TigerMarble":132,"Black Star":407,"Grinning Jar":137,"Pocketwatch":41,"Meat on the Bone":601,"NlothsMask":690,"Darkstone Periapt":18,"ReplayFunnel":103,"Iron Core":188,"Replay:PocketPolymizer":433,"Black Blood":279,"Mango":19,"Juzu Bracelet":87,"Incense Burner":131,"Replay:Mystery Machine":93,"Empty Cage":722,"ClockworkSouvenir":123,"Dream Catcher":37,"Nunchaku":83,"Replay:Bandana":123,"TheAbacus":61,"Chameleon Ring":170,"Mummified Hand":155,"Pantograph":12,"Gambling Chip":27,"Replay:Bottled Snecko":161,"Red Skull":47,"Runic Pyramid":142,"Gremlin Food":155,"BargainBundle":251,"ReplayTheSpireMod:Ninjato":477,"Replay:Towering Pillar of Hats":444,"Quantum Egg":80,"Guide Book":249,"Replay:WaspNest":93,"Orichalcum":218,"Odd Mushroom":422,"Medical Kit":394,"White Beast Statue":155,"Mercury Hourglass":181,"Calling Bell":433,"Cauldron":574,"Strange Spoon":636,"Anchor":69,"CaptainsWheel":152,"ChewingGum":279,"Another Sword":181,"Snack Pack":48,"Bag of Marbles":257,"Membership Card":93,"TungstenRod":214,"FossilizedHelix":239},{"Golden Egg":270,"Replay:Accelerometer":693,"Whetstone":276,"Ginger":1860,"Bottled Tornado":1111,"Boot":693,"Sling":1690,"Old Coin":374,"Ring of Searing":2535,"Blood Vial":107,"Replay:Wanted Poster":1084,"Replay:Ringing Soul":1002,"Sundial":475,"Replay:Bronze Core":1396,"MealTicket":230,"Fusion Hammer":2097,"Replay:Bottled Flurry":1133,"Necronomicon":2746,"Kunai":693,"Replay:Wax Seal":2016,"Electric Blood":208,"Replay:Bottled Steam":1707,"Runic Cube":3141,"Pear":1608,"Blue Candle":123,"Counterbalance":1619,"Velvet Choker":287,"Eternal Feather":1149,"Akabeko":613,"SlaversCollar":100,"Bird Faced Urn":86,"Snecko Eye":2418,"Pandora\u0027s Box":935,"Mark of Pain":0,"Kintsugi":1635,"StrikeDummy":2528,"Abe\u0027s Treasure":449,"Unceasing Top":539,"Regal Pillow":1226,"Lantern":1469,"Singing Bowl":82,"Torii":830,"Magic Flower":200,"StoneCalendar":746,"Painkiller Herb":1169,"Blue Doll":1675,"King of Hearts":1234,"Bag of Preparation":270,"Cursed Key":130,"Smiling Mask":466,"Ancient Tea Set":2011,"Burning Blood":0,"Pet Ghost":224,"Replay:Rubber Ducky":411,"Matryoshka":411,"Shovel":679,"WingedGreaves":1149,"Chemical X":510,"Replay:Bottled Eggs":311,"Ring of Panic":2961,"InkBottle":1760,"Paper Frog":1023,"Potion Belt":538,"Lee\u0027s Waffle":1566,"Golden Idol":17,"Self Forming Clay":425,"Thread and Needle":385,"The Courier":25,"PreservedInsect":40,"Omamori":1101,"Ring of Greed":2961,"Frozen Egg 2":51,"MawBank":466,"Busted Crown":30,"Ornamental Fan":539,"Ring of Misfortune":2746,"Orrery":1509,"Turnip":156,"Art of War":146,"Garlic":481,"Durian":3279,"Champion Belt":400,"Bottled Lightning":578,"ReplayTheSpireMod:Lightbulb":411,"Toy Ornithopter":1366,"Ice Cream":93,"Divine Protection":660,"Calipers":1310,"Tiny House":2877,"Gremlin Horn":78,"CeramicFish":521,"Vajra":1010,"Sozu":1554,"Centennial Puzzle":17,"Lizard Tail":2618,"HornCleat":2908,"DollysMirror":2147,"Strawberry":48,"Honey Jar":1045,"Philosopher\u0027s Stone":751,"Iron Hammer":713,"Toxic Egg 2":857,"Girya":598,"Happy Flower":908,"Ring of Hypnosis":2535,"ReplayTheSpireMod:CursedCoin":713,"Dead Branch":743,"Replay:Grab Bag":1251,"Oddly Smooth Stone":226,"Charon\u0027s Ashes":957,"Letter Opener":1198,"Replay:Kaleidoscope":2176,"War Paint":736,"Question Card":1010,"OrangePellets":999,"Replay:Baseball":343,"ReplayTheSpireMod:Spearhead":903,"ReplayTheSpireMod:Shallot":922,"Shuriken":395,"Bronze Scales":20,"Simple Rune":311,"Onion Ring":524,"Molten Egg 2":1023,"ReplayTheSpireMod:TigerMarble":589,"Black Star":1894,"Grinning Jar":609,"Pocketwatch":170,"Meat on the Bone":2794,"NlothsMask":3172,"Darkstone Periapt":65,"ReplayFunnel":454,"Iron Core":838,"Replay:PocketPolymizer":1997,"Black Blood":1251,"Mango":73,"Juzu Bracelet":367,"Incense Burner":585,"Replay:Mystery Machine":411,"Empty Cage":3284,"ClockworkSouvenir":554,"Dream Catcher":151,"Nunchaku":343,"Replay:Bandana":554,"TheAbacus":244,"Chameleon Ring":764,"Mummified Hand":713,"Pantograph":44,"Gambling Chip":111,"Replay:Bottled Snecko":730,"Red Skull":189,"Runic Pyramid":629,"Gremlin Food":713,"BargainBundle":1133,"ReplayTheSpireMod:Ninjato":2194,"Replay:Towering Pillar of Hats":2046,"Quantum Egg":320,"Guide Book":1122,"Replay:WaspNest":411,"Orichalcum":988,"Odd Mushroom":1954,"Medical Kit":1829,"White Beast Statue":713,"Mercury Hourglass":808,"Calling Bell":1997,"Cauldron":2662,"Strange Spoon":2965,"Anchor":273,"CaptainsWheel":682,"ChewingGum":1251,"Another Sword":808,"Snack Pack":196,"Bag of Marbles":1159,"Membership Card":411,"TungstenRod":963,"FossilizedHelix":1074}],"InkBottle":[25],"Pocketwatch":[41]},"card_choices":[{"not_picked":["Shrug It Off+1","Anger"],"picked":"Spot Weakness+1","floor":0},{"not_picked":["Clothesline","Clash"],"picked":"Eclipse+1","floor":0},{"not_picked":["Body Slam","Headbutt"],"picked":"Sentinel+1","floor":1},{"not_picked":["Headbutt","Dual Wield+1","ReplayReversal+1"],"picked":"SKIP","floor":2},{"not_picked":["Metallicize","Dark Embrace","Reaper"],"picked":"SKIP","floor":6},{"not_picked":["Entrench+1","Dropkick","Demonic Infusion+1"],"picked":"SKIP","floor":8},{"not_picked":["Wild Strike","True Grit+1"],"picked":"Inflame","floor":10},{"not_picked":["Thunderclap","Headbutt","Evolve"],"picked":"SKIP","floor":11},{"not_picked":["Heavy Blade","Battle Trance+1"],"picked":"Eclipse+1","floor":14},{"not_picked":["Fiend Fire","Immolate"],"picked":"Offering+1","floor":16},{"not_picked":["ReplayTheSpireMod:Limb From Limb","Evolve"],"picked":"Havoc+1","floor":18},{"not_picked":["Twin Strike","Anger"],"picked":"Feel No Pain","floor":19},{"not_picked":["Flex+1","Flame Barrier+1","Armaments+1"],"picked":"SKIP","floor":20},{"not_picked":["Searing Blow","Hemokinesis+1","Clothesline"],"picked":"SKIP","floor":21},{"not_picked":["Flex+1","Iron Wave"],"picked":"Eclipse+1","floor":22},{"not_picked":["Run Through+1","ReplayTheSpireMod:Corrosion Curse+1","Pommel Strike"],"picked":"SKIP","floor":23},{"not_picked":["Cleave","Havoc+1"],"picked":"Feel No Pain","floor":25},{"not_picked":["Wild Strike","ReplayTheSpireMod:Strike From Hell","Infernal Blade+1"],"picked":"SKIP","floor":29},{"not_picked":["Heavy Blade+1","Flame Barrier+1","Hemokinesis"],"picked":"SKIP","floor":31},{"not_picked":["Reaper","Replay:Many Hands+1"],"picked":"Corruption","floor":33},{"not_picked":["ReplayTheSpireMod:LeadingStrike","Body Slam+1","Clash"],"picked":"SKIP","floor":35},{"not_picked":["ReplayTheSpireMod:LeadingStrike","Body Slam+1","Clash"],"picked":"SKIP","floor":35},{"not_picked":["Reckless Charge","ReplayTheSpireMod:LeadingStrike+1","Cleave"],"picked":"SKIP","floor":36},{"not_picked":["Twin Strike","Uppercut+1","Sword Boomerang"],"picked":"SKIP","floor":37},{"not_picked":["Cleave","Sword Boomerang","Uppercut"],"picked":"SKIP","floor":38},{"not_picked":["Reckless Charge","Perfected Strike"],"picked":"True Grit+1","floor":39},{"not_picked":["Uppercut+1","Massacre","Demonic Infusion+1"],"picked":"SKIP","floor":40},{"not_picked":["Wild Strike","Shockwave+1","Iron Wave"],"picked":"SKIP","floor":42},{"not_picked":["Pommel Strike","Sword Boomerang+1"],"picked":"Havoc+1","floor":44},{"not_picked":["Dark Embrace","Replay:Undeath\u0027s Touch"],"picked":"Fiend Fire","floor":45},{"not_picked":["ReplayTheSpireMod:LeadingStrike","Carnage","ReplayTheSpireMod:Strike From Hell"],"picked":"SKIP","floor":46},{"not_picked":["Thunderclap","Pommel Strike"],"picked":"Exhume+1","floor":48},{"not_picked":["ReplayTheSpireMod:Strike From Hell","Flex+1","Dual Wield+1"],"picked":"SKIP","floor":55}],"player_experience":4166979,"relics_obtained":[{"floor":6,"key":"Pocketwatch"},{"floor":8,"key":"Replay:Ringing Soul"},{"floor":11,"key":"War Paint"},{"floor":23,"key":"White Beast Statue"},{"floor":25,"key":"Durian"},{"floor":26,"key":"Letter Opener"},{"floor":29,"key":"Whetstone"},{"floor":31,"key":"Pear"},{"floor":40,"key":"Boot"},{"floor":41,"key":"Centennial Puzzle"},{"floor":42,"key":"The Courier"},{"floor":43,"key":"InkBottle"},{"floor":44,"key":"Girya"},{"floor":46,"key":"ReplayTheSpireMod:Shallot"},{"floor":55,"key":"Chameleon Ring"}],"event_choices":[{"damage_healed":0,"gold_gain":0,"player_choice":"Take Damage","damage_taken":26,"relics_obtained":["Golden Idol"],"max_hp_gain":0,"max_hp_loss":0,"event_name":"Golden Idol","floor":3,"gold_loss":0},{"damage_healed":0,"gold_gain":0,"player_choice":"Success","damage_taken":18,"relics_obtained":["Quantum Egg"],"max_hp_gain":0,"max_hp_loss":0,"event_name":"Scrap Ooze","floor":4,"gold_loss":0},{"damage_healed":0,"gold_gain":0,"player_choice":"Ignored","damage_taken":0,"max_hp_gain":0,"max_hp_loss":0,"event_name":"The Mausoleum","floor":28,"gold_loss":0},{"damage_healed":0,"gold_gain":0,"player_choice":"Fight","damage_taken":0,"max_hp_gain":0,"max_hp_loss":0,"event_name":"Mysterious Sphere","floor":44,"gold_loss":0}],"is_beta":false,"boss_relics":[{"not_picked":["ReplayTheSpireMod:DimensionalGlitch","Philosopher\u0027s Stone"],"picked":"ChewingGum"},{"not_picked":["Kintsugi","Ring of Chaos"],"picked":"Empty Cage"}],"items_purged_floors":[0,0,47,54],"is_endless":false,"potions_floor_spawned":[1,16,18,19,25,29,31,33,35,36,37,38,39,40,42,44,45,46,48,55],"ascension_level":20}}