{"host":"oi6p1guiqfwwvxym","time":1613452728,"event":{"mods":["BaseMod","Bestiary","Colored Map","Minty Spire (QoL Compilation)","Relic Stats"],"gold_per_floor":[117,129,129,149,164,164,197,197,197,215,227,252,270,285,285,363,363,380,380,380,380],"floor_reached":20,"language":"ENG","playtime":884,"items_purged":[],"score":376,"play_id":"1d46b81d-1aff-431b-a645-fd8786f5a236","local_time":"20210215211848","is_ascension_mode":true,"campfire_choices":[{"data":"Bash","floor":6,"key":"SMITH"},{"data":"Offering","floor":8,"key":"SMITH"},{"data":"Shockwave","floor":15,"key":"SMITH"}],"circlet_count":0,"master_deck":["AscendersBane","Strike_R","Strike_R","Strike_R","Strike_R","Defend_R","Defend_R","Defend_R","Defend_R","Bash+1","Pommel Strike","True Grit","Pummel","Offering+1","Dropkick","Shockwave+1","Second Wind","Immolate","Pommel Strike+1"],"relics":["Burning Blood","NeowsBlessing","Mummified Hand","Matryoshka","Blue Candle","Philosopher\u0027s Stone"],"acts_visited":["Exordium","TheCity"],"potions_floor_usage":[10,12,12,16],"damage_taken":[{"damage":0,"enemies":"2 Louse","floor":1,"turns":1},{"damage":0,"enemies":"Jaw Worm","floor":2,"turns":1},{"damage":0,"enemies":"Cultist","floor":4,"turns":1},{"damage":8,"enemies":"3 Louse","floor":5,"turns":6},{"damage":32,"enemies":"Gremlin Nob","floor":7,"turns":4},{"damage":15,"enemies":"Blue Slaver","floor":10,"turns":4},{"damage":6,"enemies":"2 Fungi Beasts","floor":11,"turns":2},{"damage":24,"enemies":"Lagavulin","floor":12,"turns":4},{"damage":3,"enemies":"Red Slaver","floor":13,"turns":4},{"damage":7,"enemies":"3 Louse","floor":14,"turns":4},{"damage":42,"enemies":"The Guardian","floor":16,"turns":16},{"damage":37,"enemies":"Shell Parasite","floor":18,"turns":4},{"damage":32,"enemies":"Spheric Guardian","floor":20,"turns":3}],"seed_played":"4842474319280789775","potions_obtained":[{"floor":2,"key":"Regen Potion"},{"floor":7,"key":"BloodPotion"},{"floor":10,"key":"SneckoOil"},{"floor":11,"key":"Fire Potion"},{"floor":13,"key":"HeartOfIron"}],"is_trial":false,"path_per_floor":["M","M","?","M","M","R","E","R","T","M","M","E","M","M","R","B",null,"M","?","M"],"character_chosen":"IRONCLAD","items_purchased":[],"campfire_rested":0,"item_purchase_floors":[],"current_hp_per_floor":[74,75,68,74,72,72,46,46,46,52,52,46,49,48,48,12,59,28,22,0,0],"gold":380,"neow_bonus":"THREE_ENEMY_KILL","is_daily":false,"chose_seed":false,"campfire_upgraded":3,"win_rate":0.0,"timestamp":1613452728,"path_taken":["M","M","?","M","M","R","E","R","T","M","M","E","M","M","R","BOSS","M","?","?"],"items_purchased_type":[],"build_version":"2020-12-22","purchased_purges":0,"victory":false,"max_hp_per_floor":[75,75,75,75,75,75,75,75,75,75,75,75,75,75,75,75,75,75,75,75,75],"relic_stats":{"counters":[13,54],"Mummified Hand":[0],"Blue Candle":[0],"obtain_stats":[{"Matryoshka":9,"NeowsBlessing":0,"Mummified Hand":7,"Blue Candle":12,"Philosopher\u0027s Stone":17,"Burning Blood":0},{"Matryoshka":5,"NeowsBlessing":0,"Mummified Hand":5,"Blue Candle":8,"Philosopher\u0027s Stone":11,"Burning Blood":0},{"Matryoshka":13,"NeowsBlessing":0,"Mummified Hand":13,"Blue Candle":23,"Philosopher\u0027s Stone":47,"Burning Blood":0}],"Burning Blood":67},"card_choices":[{"not_picked":["Anger","Twin Strike"],"picked":"Pommel Strike","floor":1},{"not_picked":["Flex","Havoc","Double Tap"],"picked":"SKIP","floor":2},{"not_picked":["Dark Embrace","Havoc"],"picked":"True Grit","floor":4},{"not_picked":["Flex","Iron Wave"],"picked":"Pummel","floor":5},{"not_picked":["Thunderclap","Juggernaut"],"picked":"Offering","floor":7},{"not_picked":["Thunderclap","Warcry"],"picked":"Dropkick","floor":10},{"not_picked":["Shrug It Off","Metallicize"],"picked":"Shockwave","floor":11},{"not_picked":["Dual Wield","Heavy Blade","Wild Strike"],"picked":"SKIP","floor":12},{"not_picked":["Wild Strike","Twin Strike"],"picked":"Second Wind","floor":13},{"not_picked":["Heavy Blade","Armaments","True Grit"],"picked":"SKIP","floor":14},{"not_picked":["Brutality","Juggernaut"],"picked":"Immolate","floor":16},{"not_picked":["Anger","Thunderclap"],"picked":"Pommel Strike+1","floor":18}],"player_experience":446951,"relics_obtained":[{"floor":7,"key":"Mummified Hand"},{"floor":9,"key":"Matryoshka"},{"floor":12,"key":"Blue Candle"}],"event_choices":[{"cards_removed":["Strike_R"],"damage_healed":0,"gold_gain":0,"player_choice":"Card Removal","damage_taken":7,"max_hp_gain":0,"max_hp_loss":0,"event_name":"Golden Wing","floor":3,"gold_loss":0},{"damage_healed":0,"gold_gain":0,"player_choice":"","damage_taken":6,"max_hp_gain":0,"max_hp_loss":0,"event_name":"Knowing Skull","floor":19,"potions_obtained":[],"gold_loss":0,"cards_obtained":[]}],"is_beta":false,"boss_relics":[{"not_picked":["Velvet Choker","Runic Dome"],"picked":"Philosopher\u0027s Stone"}],"items_purged_floors":[],"is_endless":false,"potions_floor_spawned":[2,7,10,11,13],"killed_by":"Spheric Guardian","ascension_level":20}}