{"host":"lwpvkgc6ydwupigp","time":1613512826,"event":{"mods":["AchievementEnabler","BaseMod","Bestiary","Minty Spire (QoL Compilation)","Quick Restart","Relic Stats"],"gold_per_floor":[110,110,110,285,301,301,327,327,377,388,403,420,437,402,402,498,498,512,512,512,522,17,17,17,17],"floor_reached":24,"language":"ENG","playtime":1796,"items_purged":["Doubt"],"score":196,"play_id":"bd64ec3c-fff8-4509-ae0f-175a6f875564","local_time":"20210216230026","is_ascension_mode":false,"campfire_choices":[{"data":"Dagger Throw","floor":6,"key":"SMITH"},{"floor":8,"key":"REST"},{"data":"Masterful Stab","floor":15,"key":"SMITH"},{"data":"Blade Dance","floor":23,"key":"SMITH"}],"circlet_count":0,"master_deck":["Strike_G+1","Strike_G+1","Strike_G+1","Strike_G+1","Defend_G+1","Defend_G+1","Defend_G+1","Defend_G+1","Defend_G+1","Survivor","Neutralize","Dagger Throw+1","Cloak And Dagger+1","Underhanded Strike","Noxious Fumes","Footwork","Backstab","Blade Dance+1","Slice","Masterful Stab+1","Die Die Die","Backflip","Dagger Throw"],"relics":["Ring of the Snake","Shuriken","War Paint","SacredBark","Potion Belt","Juzu Bracelet"],"acts_visited":["Exordium","TheCity"],"potions_floor_usage":[16,16,24],"damage_taken":[{"damage":1,"enemies":"Jaw Worm","floor":1,"turns":5},{"damage":0,"enemies":"Small Slimes","floor":5,"turns":4},{"damage":27,"enemies":"3 Sentries","floor":7,"turns":8},{"damage":0,"enemies":"2 Louse","floor":10,"turns":3},{"damage":4,"enemies":"2 Fungi Beasts","floor":11,"turns":3},{"damage":0,"enemies":"Looter","floor":12,"turns":3},{"damage":0,"enemies":"Gremlin Gang","floor":13,"turns":4},{"damage":55,"enemies":"Hexaghost","floor":16,"turns":10},{"damage":10,"enemies":"2 Thieves","floor":18,"turns":2},{"damage":9,"enemies":"Shell Parasite","floor":21,"turns":8},{"damage":51,"enemies":"Gremlin Leader","floor":24,"turns":4}],"seed_played":"-860526300920241022","potions_obtained":[{"floor":1,"key":"AttackPotion"},{"floor":12,"key":"AttackPotion"},{"floor":13,"key":"Explosive Potion"},{"floor":18,"key":"PowerPotion"}],"is_trial":false,"path_per_floor":["M","$","?","?","M","R","E","R","T","M","M","M","M","?","R","B",null,"M","?","?","M","$","R","E"],"character_chosen":"THE_SILENT","items_purchased":["Potion Belt","Juzu Bracelet","EssenceOfSteel","Poison Potion"],"campfire_rested":1,"item_purchase_floors":[22,22,22,22],"current_hp_per_floor":[69,69,69,69,69,69,42,63,63,63,59,59,59,70,70,15,70,60,60,60,51,51,51,0,0],"gold":17,"neow_bonus":"THREE_CARDS","is_daily":false,"chose_seed":false,"campfire_upgraded":3,"win_rate":0.0,"timestamp":1613512826,"path_taken":["M","$","?","?","M","R","E","R","T","M","M","M","M","?","R","BOSS","M","?","?","M","$","R","E"],"items_purchased_type":["Relic","Relic","Potion","Potion"],"build_version":"2020-12-22","purchased_purges":1,"victory":false,"max_hp_per_floor":[70,70,70,70,70,70,70,70,70,70,70,70,70,70,70,70,70,70,70,70,70,70,70,70,70],"relic_stats":{"counters":[11,54],"Shuriken":[22],"Juzu Bracelet":0,"War Paint":["Defend_G","Cloak And Dagger"],"obtain_stats":[{"Potion Belt":22,"Shuriken":7,"SacredBark":17,"Juzu Bracelet":22,"War Paint":9,"Ring of the Snake":0},{"Potion Belt":10,"Shuriken":3,"SacredBark":8,"Juzu Bracelet":10,"War Paint":3,"Ring of the Snake":0},{"Potion Belt":50,"Shuriken":17,"SacredBark":40,"Juzu Bracelet":50,"War Paint":17,"Ring of the Snake":0}],"Ring of the Snake":[22]},"card_choices":[{"not_picked":["Dodge and Roll","Bouncing Flask"],"picked":"Dagger Throw","floor":0},{"not_picked":["Tactician","Accuracy"],"picked":"Cloak And Dagger","floor":1},{"not_picked":["Underhanded Strike","Riddle With Holes"],"picked":"Noxious Fumes","floor":5},{"not_picked":["Quick Slash","Deflect"],"picked":"Footwork","floor":7},{"not_picked":["PiercingWail","Dagger Throw"],"picked":"Backstab","floor":10},{"not_picked":["Prepared","Bane"],"picked":"Blade Dance","floor":11},{"not_picked":["Cloak And Dagger","Bane"],"picked":"Slice","floor":12},{"not_picked":["Bane","Skewer"],"picked":"Masterful Stab","floor":13},{"not_picked":["Corpse Explosion","Glass Knife"],"picked":"Die Die Die","floor":16},{"not_picked":["Bane+1","Blade Dance+1"],"picked":"Backflip","floor":18},{"not_picked":["Calculated Gamble","Choke"],"picked":"Dagger Throw","floor":21}],"player_experience":111945,"relics_obtained":[{"floor":7,"key":"Shuriken"},{"floor":9,"key":"War Paint"}],"event_choices":[{"damage_healed":0,"gold_gain":0,"cards_transformed":["Strike_G"],"player_choice":"Change","damage_taken":0,"max_hp_gain":0,"max_hp_loss":0,"event_name":"Living Wall","floor":3,"gold_loss":0,"cards_obtained":["Underhanded Strike"]},{"damage_healed":0,"gold_gain":175,"player_choice":"AGREE","damage_taken":0,"max_hp_gain":0,"max_hp_loss":0,"event_name":"Liars Game","floor":4,"gold_loss":0,"cards_obtained":["Doubt"]},{"damage_healed":17,"gold_gain":0,"player_choice":"Healed","damage_taken":0,"max_hp_gain":0,"max_hp_loss":0,"event_name":"The Cleric","floor":14,"gold_loss":35},{"damage_healed":0,"gold_gain":0,"player_choice":"Ignored","damage_taken":0,"max_hp_gain":0,"max_hp_loss":0,"event_name":"Vampires","floor":19,"gold_loss":0},{"damage_healed":0,"gold_gain":0,"player_choice":"Simplicity","damage_taken":0,"max_hp_gain":0,"max_hp_loss":0,"event_name":"Back to Basics","floor":20,"gold_loss":0,"cards_upgraded":["Strike_G","Strike_G","Strike_G","Strike_G","Defend_G","Defend_G","Defend_G","Defend_G"]}],"is_beta":false,"boss_relics":[{"not_picked":["Busted Crown","Ectoplasm"],"picked":"SacredBark"}],"items_purged_floors":[22],"is_endless":false,"potions_floor_spawned":[1,12,13,18],"killed_by":"Gremlin Leader","ascension_level":0}}