{"host":"gfxjwtol062e9znw","time":1613470469,"event":{"mods":["BaseMod","Colored Map","Minty Spire (QoL Compilation)","Rare Cards Sparkle","StSLib"],"gold_per_floor":[113,113,129,154,170,170,188,188,188,212,212,236,236,279,279,279,279],"floor_reached":16,"language":"ENG","playtime":917,"items_purged":[],"score":166,"play_id":"3934e6b6-e0ee-4d3a-be8e-bc9e28450dc7","local_time":"20210216211429","is_ascension_mode":true,"campfire_choices":[{"data":"Pommel Strike","floor":6.0,"key":"SMITH"},{"data":"Rage","floor":8.0,"key":"SMITH"},{"data":"Uppercut","floor":11.0,"key":"SMITH"},{"floor":13.0,"key":"REST"},{"floor":15.0,"key":"REST"}],"circlet_count":0,"master_deck":["AscendersBane","Strike_R","Strike_R","Strike_R","Strike_R","Strike_R","Defend_R","Defend_R","Defend_R","Defend_R","Bash","Battle Trance","Injury","Pommel Strike+1","Clothesline","Offering","Rage+1","Uppercut+1"],"relics":["Burning Blood","Boot","Golden Idol","Letter Opener","Calipers"],"acts_visited":["Exordium"],"potions_floor_usage":[16],"damage_taken":[{"damage":18.0,"enemies":"Jaw Worm","floor":1.0,"turns":4.0},{"damage":0.0,"enemies":"2 Louse","floor":3.0,"turns":3.0},{"damage":3.0,"enemies":"Cultist","floor":4.0,"turns":5.0},{"damage":2.0,"enemies":"Exordium Wildlife","floor":5.0,"turns":4.0},{"damage":17.0,"enemies":"Exordium Thugs","floor":7.0,"turns":4.0},{"damage":6.0,"enemies":"2 Fungi Beasts","floor":10.0,"turns":4.0},{"damage":9.0,"enemies":"Looter","floor":12.0,"turns":2.0},{"damage":29.0,"enemies":"Lagavulin","floor":14.0,"turns":6.0},{"damage":85,"enemies":"Hexaghost","floor":16,"turns":12}],"seed_played":"6093057987708958044","potions_obtained":[{"floor":3.0,"key":"Block Potion"},{"floor":4.0,"key":"SmokeBomb"},{"floor":7.0,"key":"Dexterity Potion"},{"floor":14.0,"key":"SpeedPotion"}],"is_trial":false,"path_per_floor":["M","?","M","M","M","R","M","R","T","M","R","M","R","E","R","B"],"character_chosen":"IRONCLAD","items_purchased":[],"campfire_rested":2,"item_purchase_floors":[],"current_hp_per_floor":[60,60,66,69,73,73,62,62,62,62,62,59,80,57,80,0,0],"gold":279,"neow_bonus":"RANDOM_COMMON_RELIC","is_daily":false,"chose_seed":false,"campfire_upgraded":3,"win_rate":0.0,"timestamp":1613470469,"path_taken":["M","?","M","M","M","R","M","R","T","M","R","M","R","E","R","BOSS"],"items_purchased_type":[],"build_version":"2020-12-22","purchased_purges":0,"victory":false,"max_hp_per_floor":[80,80,80,80,80,80,80,80,80,80,80,80,80,80,80,80,80],"card_choices":[{"not_picked":["Twin Strike","Second Wind"],"picked":"Battle Trance","floor":1.0},{"not_picked":["Combust","Flex"],"picked":"Pommel Strike","floor":3.0},{"not_picked":["Inflame","Cleave"],"picked":"Clothesline","floor":4.0},{"not_picked":["Hemokinesis","Feel No Pain"],"picked":"Offering","floor":5.0},{"not_picked":["Seeing Red","Anger"],"picked":"Rage","floor":7.0},{"not_picked":["Pommel Strike","Combust"],"picked":"Uppercut","floor":10.0},{"not_picked":["Sentinel","Clothesline","Sword Boomerang"],"picked":"SKIP","floor":12.0},{"not_picked":["Clash","Juggernaut","Clothesline"],"picked":"SKIP","floor":14.0}],"player_experience":193343,"relics_obtained":[{"floor":9.0,"key":"Letter Opener"},{"floor":14.0,"key":"Calipers"}],"event_choices":[{"damage_healed":0.0,"max_hp_gain":0.0,"max_hp_loss":0.0,"gold_gain":0.0,"event_name":"Golden Idol","player_choice":"Take Wound","floor":2.0,"gold_loss":0.0,"damage_taken":0.0,"relics_obtained":["Golden Idol"],"cards_obtained":["Injury"]}],"is_beta":false,"boss_relics":[],"items_purged_floors":[],"is_endless":false,"potions_floor_spawned":[3,4,7,14],"killed_by":"Hexaghost","ascension_level":12}}