{"host":"359hz4210ybch7ku","time":1613517984,"event":{"mods":["BaseMod","Block Reminder","Colored Map","Colored Powertips","Highlight Path","Minty Spire (QoL Compilation)","Slay the Relics Exporter","StSLib"],"gold_per_floor":[111,36,36,36,47,80,94,111,111,111,135,154,186,204,204,303,353,353,383,383,201,201,201,201],"floor_reached":23,"language":"ENG","playtime":1654,"items_purged":["Defend_P","Strike_P"],"score":314,"play_id":"cff34411-edea-4dee-8142-9dac10c514f0","local_time":"20210216152624","is_ascension_mode":true,"campfire_choices":[{"data":"Vault","floor":10,"key":"SMITH"},{"data":"Prostrate","floor":15,"key":"SMITH"}],"circlet_count":0,"master_deck":["Strike_P","Strike_P+1","Strike_P","Defend_P","Defend_P","Defend_P","Eruption+1","Vigilance","Worship+1","FlurryOfBlows","CutThroughFate","Vault+1","Consecrate","Prostrate","Prostrate+1","Meditate","Consecrate","Ragnarok","MentalFortress","Pray"],"relics":["PureWater","NeowsBlessing","Ornamental Fan","Matryoshka","Odd Mushroom","Bottled Lightning","Tiny House","Red Mask","Darkstone Periapt"],"acts_visited":["Exordium","TheCity"],"potions_floor_usage":[8,13,16,18,23,23],"damage_taken":[{"damage":0,"enemies":"2 Louse","floor":1,"turns":1},{"damage":0,"enemies":"Cultist","floor":5,"turns":1},{"damage":0,"enemies":"3 Sentries","floor":6,"turns":1},{"damage":0,"enemies":"Jaw Worm","floor":7,"turns":3},{"damage":12,"enemies":"Large Slime","floor":8,"turns":4},{"damage":0,"enemies":"The Mushroom Lair","floor":11,"turns":4},{"damage":0,"enemies":"3 Louse","floor":12,"turns":2},{"damage":6,"enemies":"Lagavulin","floor":13,"turns":7},{"damage":0,"enemies":"Looter","floor":14,"turns":2},{"damage":26,"enemies":"The Guardian","floor":16,"turns":11},{"damage":0,"enemies":"2 Thieves","floor":18,"turns":2},{"damage":0,"enemies":"Masked Bandits","floor":19,"turns":3},{"damage":69,"enemies":"Gremlin Leader","floor":23,"turns":7}],"seed_played":"-3245804785103865789","potions_obtained":[{"floor":5,"key":"FearPotion"},{"floor":7,"key":"Dexterity Potion"},{"floor":12,"key":"Weak Potion"},{"floor":14,"key":"ColorlessPotion"},{"floor":16,"key":"SteroidPotion"},{"floor":17,"key":"SmokeBomb"}],"is_trial":false,"path_per_floor":["M","$","?","?","M","E","M","M","T","R","?","M","E","M","R","B",null,"M","?","?","$","?","E"],"character_chosen":"WATCHER","items_purchased":["MentalFortress"],"campfire_rested":0,"item_purchase_floors":[21],"current_hp_per_floor":[65,65,65,65,65,65,65,53,53,53,53,53,47,47,47,21,64,64,64,64,64,64,0,0],"gold":201,"neow_bonus":"THREE_ENEMY_KILL","is_daily":false,"chose_seed":false,"campfire_upgraded":2,"win_rate":0.0,"timestamp":1613517984,"path_taken":["M","$","?","?","M","E","?","M","T","R","?","M","E","M","R","BOSS","M","?","?","$","?","E"],"items_purchased_type":["Card"],"build_version":"2020-12-22","purchased_purges":2,"victory":false,"max_hp_per_floor":[72,72,72,72,72,72,72,72,72,72,72,72,72,72,72,72,77,77,77,77,77,77,77,77],"card_choices":[{"not_picked":["EmptyFist","Study"],"picked":"Worship","floor":1},{"not_picked":["Vengeance","Swivel"],"picked":"FlurryOfBlows","floor":5},{"not_picked":["Crescendo","WreathOfFlame"],"picked":"CutThroughFate","floor":6},{"not_picked":["CutThroughFate","Wallop"],"picked":"Vault","floor":7},{"not_picked":["SandsOfTime","WreathOfFlame"],"picked":"Consecrate","floor":8},{"not_picked":["EmptyBody","Crescendo"],"picked":"Prostrate","floor":11},{"not_picked":["EmptyBody","Perseverance"],"picked":"Prostrate","floor":12},{"not_picked":["BowlingBash","JustLucky"],"picked":"Meditate","floor":13},{"not_picked":["JustLucky","Halt"],"picked":"Consecrate","floor":14},{"not_picked":["DevaForm","Scrawl"],"picked":"Ragnarok","floor":16}],"player_experience":325015,"relics_obtained":[{"floor":6,"key":"Ornamental Fan"},{"floor":9,"key":"Matryoshka"},{"floor":11,"key":"Odd Mushroom"},{"floor":13,"key":"Bottled Lightning"},{"floor":19,"key":"Red Mask"}],"event_choices":[{"damage_healed":0,"gold_gain":0,"player_choice":"Grow","damage_taken":0,"max_hp_gain":0,"max_hp_loss":0,"event_name":"Living Wall","floor":3,"gold_loss":0,"cards_upgraded":["Worship"]},{"damage_healed":0,"gold_gain":0,"player_choice":"Upgraded","damage_taken":0,"max_hp_gain":0,"max_hp_loss":0,"event_name":"Upgrade Shrine","floor":4,"gold_loss":0,"cards_upgraded":["Eruption"]},{"damage_healed":0,"gold_gain":0,"player_choice":"Fought Mushrooms","damage_taken":0,"max_hp_gain":0,"max_hp_loss":0,"event_name":"Mushrooms","floor":11,"gold_loss":0},{"damage_healed":0,"gold_gain":0,"player_choice":"Fought Bandits","damage_taken":0,"max_hp_gain":0,"max_hp_loss":0,"event_name":"Masked Bandits","floor":19,"gold_loss":0},{"damage_healed":0,"gold_gain":0,"player_choice":"Opened","damage_taken":0,"relics_obtained":["Darkstone Periapt"],"max_hp_gain":0,"max_hp_loss":0,"event_name":"The Mausoleum","floor":20,"gold_loss":0},{"damage_healed":0,"gold_gain":0,"player_choice":"Read","damage_taken":0,"max_hp_gain":0,"max_hp_loss":0,"event_name":"The Library","floor":22,"gold_loss":0,"cards_obtained":["Pray"]}],"is_beta":false,"boss_relics":[{"not_picked":["Fusion Hammer","Astrolabe"],"picked":"Tiny House"}],"items_purged_floors":[2,21],"is_endless":false,"potions_floor_spawned":[5,7,12,14,16,18],"killed_by":"Gremlin Leader","ascension_level":8}}