{"host":"mo324zvkdr1xwprd","time":1613482967,"event":{"mods":["A Penny For Your Troubles","BaseMod","Better Note","Better Third Choice","BetterRewards","Hermit","Highlight Path","Hubris","Minty Spire (QoL Compilation)","Quick Restart","Rare Cards Sparkle","Shop Mod","StSLib","The Cursed","The Hierophant","The Servant 0.9.4","Transform Curses"],"gold_per_floor":[113,113,126,141,153,153,179,354,354,354,2,15,44,54,54,149,149,169,169,169,169,184,184,210,222,303,330,348,381,394,422,422,525,575,588,173,173,183,0,0,19,49,49,81,81,109,125,139,139,140,140,140,41,72,72,72],"floor_reached":55,"language":"ENG","playtime":2656,"items_purged":["Doubt"],"score":1700,"play_id":"0e91e485-a135-40f1-be36-4f861d65793c","local_time":"20210216134247","is_ascension_mode":true,"campfire_choices":[{"data":"Dramatic Entrance","floor":6.0,"key":"SMITH"},{"floor":10.0,"key":"RECALL"},{"data":"Thunderclap","floor":15.0,"key":"SMITH"},{"data":"Rage","floor":23.0,"key":"SMITH"},{"data":"Pommel Strike","floor":32.0,"key":"SMITH"},{"data":"Immolate","floor":40.0,"key":"SMITH"},{"data":"Juggernaut","floor":49.0,"key":"SMITH"},{"floor":52.0,"key":"REST"}],"circlet_count":0,"master_deck":["Strike_R","Strike_R","Strike_R","Strike_R","Strike_R","Defend_R","Defend_R","Defend_R","Defend_R+1","Bash","The Bomb+1","True Grit","Rage+1","Uppercut","Dramatic Entrance+1","Seeing Red+1","Twin Strike","Cleave","Pommel Strike+1","Shockwave+1","Iron Wave","Warcry+1","Apotheosis+1","Carnage+1","Thunderclap+1","Rage+1","Rampage","Wild Strike","Limit Break+1","Cleave+1","Infernal Blade+1","Anger","Perfected Strike+1","Spot Weakness+1","Pummel+1","Shrug It Off+1","Rage+1","Immolate+1","Master of Strategy+1","Armaments+1","Madness+1","Madness+1","Juggernaut+1","Shrug It Off+1","Dramatic Entrance+1","Juggernaut"],"relics":["Black Blood","Nunchaku","Potion Belt","Black Star","hubris:Spice","hubris:AstralHammer","Toxic Egg 2","hubris:Icosahedron","Gambling Chip","hubris:TinFlute","Bottled Flame","War Paint","MutagenicStrength","Singing Bowl","hubris:DeckOfHolding","Tiny House","Red Mask","PreservedInsect","hubris:SlimyHat","Lantern","Sundial","Anchor","Vajra","Boot"],"acts_visited":["Exordium","TheCity","TheBeyond","TheEnding"],"potions_floor_usage":[55,55,55,55],"damage_taken":[{"damage":0.0,"enemies":"Small Slimes","floor":1.0,"turns":2.0},{"damage":0.0,"enemies":"2 Louse","floor":3.0,"turns":2.0},{"damage":0.0,"enemies":"Jaw Worm","floor":4.0,"turns":1.0},{"damage":0.0,"enemies":"Blue Slaver","floor":5.0,"turns":3.0},{"damage":1.0,"enemies":"Lagavulin","floor":7.0,"turns":4.0},{"damage":0.0,"enemies":"Looter","floor":12.0,"turns":2.0},{"damage":0.0,"enemies":"Gremlin Nob","floor":13.0,"turns":2.0},{"damage":0.0,"enemies":"2 Fungi Beasts","floor":14.0,"turns":1.0},{"damage":0.0,"enemies":"Slime Boss","floor":16.0,"turns":5.0},{"damage":0.0,"enemies":"2 Thieves","floor":18.0,"turns":1.0},{"damage":0.0,"enemies":"Spheric Guardian","floor":22.0,"turns":1.0},{"damage":0.0,"enemies":"Slavers","floor":24.0,"turns":1.0},{"damage":0.0,"enemies":"Snecko","floor":25.0,"turns":2.0},{"damage":4.0,"enemies":"Book of Stabbing","floor":27.0,"turns":3.0},{"damage":8.0,"enemies":"Snake Plant","floor":28.0,"turns":3.0},{"damage":0.0,"enemies":"Slavers","floor":29.0,"turns":2.0},{"damage":0.0,"enemies":"Centurion and Healer","floor":30.0,"turns":2.0},{"damage":0.0,"enemies":"Book of Stabbing","floor":31.0,"turns":1.0},{"damage":9.0,"enemies":"Automaton","floor":33.0,"turns":3.0},{"damage":6.0,"enemies":"3 Darklings","floor":35.0,"turns":2.0},{"damage":0.0,"enemies":"3 Shapes","floor":38.0,"turns":1.0},{"damage":4.0,"enemies":"Sphere and 2 Shapes","floor":41.0,"turns":1.0},{"damage":9.0,"enemies":"Giant Head","floor":42.0,"turns":4.0},{"damage":0.0,"enemies":"Reptomancer","floor":44.0,"turns":1.0},{"damage":0.0,"enemies":"Giant Head","floor":46.0,"turns":3.0},{"damage":0.0,"enemies":"Jaw Worm Horde","floor":47.0,"turns":1.0},{"damage":0.0,"enemies":"Transient","floor":48.0,"turns":5.0},{"damage":47.0,"enemies":"Awakened One","floor":50.0,"turns":8.0},{"damage":0.0,"enemies":"Shield and Spear","floor":54.0,"turns":2.0},{"damage":108,"enemies":"The Heart","floor":55,"turns":6}],"seed_played":"-7381398378832305125","potions_obtained":[{"floor":12.0,"key":"SteroidPotion"},{"floor":14.0,"key":"Weak Potion"},{"floor":22.0,"key":"SteroidPotion"},{"floor":25.0,"key":"AttackPotion"},{"floor":28.0,"key":"DistilledChaos"},{"floor":29.0,"key":"SpeedPotion"},{"floor":34.0,"key":"HeartOfIron"},{"floor":38.0,"key":"SpeedPotion"},{"floor":46.0,"key":"Weak Potion"},{"floor":48.0,"key":"FairyPotion"}],"is_trial":false,"path_per_floor":["M","?","M","M","M","R","E","?","T","R","$","M","E","M","R","B",null,"M","?","?","?","M","R","E","M","T","E","M","E","M","E","R","B",null,"M","$","?","M","?","R","M","E","T","E","?","E","M","M","R","B",null,"R","$","E","B"],"character_chosen":"IRONCLAD","items_purchased":["Nunchaku","Potion Belt","The Bomb","Rage","Uppercut","hubris:Spice","Toxic Egg 2","Dramatic Entrance","Seeing Red+1","Twin Strike","Apotheosis+1","Carnage","Thunderclap","Rage+1","Immolate","Master of Strategy+1","Armaments+1","PowerPotion","Dexterity Potion"],"campfire_rested":1,"item_purchase_floors":[0,0,0,0,0,0,0,0,0,0,11,11,11,36,36,36,36,53,53],"current_hp_per_floor":[46,46,96,96,96,96,96,96,96,96,96,96,96,96,96,96,96,96,96,96,96,96,96,98,90,82,84,84,78,78,72,72,74,79,79,79,69,79,79,79,79,81,81,75,75,77,79,81,81,46,72,81,81,81,0,0],"gold":72,"neow_bonus":"","is_daily":false,"chose_seed":false,"campfire_upgraded":6,"win_rate":0.0,"timestamp":1613482967,"path_taken":["M","?","M","M","M","R","E","?","T","R","$","M","E","M","R","BOSS","M","?","?","?","M","R","E","M","T","E","M","E","M","E","R","BOSS","M","$","?","M","?","R","M","E","T","E","?","E","M","M","R","BOSS","R","$","E","BOSS"],"items_purchased_type":["Relic","Relic","Card","Card","Card","Relic","Relic","Card","Card","Card","Card","Card","Card","Card","Card","Card","Card","Potion","Potion"],"build_version":"2020-12-22","purchased_purges":1,"victory":false,"max_hp_per_floor":[96,96,96,96,96,96,96,96,96,96,96,96,96,96,96,96,96,96,96,96,96,96,96,98,90,82,84,84,78,78,72,72,74,79,79,79,79,79,79,79,79,81,81,75,75,77,79,81,81,81,81,81,81,81,81,81],"card_choices":[{"not_picked":["Clothesline","Sword Boomerang"],"picked":"Cleave","floor":1.0},{"not_picked":["Entrench+1","Headbutt"],"picked":"Pommel Strike","floor":3.0},{"not_picked":["Cleave","Iron Wave"],"picked":"Shockwave+1","floor":4.0},{"not_picked":["Combust","Twin Strike"],"picked":"Iron Wave","floor":5.0},{"not_picked":["Shockwave+1","hubris:SpiceAddiction"],"picked":"Warcry+1","floor":7.0},{"not_picked":["hubris:SharpeningStone+1","Blood for Blood"],"picked":"Rage+1","floor":12.0},{"not_picked":["Perfected Strike","Thunderclap"],"picked":"Rampage","floor":13.0},{"not_picked":["Cleave","Heavy Blade"],"picked":"Wild Strike","floor":14.0},{"not_picked":["Offering+1","Fiend Fire"],"picked":"Limit Break+1","floor":16.0},{"not_picked":["Havoc+1","Body Slam"],"picked":"Cleave+1","floor":18.0},{"not_picked":["Armaments+1","Dark Embrace"],"picked":"Anger","floor":22.0},{"not_picked":["Headbutt","Perfected Strike","Thunderclap+1"],"picked":"Singing Bowl","floor":24.0},{"not_picked":["Metallicize","Second Wind+1"],"picked":"hubris:SpiceAddiction","floor":25.0},{"not_picked":["Uppercut","Headbutt","Fiend Fire"],"picked":"Singing Bowl","floor":27.0},{"not_picked":["Armaments+1","Cleave+1"],"picked":"Perfected Strike+1","floor":28.0},{"not_picked":["Bloodletting+1","Pommel Strike+1","Dual Wield+1"],"picked":"Singing Bowl","floor":29.0},{"not_picked":["Sword Boomerang","Iron Wave"],"picked":"Spot Weakness+1","floor":30.0},{"not_picked":["Clash+1","Thunderclap+1","Berserk"],"picked":"Singing Bowl","floor":31.0},{"not_picked":["hubris:SpiceAddiction","Reaper","Fiend Fire"],"picked":"Singing Bowl","floor":33.0},{"not_picked":["hubris:ReadiedAction+1","Battle Trance+1"],"picked":"Pummel+1","floor":34.0},{"not_picked":["Dropkick+1","Anger+1"],"picked":"Shrug It Off+1","floor":35.0},{"not_picked":["Thunderclap+1","Uppercut+1"],"picked":"Juggernaut","floor":38.0},{"not_picked":["Anger","Sentinel+1"],"picked":"Shrug It Off+1","floor":41.0},{"not_picked":["Shrug It Off+1","Heavy Blade+1","Fire Breathing+1"],"picked":"Singing Bowl","floor":42.0},{"not_picked":["Sentinel+1","Thunderclap+1","Juggernaut"],"picked":"Singing Bowl","floor":44.0},{"not_picked":["Heavy Blade+1","Inflame","Havoc+1"],"picked":"Singing Bowl","floor":46.0},{"not_picked":["Warcry+1","hubris:SpiceAddiction","hubris:SpiceAddiction"],"picked":"Singing Bowl","floor":47.0},{"not_picked":["Rampage","Havoc+1","hubris:ReadiedAction+1"],"picked":"Singing Bowl","floor":48.0},{"not_picked":["Iron Wave+1","hubris:SpiceAddiction"],"picked":"Juggernaut","floor":54.0}],"player_experience":700223,"relics_obtained":[{"floor":7.0,"key":"Gambling Chip"},{"floor":9.0,"key":"hubris:TinFlute"},{"floor":13.0,"key":"Bottled Flame"},{"floor":13.0,"key":"War Paint"},{"floor":24.0,"key":"Singing Bowl"},{"floor":26.0,"key":"hubris:Spice"},{"floor":29.0,"key":"hubris:Spice"},{"floor":29.0,"key":"hubris:DeckOfHolding"},{"floor":31.0,"key":"hubris:Spice"},{"floor":42.0,"key":"PreservedInsect"},{"floor":42.0,"key":"hubris:SlimyHat"},{"floor":44.0,"key":"Lantern"},{"floor":44.0,"key":"hubris:Spice"},{"floor":46.0,"key":"Sundial"},{"floor":46.0,"key":"Anchor"},{"floor":54.0,"key":"Vajra"},{"floor":54.0,"key":"Boot"}],"event_choices":[{"damage_healed":0.0,"max_hp_gain":0.0,"max_hp_loss":0.0,"gold_gain":175.0,"event_name":"betterThird:BetterSerpent","player_choice":"AGREE","floor":8.0,"gold_loss":0.0,"damage_taken":179.0},{"damage_healed":0.0,"max_hp_gain":0.0,"max_hp_loss":0.0,"gold_gain":0.0,"event_name":"The Library","player_choice":"Read","floor":20.0,"gold_loss":0.0,"damage_taken":0.0,"cards_obtained":["Infernal Blade"]},{"damage_healed":0.0,"max_hp_gain":0.0,"max_hp_loss":0.0,"gold_gain":0.0,"event_name":"Drug Dealer","player_choice":"Inject Mutagens","floor":21.0,"gold_loss":0.0,"damage_taken":0.0,"relics_obtained":["MutagenicStrength"]},{"damage_healed":0.0,"max_hp_gain":0.0,"max_hp_loss":0.0,"gold_gain":0.0,"event_name":"Winding Halls","player_choice":"Embrace Madness","floor":37.0,"gold_loss":0.0,"damage_taken":10.0,"cards_obtained":["Madness","Madness"]},{"damage_healed":0.0,"max_hp_gain":0.0,"max_hp_loss":0.0,"gold_gain":0.0,"event_name":"Tomb of Lord Red Mask","player_choice":"Paid","floor":39.0,"gold_loss":183.0,"damage_taken":0.0,"relics_obtained":["Red Mask"]},{"damage_healed":0.0,"max_hp_gain":0.0,"max_hp_loss":0.0,"gold_gain":0.0,"event_name":"Duplicator","player_choice":"Copied","floor":45.0,"gold_loss":0.0,"damage_taken":0.0,"cards_obtained":["Dramatic Entrance"]}],"is_beta":false,"boss_relics":[{"not_picked":["Runic Dome","hubris:CrackedHourglass"],"picked":"Black Blood"},{"not_picked":["hubris:Spice","hubris:Spice"],"picked":"Tiny House"}],"items_purged_floors":[11],"is_endless":false,"potions_floor_spawned":[12,14,22,25,28,29,38,41,46,48],"killed_by":"The Heart","ascension_level":7}}