{"host":"8zllkaobjs9c5ou9","time":1613509542,"event":{"mods":["BaseMod","Colored Powertips","Downfall","Googly Eyes","Minty Spire (QoL Compilation)","StSLib","Steal the Spire"],"gold_per_floor":[99,110,130,147,163,191,191,91,118,33,33,46,46,73,83,182,182,82,96,126,146,146,166,166,166,76,86,117,117,17,17,35,136,136,136,151,161,320,337,362,389,389,417,429,429,429,442,458,471,471,471,505,55,55,55,55],"floor_reached":57,"language":"ENG","playtime":6745,"items_purged":["downfall:Bewildered","bronze:Defend","bronze:Defend"],"score":1331,"play_id":"ec2324ee-fc2f-44c6-a625-567c3904a1bc","local_time":"20210216160542","is_ascension_mode":true,"campfire_choices":[{"floor":1,"key":"RECALL"},{"floor":8,"key":"REST"},{"data":"bronze:Mutator","floor":18,"key":"SMITH"},{"data":"bronze:Verify","floor":30,"key":"SMITH"},{"data":"bronze:Break","floor":35,"key":"SMITH"},{"data":"bronze:HardenedForm","floor":42,"key":"SMITH"},{"data":"bronze:Library","floor":45,"key":"SMITH"},{"data":"bronze:FineTuning","floor":54,"key":"SMITH"}],"circlet_count":0,"master_deck":["bronze:Strike","bronze:Strike","bronze:Defend","bronze:Defend","bronze:Replicate","bronze:Goto+1","bronze:OilSpill","bronze:WildBeam","bronze:Branch","bronze:Frontload","bronze:Terminator","bronze:InfiniteBeams","bronze:Constructor","bronze:CutThrough","bronze:FineTuning+1","bronze:Mutator+1","bronze:Turbo+1","bronze:Flail","bronze:ChildClass","bronze:Philosophize","bronze:Library+1","bronze:Verify+1","bronze:Break+1","bronze:FineTuning+1","bronze:BronzeOrb","bronze:Mutator","bronze:ItsAFeature+1","bronze:HardenedForm+1","bronze:Iterate"],"relics":["bronze:BronzeCore","Nunchaku","Shuriken","downfall:HeartBlessingRed","Pantograph","downfall:BrokenWingStatue","bronze:BottledCode","Guardian:PocketSentry","Sozu","downfall:HeartBlessingGreen","Red Mask","sneckomod:BabySnecko","Blood Vial","downfall:HeartBlessingBlue","bronze:MakeshiftBattery","The Courier","Regal Pillow","Mercury Hourglass","Letter Opener","HandDrill","Strawberry","Oddly Smooth Stone"],"acts_visited":["Exordium","TheCity","TheBeyond","TheEnding"],"potions_floor_usage":[50,56],"damage_taken":[{"damage":0,"enemies":"2 Louse","floor":2,"turns":3},{"damage":2,"enemies":"Small Slimes","floor":3,"turns":4},{"damage":1,"enemies":"Jaw Worm","floor":4,"turns":4},{"damage":3,"enemies":"Red Slaver","floor":5,"turns":3},{"damage":30,"enemies":"Lagavulin","floor":6,"turns":6},{"damage":8,"enemies":"Gremlin Nob","floor":9,"turns":3},{"damage":0,"enemies":"downfall:FleeingMerchant","floor":10,"turns":4},{"damage":5,"enemies":"downfall:LooterAlt","floor":12,"turns":2},{"damage":18,"enemies":"3 Sentries","floor":14,"turns":7},{"damage":1,"enemies":"2 Fungi Beasts","floor":15,"turns":2},{"damage":0,"enemies":"SI_SHIV_ARCHETYPE","floor":16,"turns":5},{"damage":0,"enemies":"Shell Parasite","floor":19,"turns":3},{"damage":5,"enemies":"Masked Bandits","floor":20,"turns":4},{"damage":0,"enemies":"3 Byrds","floor":21,"turns":4},{"damage":0,"enemies":"Sentry and Sphere","floor":23,"turns":3},{"damage":0,"enemies":"downfall:FleeingMerchant","floor":26,"turns":4},{"damage":5,"enemies":"Snake Plant","floor":27,"turns":3},{"damage":14,"enemies":"Slavers","floor":28,"turns":3},{"damage":6,"enemies":"Snecko","floor":32,"turns":4},{"damage":25,"enemies":"IC_MUSHROOM_ARCHETYPE","floor":33,"turns":6},{"damage":0,"enemies":"3 Darklings","floor":36,"turns":3},{"damage":0,"enemies":"3 Shapes","floor":37,"turns":3},{"damage":15,"enemies":"downfall:FleeingMerchant","floor":38,"turns":3},{"damage":0,"enemies":"Sphere and 2 Shapes","floor":39,"turns":3},{"damage":5,"enemies":"Giant Head","floor":40,"turns":7},{"damage":0,"enemies":"Reptomancer","floor":43,"turns":4},{"damage":0,"enemies":"4 Shapes","floor":44,"turns":3},{"damage":0,"enemies":"Transient","floor":47,"turns":5},{"damage":5,"enemies":"Spire Growth","floor":48,"turns":3},{"damage":1,"enemies":"Maw","floor":49,"turns":5},{"damage":59,"enemies":"WA_ARCHETYPE_DIVINITY","floor":50,"turns":9},{"damage":3,"enemies":"downfall:CharBossMerchant","floor":52,"turns":5},{"damage":50,"enemies":"downfall:NeowBoss","floor":55,"turns":10},{"damage":37,"enemies":"downfall:NeowBossFinal","floor":56,"turns":8}],"seed_played":"4260268827981626210","potions_obtained":[{"floor":2,"key":"Slimebound:ThreeZeroPotion"},{"floor":6,"key":"DistilledChaos"},{"floor":12,"key":"Swift Potion"},{"floor":14,"key":"bronze:FreeFunctionsPotion"}],"is_trial":false,"path_per_floor":["R","M","M","M","M","E","T","R","E","$","?","M","?","E","M","B",null,"R","M","?","M","?","M","T","?","$","M","E","?","R","?","M","B",null,"R","M","M","$","M","E","T","R","E","M","R","?","M","M","M","B",null,"E","$","R","B","B",null],"character_chosen":"THE_AUTOMATON","items_purchased":["bronze:InfiniteBeams","bronze:Mutator","HandDrill","Strawberry","Oddly Smooth Stone"],"campfire_rested":1,"item_purchase_floors":[10,38,53,53,53],"current_hp_per_floor":[70,70,68,67,64,34,34,55,47,47,47,42,42,24,23,48,60,60,60,55,55,55,55,55,55,55,50,36,36,46,46,42,44,70,70,70,70,55,57,54,54,54,56,58,58,58,60,57,58,11,70,67,74,74,27,17],"gold":55,"neow_bonus":"UPGRADE_CARD","is_daily":false,"chose_seed":false,"campfire_upgraded":6,"win_rate":0.0,"timestamp":1613509542,"path_taken":["R","M","M","M","M","E","T","R","E","$","?","M","?","E","M","BOSS","R","M","?","M","?","M","T","?","$","M","E","?","R","?","M","BOSS","R","M","M","$","M","E","T","R","E","M","R","?","M","?","M","BOSS","E","$","R","BOSS","BOSS"],"items_purchased_type":["Card","Card","Relic","Relic","Relic"],"build_version":"2020-12-22","purchased_purges":3,"victory":true,"max_hp_per_floor":[70,70,70,70,70,70,70,70,70,70,70,70,60,60,60,60,60,60,60,60,60,60,60,60,60,60,60,60,60,70,70,70,70,70,70,70,70,70,70,70,70,70,70,70,70,70,70,70,70,70,70,70,77,77,77,77],"card_choices":[{"not_picked":["bronze:DarkDash","bronze:Frontload","bronze:NullPointer"],"picked":"SKIP","floor":2},{"not_picked":["bronze:Overheat","bronze:Overload","bronze:Terminator"],"picked":"SKIP","floor":3},{"not_picked":["bronze:WhirlingStrike","bronze:BugBarrage"],"picked":"bronze:OilSpill","floor":4},{"not_picked":["bronze:Shield","bronze:WhirlingStrike"],"picked":"bronze:WildBeam","floor":5},{"not_picked":["bronze:Overload","bronze:Break"],"picked":"bronze:Branch","floor":6},{"not_picked":["bronze:DelayedGuard","bronze:Overload"],"picked":"bronze:Frontload","floor":9},{"not_picked":["bronze:Return","bronze:Branch"],"picked":"bronze:Terminator","floor":10},{"not_picked":["bronze:Frontload","bronze:GetLatest"],"picked":"bronze:Constructor","floor":12},{"not_picked":["bronze:Constructor","bronze:Overheat"],"picked":"bronze:CutThrough","floor":14},{"not_picked":["bronze:WildBeam","bronze:Format"],"picked":"bronze:FineTuning","floor":15},{"not_picked":["bronze:FindAndReplace","bronze:Library"],"picked":"bronze:Mutator","floor":16},{"not_picked":["bronze:DelayedGuard+1","bronze:WildBeam"],"picked":"bronze:Turbo+1","floor":19},{"not_picked":["bronze:ForceShield","bronze:OilSpill+1"],"picked":"bronze:Flail","floor":20},{"not_picked":["bronze:Invalidate","bronze:BitShift"],"picked":"bronze:ChildClass","floor":21},{"not_picked":["bronze:WildBeam","bronze:Invalidate","bronze:Repair+1"],"picked":"SKIP","floor":23},{"not_picked":["bronze:AlphaBuild","bronze:BuggyMess+1"],"picked":"bronze:Verify","floor":26},{"not_picked":["bronze:Shield","bronze:DigitalCarnage","bronze:MaxOutput+1"],"picked":"SKIP","floor":27},{"not_picked":["bronze:CutThrough+1","bronze:Frontload","bronze:Branch+1"],"picked":"SKIP","floor":28},{"not_picked":["bronze:WildBeam","bronze:ChildClass","bronze:GetLatest+1"],"picked":"SKIP","floor":32},{"not_picked":["bronze:HyperBeam","bronze:ShipIt"],"picked":"bronze:Break","floor":33},{"not_picked":["bronze:Separator","bronze:Turbo","bronze:BuggyMess+1"],"picked":"SKIP","floor":36},{"not_picked":["bronze:Separator","bronze:Turbo","bronze:BuggyMess+1"],"picked":"SKIP","floor":36},{"not_picked":["bronze:Deprecate","bronze:CutThrough"],"picked":"bronze:FineTuning+1","floor":37},{"not_picked":["bronze:Separator","bronze:Frontload+1"],"picked":"bronze:BronzeOrb","floor":38},{"not_picked":["bronze:Shell+1","bronze:WhirlingStrike"],"picked":"bronze:ItsAFeature+1","floor":39},{"not_picked":["bronze:CutThrough+1","bronze:Allocate"],"picked":"bronze:HardenedForm","floor":40},{"not_picked":["bronze:Separator","bronze:WildBeam","bronze:TinkerersToolbox"],"picked":"SKIP","floor":43},{"not_picked":["bronze:Terminator+1","bronze:Safeguard","bronze:Shield"],"picked":"SKIP","floor":44},{"not_picked":["bronze:FollowUp","bronze:FineTuning"],"picked":"bronze:Iterate","floor":47},{"not_picked":["bronze:MaxOutput+1","bronze:Fortify+1","bronze:BitShift+1"],"picked":"SKIP","floor":48},{"not_picked":["bronze:GetLatest","bronze:Branch+1","bronze:DelayedSlice"],"picked":"SKIP","floor":49},{"not_picked":["bronze:Philosophize","bronze:BitShift","bronze:Invalidate+1"],"picked":"SKIP","floor":52}],"player_experience":506719,"relics_obtained":[{"floor":6,"key":"Nunchaku"},{"floor":7,"key":"Shuriken"},{"floor":9,"key":"Pantograph"},{"floor":14,"key":"Guardian:PocketSentry"},{"floor":20,"key":"Red Mask"},{"floor":28,"key":"Blood Vial"},{"floor":40,"key":"The Courier"},{"floor":41,"key":"Regal Pillow"},{"floor":43,"key":"Mercury Hourglass"},{"floor":52,"key":"Letter Opener"}],"event_choices":[{"damage_healed":0,"gold_gain":0,"player_choice":"Fought Bandits","damage_taken":0,"max_hp_gain":0,"max_hp_loss":0,"event_name":"Masked Bandits","floor":20,"gold_loss":0},{"damage_healed":0,"gold_gain":0,"cards_transformed":["bronze:Strike","bronze:Strike"],"player_choice":"Became Test Subject","damage_taken":0,"max_hp_gain":0,"max_hp_loss":0,"event_name":"Drug Dealer","floor":25,"gold_loss":0,"cards_obtained":["bronze:Philosophize","bronze:Library"]},{"damage_healed":0,"gold_gain":0,"player_choice":"Got Potions","damage_taken":0,"max_hp_gain":0,"max_hp_loss":0,"event_name":"Lab","floor":46,"gold_loss":0}],"is_beta":false,"boss_relics":[{"not_picked":["Empty Cage","Fusion Hammer"],"picked":"Sozu"},{"not_picked":["sneckomod:SneckoTalon","SacredBark"],"picked":"bronze:MakeshiftBattery"}],"items_purged_floors":[26,38,53],"is_endless":false,"potions_floor_spawned":[2,6,12,14,20,21,27,28,33,36,39,40,43,49,52],"ascension_level":1}}