{"host":"t9zjxed0utvsfjwc","time":1613437643,"event":{"mods":["2.2 Compatiblity","Act Like it!","Aspiration","BaseMod","Better Altar","Better Match","Better Note","Better Sensory Stone","Better Skull","Better Third Choice","Block Reminder","Colored Map","Colored Powertips","Conspire","Custom Start","Downfall","Energized Spire","Hermit","Highlight Path","Hubris","Infinite Spire","Marisa????????","Minty Spire (QoL Compilation)","Quick Restart","Rare Cards Sparkle","Relic Sorter","Reliquary","Replay The Spire","Ruina","StSLib","The Cursed","The Marked","The Runesmith","Unceasing Turn Reminder","everything is the same but u backflip on backflip"],"gold_per_floor":[113,45,0,11,31,31,44,44,94,122,47,47,47,64,64,159,159,177,77,93,93,93,93,116,116,116,148,23,23,23,51,51,152,152,170,186,36,53,64,94,94,19,72,92,106,124,124,154,154,256,256,263,263,263,263,268,275,275,291,317,323,323,325,324,32,32,101,101,104,104,100,100,100,100,100,100,100,100,101,95,95],"floor_reached":80,"language":"ENG","playtime":4423,"items_purged":["Defend_G","Strike_G","Strike_G","Strike_G","hubris:Despair","Normality"],"score":1636,"play_id":"5f0682a0-7669-414b-9fbc-3c11b7356066","local_time":"20210216010723","is_ascension_mode":true,"campfire_choices":[{"data":"Enlightenment","floor":6,"key":"SMITH"},{"data":"Dash","floor":12,"key":"SMITH"},{"data":"Dagger Throw","floor":15,"key":"SMITH"},{"data":"Dagger Throw","floor":23,"key":"SMITH"},{"data":"Strike_G","floor":32,"key":"PURGE"},{"data":"Crippling Poison","floor":41,"key":"SMITH"},{"floor":49,"key":"REST"},{"data":"infinitespire:UltimateForm","floor":58,"key":"SMITH"},{"data":"Backstab","floor":62,"key":"SMITH"},{"data":"Backflip","floor":66,"key":"SMITH"},{"floor":74,"key":"RECALL"}],"circlet_count":0,"master_deck":["Survivor","Neutralize","Enlightenment+1","Dagger Throw+1","Crippling Poison+1","Dagger Throw+1","Backflip+1","Backflip+1","TheCursedMod:Dregs","Backstab+1","Predator+1","Predator+1","hubris:DuctTapeCard","Night Terror","Backstab+1","infinitespire:UltimateForm+1","Leg Sweep+1"],"relics":["Ring of the Snake","hubris:Icosahedron","NeowsBlessing","Runesmith:AutoHammer","energizedSpire:CursedPentagram","Enchiridion","infinitespire:Satchel","Ring of the Serpent","BargainBundle","Quantum Egg","Torii","Replay:Grab Bag","reliquary:RedPaperclip","energizedSpire:PogoStick","Kintsugi","reliquary:SharkskinSheath","Pet Ghost","hubris:DuctTape","Unceasing Top","HoveringKite","aspiration:BabyByrd","hubris:MedicalManual","hubris:CrystalStatue","Blue Doll","Tiny Chest","Dead Branch","bronze:DonusWashers","ReplayFunnel","Busted Crown","Ice Cream","infinitespire:CheckeredPen"],"acts_visited":["Exordium","TheCity","TheBeyond","Exordium","Exordium"],"potions_floor_usage":[7,13,13,31,33,36,38,40,40,48,48,50,50,61,61,80],"damage_taken":[{"damage":0,"enemies":"Jaw Worm","floor":1,"turns":1},{"damage":0,"enemies":"2 Louse","floor":4,"turns":1},{"damage":0,"enemies":"Small Slimes","floor":5,"turns":1},{"damage":1,"enemies":"Blue Slaver","floor":7,"turns":4},{"damage":42,"enemies":"Lagavulin","floor":10,"turns":7},{"damage":0,"enemies":"Large Slime","floor":13,"turns":3},{"damage":0,"enemies":"Looter","floor":14,"turns":2},{"damage":24,"enemies":"Hexaghost","floor":16,"turns":15},{"damage":12,"enemies":"2 Thieves","floor":18,"turns":4},{"damage":3,"enemies":"Chosen","floor":20,"turns":5},{"damage":0,"enemies":"Nightmare","floor":27,"turns":1},{"damage":0,"enemies":"conspire:Head Lice","floor":31,"turns":5},{"damage":30,"enemies":"hubris:MusketHawk","floor":33,"turns":9},{"damage":0,"enemies":"Orb Walker","floor":35,"turns":3},{"damage":15,"enemies":"3 Darklings","floor":36,"turns":4},{"damage":0,"enemies":"Writhing Mass","floor":38,"turns":5},{"damage":0,"enemies":"Sphere and 2 Shapes","floor":39,"turns":3},{"damage":58,"enemies":"Reptomancer","floor":40,"turns":6},{"damage":0,"enemies":"Maw","floor":44,"turns":6},{"damage":0,"enemies":"Jaw Worm Horde","floor":45,"turns":3},{"damage":10,"enemies":"Spire Growth","floor":46,"turns":3},{"damage":0,"enemies":"Giant Head","floor":48,"turns":6},{"damage":0,"enemies":"Awakened One","floor":50,"turns":9},{"damage":0,"enemies":"2 Louse","floor":52,"turns":1},{"damage":0,"enemies":"Small Slimes","floor":56,"turns":1},{"damage":0,"enemies":"3 Sentries","floor":57,"turns":3},{"damage":0,"enemies":"Gremlin Nob","floor":59,"turns":2},{"damage":27,"enemies":"Lagavulin","floor":61,"turns":3},{"damage":0,"enemies":"Jaw Worm","floor":63,"turns":1},{"damage":0,"enemies":"Large Slime","floor":64,"turns":2},{"damage":17,"enemies":"Fading Forest","floor":67,"turns":7},{"damage":15,"enemies":"ruina:BadWolf","floor":69,"turns":2},{"damage":0,"enemies":"ruina:3_Bats","floor":71,"turns":2},{"damage":8,"enemies":"ruina:KingOfGreed","floor":76,"turns":2},{"damage":23,"enemies":"ruina:QueenOfHate","floor":79,"turns":3},{"damage":60,"enemies":"ruina:Mountain","floor":80,"turns":1}],"seed_played":"7641536049029665267","potions_obtained":[{"floor":1,"key":"SmokeBomb"},{"floor":5,"key":"Swift Potion"},{"floor":7,"key":"Swift Potion"},{"floor":16,"key":"SkillPotion"},{"floor":18,"key":"sneckomod:MuddlingPotion"},{"floor":31,"key":"Milkshake"},{"floor":33,"key":"Regen Potion"},{"floor":36,"key":"Poison Potion"},{"floor":38,"key":"SteroidPotion"},{"floor":40,"key":"Weak Potion"},{"floor":46,"key":"Venom Potion"},{"floor":48,"key":"Explosive Potion"},{"floor":56,"key":"EssenceOfSteel"},{"floor":57,"key":"champ:CounterPotion"},{"floor":67,"key":"hexamod:SoulburnPotion"},{"floor":71,"key":"Venom Potion"}],"is_trial":false,"path_per_floor":["M","$","?","M","M","R","M","?","T","E","$","R","M","M","R","B",null,"M","$","M","?","?","R","T","AVR","T","NM","$","?","$","E","R_BF","B",null,"M","M","$","M","M","E","R","?","T","M","M","M","T","E","R_BF","B",null,"M","?","AVR","?","M","E","R","E","T","E","R","M","M","$","R","B",null,"M","?","M","T","?","R","$","M","T","?","M","E"],"character_chosen":"THE_SILENT","items_purchased":["Dash","bronze:DonusWashers","ReplayFunnel"],"campfire_rested":1,"item_purchase_floors":[2,65,65],"current_hp_per_floor":[70,70,76,76,76,76,75,75,75,33,33,33,33,33,33,9,76,64,64,61,45,45,45,45,45,45,45,45,45,45,45,45,20,76,76,61,61,61,61,12,12,12,12,12,12,2,2,2,24,24,76,76,76,76,76,76,76,76,76,76,49,49,49,49,49,49,32,76,61,61,61,61,61,61,61,53,53,61,38,0,0],"gold":95,"neow_bonus":"THREE_ENEMY_KILL","is_daily":false,"chose_seed":false,"campfire_upgraded":8,"win_rate":0.0,"timestamp":1613437643,"path_taken":["M","$","?","M","M","R","M","?","T","E","$","R","M","M","R","BOSS","M","$","M","?","?","R","?","AVR","T","NM","$","?","?","E","R_BF","BOSS","M","M","$","M","M","E","R","?","T","?","M","M","?","E","R_BF","BOSS","M","?","AVR","?","M","E","R","E","T","E","R","?","M","?","R","BOSS","M","?","M","?","?","R","$","?","T","?","M","E"],"items_purchased_type":["Card","Relic","Relic"],"build_version":"2020-12-22","purchased_purges":6,"victory":false,"max_hp_per_floor":[70,70,76,76,76,76,76,76,76,76,76,76,76,76,76,76,76,76,76,76,76,76,76,76,76,76,76,76,76,76,76,76,76,76,76,76,76,76,76,76,76,76,76,76,76,76,76,76,76,76,76,76,76,76,76,76,76,76,76,76,76,76,76,76,76,76,76,76,76,76,76,76,76,76,76,76,76,84,84,84,84],"card_choices":[{"not_picked":["PiercingWail","Outmaneuver","Calculated Gamble"],"picked":"SKIP","floor":1},{"not_picked":["Blade Dance","Sucker Punch"],"picked":"Dagger Throw","floor":4},{"not_picked":["PiercingWail","Catalyst","Dodge and Roll"],"picked":"SKIP","floor":5},{"not_picked":["PiercingWail","Catalyst","Dodge and Roll"],"picked":"SKIP","floor":5},{"not_picked":["hubris:SlightOfHand","Outmaneuver"],"picked":"Crippling Poison","floor":7},{"not_picked":["Toxin Wave","Prepared","ReplayTheSpireMod:The Works"],"picked":"SKIP","floor":10},{"not_picked":["Unload","Hidden Blade","hubris:SlightOfHand"],"picked":"SKIP","floor":14},{"not_picked":["Hidden Blade","Leg Sweep+1"],"picked":"Dagger Throw","floor":18},{"not_picked":["Flying Knee","hubris:SlightOfHand+1"],"picked":"Backflip","floor":20},{"not_picked":["Draining Mist","Noxious Fumes"],"picked":"Backflip","floor":27},{"not_picked":["ReplayTheSpireMod:Shiv Toss","Skewer","Burst"],"picked":"SKIP","floor":31},{"not_picked":["conspire:PoisonWeapons","Dagger Spray"],"picked":"Backstab+1","floor":35},{"not_picked":["Riddle With Holes","Outmaneuver","PiercingWail+1"],"picked":"SKIP","floor":36},{"not_picked":["Catalyst+1","hubris:TrickCloak+1","Wraith Form v2"],"picked":"SKIP","floor":38},{"not_picked":["Bane+1","Expertise"],"picked":"Predator+1","floor":39},{"not_picked":["Crippling Poison","Dagger Throw+1"],"picked":"Dash+1","floor":40},{"not_picked":["Caltrops+1","Cloak And Dagger+1","Endless Agony"],"picked":"SKIP","floor":44},{"not_picked":["Bane+1","Slice"],"picked":"Predator+1","floor":45},{"not_picked":["Storm of Steel","Draining Mist+1","Quick Slash"],"picked":"SKIP","floor":46},{"not_picked":["ReplayTheSpireMod:Scrap Shanks+1","hubris:Sniper+1","Prepared"],"picked":"SKIP","floor":48},{"not_picked":["Doppelganger","After Image"],"picked":"Night Terror","floor":50},{"not_picked":["Noxious Fumes","ReplayTheSpireMod:Speed Training"],"picked":"Backstab","floor":52},{"not_picked":["Blade Dance","Bane","Slice"],"picked":"SKIP","floor":56},{"not_picked":["Dodge and Roll","Deadly Poison","Calculated Gamble"],"picked":"SKIP","floor":57},{"not_picked":["Outmaneuver","conspire:DoublingDagger","Slice"],"picked":"SKIP","floor":59},{"not_picked":["Well Laid Plans","Sucker Punch","Dagger Spray"],"picked":"SKIP","floor":61},{"not_picked":["Deadly Poison","Noxious Fumes","Slice"],"picked":"SKIP","floor":63},{"not_picked":["Concentrate","Night Terror","Blade Dance"],"picked":"SKIP","floor":64},{"not_picked":["Blade Dance"],"picked":"SKIP","floor":69},{"not_picked":[],"picked":"Leg Sweep+1","floor":71},{"not_picked":["Dagger Throw"],"picked":"SKIP","floor":76},{"not_picked":["Acrobatics+1"],"picked":"SKIP","floor":79}],"player_experience":572936,"relics_obtained":[{"floor":8,"key":"infinitespire:CheckeredPen"},{"floor":10,"key":"Runesmith:AutoHammer"},{"floor":21,"key":"Enchiridion"},{"floor":24,"key":"infinitespire:Satchel"},{"floor":26,"key":"Quantum Egg"},{"floor":27,"key":"Torii"},{"floor":31,"key":"Toy Ornithopter"},{"floor":40,"key":"reliquary:SharkskinSheath"},{"floor":43,"key":"Pet Ghost"},{"floor":47,"key":"hubris:DuctTape"},{"floor":48,"key":"Unceasing Top"},{"floor":57,"key":"hubris:CrystalStatue"},{"floor":59,"key":"Blue Doll"},{"floor":60,"key":"Tiny Chest"},{"floor":61,"key":"Dead Branch"},{"floor":72,"key":"Ice Cream"},{"floor":77,"key":"infinitespire:CheckeredPen"}],"event_choices":[{"damage_healed":0,"gold_gain":0,"player_choice":"RENOUNCE","damage_taken":45,"max_hp_gain":0,"max_hp_loss":0,"event_name":"betterThird:BetterSerpent","floor":3,"gold_loss":45,"cards_obtained":["Enlightenment"]},{"damage_healed":0,"gold_gain":0,"player_choice":"Obtained Book","damage_taken":16,"max_hp_gain":0,"max_hp_loss":0,"event_name":"Cursed Tome","floor":21,"gold_loss":0},{"damage_healed":0,"gold_gain":0,"player_choice":"2","damage_taken":0,"max_hp_gain":0,"max_hp_loss":0,"event_name":"betterMatch:BetterMatch","floor":42,"gold_loss":0,"cards_obtained":[]},{"cards_removed":["hubris:Greed"],"damage_healed":0,"gold_gain":0,"player_choice":"Purged","damage_taken":0,"max_hp_gain":0,"max_hp_loss":0,"event_name":"Purifier","floor":55,"gold_loss":0},{"damage_healed":0,"gold_gain":0,"player_choice":"3","damage_taken":0,"max_hp_gain":0,"max_hp_loss":0,"event_name":"betterMatch:BetterMatch","floor":70,"gold_loss":0,"cards_obtained":[]}],"is_beta":false,"boss_relics":[{"not_picked":["Painkiller Herb","Snecko Scales"],"picked":"energizedSpire:CursedPentagram"},{"not_picked":["hubris:RunicObelisk","Replay:Wanted Poster"],"picked":"Replay:Grab Bag"},{"not_picked":["energizedSpire:EnergizedDie","Velvet Choker"],"picked":"reliquary:RedPaperclip"},{"not_picked":["ReplayTheSpireMod:Onyx Gauntlets","ReplayTheSpireMod:DimensionalGlitch"],"picked":"energizedSpire:PogoStick"},{"not_picked":["Pandora\u0027s Box","Astrolabe"],"picked":"Kintsugi"},{"not_picked":["energizedSpire:NeverEndingSparkler","Philosopher\u0027s Stone"],"picked":"HoveringKite"},{"not_picked":["energizedSpire:StickyHand","Sozu"],"picked":"Busted Crown"}],"items_purged_floors":[11,19,25,28,37,54],"is_endless":true,"potions_floor_spawned":[1,5,7,16,18,31,33,36,38,40,46,48,56,57,67,71],"killed_by":"ruina:Mountain","ascension_level":3}}