{"host":"cdbhaz9p3iutjbyx","time":1613495767,"event":{"mods":["AchievementEnabler","BaseMod","Downfall","GifTheSpireLib","Hubris","Minty Spire (QoL Compilation)","StSLib","The Cursed","The Disciple","The Forsaken","The Necromancer","The Senshi"],"gold_per_floor":[111,38,38,55,130,159,84,149,149,149,72,72,72,86,86,185,185,200,190,201,212,140,140,155,155,228,228,153,164,181,81,81,182,182,192,203,47,47,58,58,0,33,33,33,33,33,33,47,47,47],"floor_reached":51,"language":"ENG","playtime":3339,"items_purged":["Defend_B","Strike_B"],"score":698,"play_id":"84c28f34-278a-4bea-ab86-3a2753864b0f","local_time":"20210216181607","is_ascension_mode":false,"campfire_choices":[{"floor":10,"key":"REST"},{"floor":12,"key":"REST"},{"floor":15,"key":"REST"},{"floor":23,"key":"REST"},{"floor":25,"key":"REST"},{"floor":27,"key":"REST"},{"floor":32,"key":"REST"},{"floor":40,"key":"REST"},{"floor":44,"key":"REST"},{"floor":49,"key":"REST"}],"circlet_count":0,"master_deck":["Strike_B","Defend_B","Defend_B","Defend_B","Zap","Dualcast","Doom and Gloom","Capacitor","Coolheaded","Capacitor","Consume+1","Redo","Static Discharge+1","Storm","Compile Driver","Consume","Rainbow+1","Glacier+1","Ball Lightning+1","White Noise","Coolheaded","Defragment","Lockon+1","White Noise","Storm","Barrage+1","Redo","Ball Lightning+1","Seek","hubris:SpecializedCircuitry","Chaos","Tempest+1","Machine Learning","Conserve Battery+1","Storm+1","Steam Power+1","Redo+1","Cold Snap+1","Fusion","Glacier+1","Tempest+1","Force Field+1","Ball Lightning+1"],"relics":["FrozenCore","NeowsBlessing","Anchor","Dream Catcher","Potion Belt","Fusion Hammer","Shuriken","Orrery","hubris:Towel","Red Mask","HornCleat","Pantograph","theSenshi:FeatherClipsRelic"],"acts_visited":["Exordium","TheCity","TheBeyond"],"potions_floor_usage":[33,50,50,50,50],"damage_taken":[{"damage":0,"enemies":"2 Louse","floor":1,"turns":1},{"damage":0,"enemies":"Small Slimes","floor":4,"turns":1},{"damage":0,"enemies":"3 Sentries","floor":6,"turns":1},{"damage":44,"enemies":"Lagavulin Event","floor":8,"turns":7},{"damage":1,"enemies":"Jaw Worm","floor":14,"turns":3},{"damage":27,"enemies":"Slime Boss","floor":16,"turns":9},{"damage":0,"enemies":"Chosen","floor":18,"turns":4},{"damage":24,"enemies":"2 Thieves","floor":19,"turns":5},{"damage":2,"enemies":"Centurion and Healer","floor":20,"turns":6},{"damage":6,"enemies":"Sentry and Sphere","floor":21,"turns":4},{"damage":20,"enemies":"Snecko","floor":24,"turns":4},{"damage":18,"enemies":"3 Cultists","floor":29,"turns":3},{"damage":9,"enemies":"Snake Plant","floor":30,"turns":3},{"damage":26,"enemies":"hubris:MusketHawk","floor":33,"turns":5},{"damage":0,"enemies":"3 Shapes","floor":35,"turns":5},{"damage":14,"enemies":"3 Darklings","floor":36,"turns":4},{"damage":11,"enemies":"Sphere and 2 Shapes","floor":39,"turns":4},{"damage":53,"enemies":"Nemesis","floor":42,"turns":5},{"damage":12,"enemies":"Jaw Worm Horde","floor":48,"turns":4},{"damage":62,"enemies":"Donu and Deca","floor":50,"turns":6}],"seed_played":"5174298168173959513","potions_obtained":[{"floor":4,"key":"AttackPotion"},{"floor":6,"key":"LiquidBronze"},{"floor":18,"key":"LiquidBronze"},{"floor":19,"key":"Ancient Potion"},{"floor":29,"key":"Strength Potion"},{"floor":30,"key":"LiquidBronze"},{"floor":36,"key":"PotionOfCapacity"},{"floor":39,"key":"Energy Potion"}],"is_trial":false,"path_per_floor":["M","$","?","M","?","E","$","?","T","R","$","R","?","M","R","B",null,"M","M","M","M","$","R","M","R","T","R","?","M","M","$","R","B",null,"M","M","$","?","M","R","?","E","T","R","?","T","$","M","R","B",null],"character_chosen":"DEFECT","items_purchased":["Capacitor","Static Discharge","Defragment","Orrery"],"campfire_rested":10,"item_purchase_floors":[2,11,22,37],"current_hp_per_floor":[75,75,75,75,64,64,64,20,20,42,42,64,49,48,70,43,75,75,51,49,43,43,65,45,67,67,75,75,57,48,48,70,44,75,75,61,61,61,50,72,72,19,19,41,41,41,41,35,57,19],"gold":47,"neow_bonus":"THREE_ENEMY_KILL","is_daily":false,"chose_seed":false,"campfire_upgraded":0,"win_rate":0.0,"timestamp":1613495767,"path_taken":["M","$","?","M","?","E","$","?","T","R","?","R","?","M","R","BOSS","M","M","M","M","$","R","M","R","T","R","?","M","M","$","R","BOSS","M","M","$","?","M","R","?","E","T","R","?","?","$","M","R","BOSS"],"items_purchased_type":["Card","Card","Card","Relic"],"build_version":"2020-12-22","purchased_purges":2,"victory":true,"max_hp_per_floor":[75,75,75,75,75,75,75,75,75,75,75,75,75,75,75,75,75,75,75,75,75,75,75,75,75,75,75,75,75,75,75,75,75,75,75,75,75,75,75,75,75,75,75,75,75,75,75,75,75,75],"card_choices":[{"not_picked":["Redo","Compile Driver"],"picked":"Doom and Gloom","floor":1},{"not_picked":["Leap","Sweeping Beam"],"picked":"Coolheaded","floor":4},{"not_picked":["Cold Snap","Coolheaded"],"picked":"Capacitor","floor":6},{"not_picked":["hubris:DoWhile","Steam"],"picked":"Consume","floor":8},{"not_picked":["Streamline","hubris:Ukulele"],"picked":"Redo","floor":10},{"not_picked":["Ball Lightning","Coolheaded"],"picked":"Storm","floor":12},{"not_picked":["Go for the Eyes","Conserve Battery"],"picked":"Compile Driver","floor":14},{"not_picked":["Beam Cell","Double Energy"],"picked":"Consume","floor":15},{"not_picked":["Fission","hubris:Prefetch"],"picked":"Rainbow","floor":16},{"not_picked":["Rip and Tear","Hello World"],"picked":"Glacier+1","floor":18},{"not_picked":["Stack","Gash"],"picked":"Ball Lightning+1","floor":19},{"not_picked":["Cold Snap","Blizzard"],"picked":"White Noise","floor":20},{"not_picked":["Steam","Cold Snap"],"picked":"Coolheaded","floor":21},{"not_picked":["Leap","Melter"],"picked":"Lockon+1","floor":23},{"not_picked":["Hello World","Skim"],"picked":"White Noise","floor":24},{"not_picked":["Go for the Eyes","Conserve Battery"],"picked":"Storm","floor":25},{"not_picked":["Genetic Algorithm","Stack"],"picked":"Barrage+1","floor":27},{"not_picked":["Leap","All For One"],"picked":"Redo","floor":29},{"not_picked":["Leap","Streamline+1"],"picked":"Ball Lightning+1","floor":30},{"not_picked":["Ball Lightning","Leap+1"],"picked":"Seek","floor":32},{"not_picked":["Thunder Strike","All For One"],"picked":"hubris:SpecializedCircuitry","floor":33},{"not_picked":["Barrage","Steam"],"picked":"Chaos","floor":35},{"not_picked":["Gash+1","Auto Shields+1"],"picked":"Tempest+1","floor":36},{"not_picked":["Gash+1","Genetic Algorithm+1"],"picked":"Machine Learning","floor":37},{"not_picked":["Beam Cell+1","Leap"],"picked":"Conserve Battery+1","floor":37},{"not_picked":["hubris:PowerSurge","Rip and Tear"],"picked":"Storm+1","floor":37},{"not_picked":["Reinforced Body","Gash+1"],"picked":"Steam Power+1","floor":37},{"not_picked":["Compile Driver+1","Scrape+1"],"picked":"Redo+1","floor":37},{"not_picked":["Streamline","Gash"],"picked":"Cold Snap+1","floor":39},{"not_picked":["Steam","Ball Lightning+1"],"picked":"Fusion","floor":40},{"not_picked":["BootSequence+1","Blizzard"],"picked":"Glacier+1","floor":42},{"not_picked":["Ball Lightning","Blizzard"],"picked":"Tempest+1","floor":44},{"not_picked":["Go for the Eyes+1","Ball Lightning+1"],"picked":"Force Field+1","floor":48},{"not_picked":["Leap+1","Beam Cell+1"],"picked":"Ball Lightning+1","floor":49}],"player_experience":12054,"relics_obtained":[{"floor":6,"key":"Anchor"},{"floor":8,"key":"Dream Catcher"},{"floor":9,"key":"Potion Belt"},{"floor":26,"key":"Shuriken"},{"floor":42,"key":"HornCleat"},{"floor":43,"key":"Pantograph"},{"floor":46,"key":"theSenshi:FeatherClipsRelic"}],"event_choices":[{"cards_removed":["Strike_B"],"damage_healed":0,"gold_gain":0,"player_choice":"Forget","damage_taken":0,"max_hp_gain":0,"max_hp_loss":0,"event_name":"Living Wall","floor":3,"gold_loss":0},{"damage_healed":0,"gold_gain":75,"player_choice":"Gather Gold","damage_taken":11,"max_hp_gain":0,"max_hp_loss":0,"event_name":"World of Goop","floor":5,"gold_loss":0},{"damage_healed":0,"gold_gain":0,"player_choice":"Searched \u00272\u0027 times","damage_taken":0,"max_hp_gain":0,"max_hp_loss":0,"event_name":"Dead Adventurer","floor":8,"gold_loss":0},{"damage_healed":0,"gold_gain":0,"player_choice":"Entered Light","damage_taken":15,"max_hp_gain":0,"max_hp_loss":0,"event_name":"Shining Light","floor":13,"gold_loss":0,"cards_upgraded":["Consume","Static Discharge"]},{"cards_removed":["Strike_B"],"damage_healed":0,"gold_gain":0,"player_choice":"Gave Gold","damage_taken":0,"max_hp_gain":0,"max_hp_loss":0,"event_name":"Beggar","floor":28,"gold_loss":75},{"damage_healed":0,"gold_gain":0,"player_choice":"Paid","damage_taken":0,"relics_obtained":["Red Mask"],"max_hp_gain":0,"max_hp_loss":0,"event_name":"Tomb of Lord Red Mask","floor":41,"gold_loss":58}],"is_beta":false,"boss_relics":[{"not_picked":["SlaversCollar","Snecko Eye"],"picked":"Fusion Hammer"},{"not_picked":["hubris:GrandSneckoEye","Sozu"],"picked":"FrozenCore"}],"items_purged_floors":[7,31],"is_endless":false,"potions_floor_spawned":[4,6,18,19,29,30,36,39],"ascension_level":0}}