{"host":"h3ogdo6no3ehk88q","time":1613487001,"event":{"mods":["AchievementEnabler","BaseMod","Hermit","Marisa????????","Minty Spire (QoL Compilation)","StSLib","SuperFastMode","The Bug Knight","The Cursed","The Disciple","The Necromancer","The Servant 0.9.4"],"gold_per_floor":[119,194,257,277,277,287,287,134,166,131,131,203,217,242,242,56,7,40,40,145,145,145,248,248,264,264,264,264,283,283,295,295,0,81,81,100,119,150,150,249,249,353,353,373,373,386,396,396,396,396,425,441,441,459,471,471,18,30,48,48,48,48],"floor_reached":63,"language":"ENG","playtime":1918,"items_purged":["Strike_R"],"score":1740,"play_id":"1e521470-45f6-4d18-8b50-4b81b25317a2","local_time":"20210216095001","is_ascension_mode":true,"campfire_choices":[{"data":"Shrug It Off","floor":7,"key":"SMITH"},{"floor":15,"key":"REST"},{"data":"Berserk","floor":19,"key":"SMITH"},{"data":"Immolate","floor":22,"key":"SMITH"},{"data":"Feel No Pain","floor":30,"key":"SMITH"},{"data":"Demon Form","floor":32,"key":"SMITH"},{"data":"Inflame","floor":39,"key":"SMITH"},{"data":"Intimidate","floor":41,"key":"SMITH"},{"data":"Bludgeon","floor":49,"key":"SMITH"},{"data":"True Grit","floor":56,"key":"SMITH"},{"data":"Feel No Pain","floor":60,"key":"SMITH"},{"data":"True Grit","floor":61,"key":"SMITH"}],"circlet_count":0,"master_deck":["AscendersBane","Strike_R","Strike_R","Strike_R","Defend_R","Defend_R","Defend_R","Defend_R","Bash+1","Shrug It Off+1","Intimidate+1","Inflame+1","Feel No Pain+1","Berserk+1","Immolate+1","Reaper+1","CurseOfTheBell","Spot Weakness","Barricade","Demon Form+1","Shockwave+1","Flame Barrier+1","Clothesline+1","Bludgeon+1","True Grit+1","True Grit+1","True Grit+1","Feel No Pain+1","Dark Embrace"],"relics":["Burning Blood","Centennial Puzzle","CaptainsWheel","Gremlin Horn","HollowMod:StagPassRelic","Art of War","PreservedInsect","FossilizedHelix","Snecko Eye","Calling Bell","Nunchaku","Pear","Prayer Wheel","MealTicket","Singing Bowl","Red Skull","SlaversCollar","Bag of Marbles","Happy Flower","Ice Cream","ClockworkSouvenir","Pen Nib","Oddly Smooth Stone"],"acts_visited":["Exordium","TheCity","TheBeyond"],"potions_floor_usage":[36,51,55],"damage_taken":[{"damage":5,"enemies":"Small Slimes","floor":1,"turns":3},{"damage":0,"enemies":"2 Louse","floor":4,"turns":4},{"damage":9,"enemies":"Cultist","floor":6,"turns":4},{"damage":82,"enemies":"HollowMod:MossKnight","floor":9,"turns":18},{"damage":24,"enemies":"Large Slime","floor":13,"turns":10},{"damage":10,"enemies":"3 Sentries","floor":18,"turns":6},{"damage":28,"enemies":"The Guardian","floor":20,"turns":14},{"damage":9,"enemies":"The Guardian","floor":23,"turns":7},{"damage":8,"enemies":"3 Byrds","floor":25,"turns":4},{"damage":0,"enemies":"Chosen","floor":29,"turns":5},{"damage":3,"enemies":"Snake Plant","floor":31,"turns":4},{"damage":9,"enemies":"Centurion and Healer","floor":36,"turns":3},{"damage":9,"enemies":"Snecko","floor":37,"turns":6},{"damage":0,"enemies":"Gremlin Leader","floor":38,"turns":4},{"damage":41,"enemies":"Automaton","floor":42,"turns":8},{"damage":0,"enemies":"Orb Walker","floor":44,"turns":3},{"damage":0,"enemies":"3 Shapes","floor":46,"turns":2},{"damage":0,"enemies":"Spire Growth","floor":47,"turns":5},{"damage":0,"enemies":"HollowMod:StalkingDevout","floor":51,"turns":5},{"damage":14,"enemies":"Writhing Mass","floor":52,"turns":5},{"damage":0,"enemies":"Maw","floor":54,"turns":7},{"damage":10,"enemies":"Transient","floor":55,"turns":5},{"damage":0,"enemies":"3 Darklings","floor":58,"turns":4},{"damage":28,"enemies":"4 Shapes","floor":59,"turns":4},{"damage":12,"enemies":"Time Eater","floor":62,"turns":8}],"seed_played":"6717747453804787080","potions_obtained":[{"floor":4,"key":"FairyPotion"},{"floor":9,"key":"Swift Potion"},{"floor":25,"key":"Weak Potion"},{"floor":42,"key":"AttackPotion"},{"floor":46,"key":"LiquidMemories"},{"floor":51,"key":"ColorlessPotion"},{"floor":59,"key":"BloodPotion"}],"is_trial":false,"path_per_floor":["M","?","?","M","?","M","R","$","E","?","T","T","M","T","R","$","$","E","R","B",null,"R","B",null,"M","?","?","?","M","R","M","R","$","T","T","M","M","E","R","?","R","B",null,"M","?","M","M","T","R","?","E","M","T","M","M","R","$","M","M","R","R","B",null],"character_chosen":"IRONCLAD","items_purchased":["Centennial Puzzle","PreservedInsect","Feel No Pain","ColorlessPotion","Flame Barrier","MealTicket","ClockworkSouvenir","Pen Nib","Oddly Smooth Stone"],"campfire_rested":1,"item_purchase_floors":[8,16,16,17,33,33,57,57,57],"current_hp_per_floor":[73,62,62,68,68,65,65,65,30,50,50,50,32,32,56,56,56,52,52,30,30,30,27,77,81,81,81,81,90,90,90,90,90,90,90,91,96,98,98,98,98,81,94,102,102,106,110,110,110,110,112,110,110,116,120,120,120,120,100,100,100,115],"gold":48,"neow_bonus":"UPGRADE_CARD","is_daily":false,"chose_seed":false,"campfire_upgraded":11,"win_rate":0.0,"timestamp":1613487001,"path_taken":["M","?","?","M","?","?","R","$","E","?","T","T","M","?","R","?","$","E","R","BOSS","R","BOSS","M","?","?","?","M","R","M","R","$","T","T","M","?","E","R","?","R","BOSS","M","?","?","M","?","R","?","E","?","T","M","M","R","$","M","M","R","R","BOSS"],"items_purchased_type":["Relic","Relic","Card","Potion","Card","Relic","Relic","Relic","Relic"],"build_version":"2020-12-22","purchased_purges":1,"victory":true,"max_hp_per_floor":[80,80,80,80,80,80,80,80,80,80,80,80,80,80,80,80,80,80,80,80,80,80,80,90,90,90,90,90,90,90,90,90,90,90,90,94,96,98,98,98,98,98,98,102,102,106,110,110,110,110,112,112,112,116,120,120,120,120,122,122,122,122],"card_choices":[{"not_picked":["Perfected Strike","Armaments"],"picked":"Shrug It Off","floor":1},{"not_picked":["Dark Embrace","Heavy Blade"],"picked":"Intimidate","floor":4},{"not_picked":["Armaments","Anger","Body Slam"],"picked":"SKIP","floor":6},{"not_picked":["Wild Strike","Anger","Havoc"],"picked":"SKIP","floor":9},{"not_picked":["Dark Embrace","Headbutt"],"picked":"Inflame","floor":13},{"not_picked":["Thunderclap","Perfected Strike"],"picked":"Berserk","floor":18},{"not_picked":["Barricade","Offering"],"picked":"Immolate","floor":20},{"not_picked":["Immolate","Exhume"],"picked":"Reaper","floor":23},{"not_picked":["Pommel Strike","Feel No Pain"],"picked":"Spot Weakness","floor":25},{"not_picked":["Headbutt","Armaments","Cleave+1"],"picked":"SKIP","floor":25},{"not_picked":["Armaments","Inflame"],"picked":"Shockwave+1","floor":29},{"not_picked":["Twin Strike","Battle Trance","Barricade"],"picked":"SKIP","floor":29},{"not_picked":["Heavy Blade","Rampage","Whirlwind"],"picked":"SKIP","floor":31},{"not_picked":["Pommel Strike","Power Through","Clash+1"],"picked":"SKIP","floor":31},{"not_picked":["Ghostly Armor+1","Headbutt","Blood for Blood"],"picked":"Singing Bowl","floor":36},{"not_picked":["Evolve","Sword Boomerang","Demon Form"],"picked":"Singing Bowl","floor":36},{"not_picked":["Blood for Blood","Flex"],"picked":"Clothesline+1","floor":37},{"not_picked":["Hemokinesis","Clothesline","Evolve"],"picked":"Singing Bowl","floor":37},{"not_picked":["Body Slam","Feel No Pain","Heavy Blade"],"picked":"Singing Bowl","floor":38},{"not_picked":["Brutality","Exhume"],"picked":"Bludgeon","floor":42},{"not_picked":["Armaments+1","Pommel Strike+1","Warcry"],"picked":"Singing Bowl","floor":44},{"not_picked":["Flex","Sword Boomerang","Pommel Strike"],"picked":"Singing Bowl","floor":44},{"not_picked":["Fiend Fire","Iron Wave+1","Clash"],"picked":"Singing Bowl","floor":46},{"not_picked":["Pommel Strike","Hemokinesis","Evolve+1"],"picked":"Singing Bowl","floor":46},{"not_picked":["Flex","Anger","Inflame"],"picked":"Singing Bowl","floor":47},{"not_picked":["Clothesline","Infernal Blade","Ghostly Armor"],"picked":"Singing Bowl","floor":47},{"not_picked":["Blood for Blood","Combust+1","Searing Blow"],"picked":"Singing Bowl","floor":51},{"not_picked":["Sword Boomerang","Rampage+1"],"picked":"True Grit","floor":52},{"not_picked":["Anger+1","Combust"],"picked":"True Grit","floor":52},{"not_picked":["Berserk","Wild Strike+1","Shrug It Off"],"picked":"Singing Bowl","floor":54},{"not_picked":["Blood for Blood","Flex","Warcry"],"picked":"Singing Bowl","floor":54},{"not_picked":["Sword Boomerang","True Grit+1","Dual Wield"],"picked":"Singing Bowl","floor":55},{"not_picked":["Perfected Strike","Sever Soul+1","Pommel Strike"],"picked":"Singing Bowl","floor":55},{"not_picked":["Clash+1","Body Slam"],"picked":"True Grit+1","floor":58},{"not_picked":["Cleave+1","Iron Wave"],"picked":"Feel No Pain","floor":58},{"not_picked":["Iron Wave","Sword Boomerang+1","Power Through"],"picked":"Singing Bowl","floor":59},{"not_picked":["Disarm","Infernal Blade+1"],"picked":"Dark Embrace","floor":59}],"player_experience":906553,"relics_obtained":[{"floor":9,"key":"CaptainsWheel"},{"floor":11,"key":"Gremlin Horn"},{"floor":12,"key":"HollowMod:StagPassRelic"},{"floor":14,"key":"Art of War"},{"floor":18,"key":"FossilizedHelix"},{"floor":24,"key":"Nunchaku"},{"floor":24,"key":"Pear"},{"floor":24,"key":"Prayer Wheel"},{"floor":34,"key":"Singing Bowl"},{"floor":38,"key":"Red Skull"},{"floor":48,"key":"Bag of Marbles"},{"floor":51,"key":"Happy Flower"},{"floor":53,"key":"Ice Cream"}],"event_choices":[{"damage_healed":0,"gold_gain":75,"player_choice":"Gather Gold","damage_taken":11,"max_hp_gain":0,"max_hp_loss":0,"event_name":"World of Goop","floor":2,"gold_loss":0},{"damage_healed":0,"gold_gain":63,"player_choice":"Gained Gold","damage_taken":0,"max_hp_gain":0,"max_hp_loss":0,"event_name":"Golden Wing","floor":3,"gold_loss":0},{"damage_healed":0,"gold_gain":0,"player_choice":"0 cards matched","damage_taken":0,"max_hp_gain":0,"max_hp_loss":0,"event_name":"Match and Keep!","floor":5,"gold_loss":0,"cards_obtained":[]},{"damage_healed":20,"gold_gain":0,"player_choice":"Healed","damage_taken":0,"max_hp_gain":0,"max_hp_loss":0,"event_name":"The Cleric","floor":10,"gold_loss":35},{"damage_healed":0,"gold_gain":0,"player_choice":"Read","damage_taken":0,"max_hp_gain":0,"max_hp_loss":0,"event_name":"The Library","floor":26,"gold_loss":0,"cards_obtained":["Barricade"]},{"damage_healed":0,"gold_gain":0,"player_choice":"Ignored","damage_taken":0,"max_hp_gain":0,"max_hp_loss":0,"event_name":"Ghosts","floor":27,"gold_loss":0},{"damage_healed":0,"gold_gain":0,"cards_transformed":["Strike_R"],"player_choice":"Transformed","damage_taken":0,"max_hp_gain":0,"max_hp_loss":0,"event_name":"Transmorgrifier","floor":28,"gold_loss":0,"cards_obtained":["Demon Form"]},{"damage_healed":0,"gold_gain":99,"player_choice":"Stole From Cult","damage_taken":0,"max_hp_gain":0,"max_hp_loss":0,"event_name":"Nest","floor":40,"gold_loss":0},{"damage_healed":0,"gold_gain":0,"player_choice":"Ignored","damage_taken":0,"max_hp_gain":0,"max_hp_loss":0,"event_name":"SecretPortal","floor":45,"gold_loss":0},{"damage_healed":0,"gold_gain":0,"player_choice":"Forge","damage_taken":0,"max_hp_gain":0,"max_hp_loss":0,"event_name":"Accursed Blacksmith","floor":50,"gold_loss":0,"cards_upgraded":["Reaper"]}],"is_beta":false,"boss_relics":[{"not_picked":["Cursed Key","Philosopher\u0027s Stone"],"picked":"Snecko Eye"},{"not_picked":["Astrolabe","SacredBark"],"picked":"Calling Bell"},{"not_picked":["Tiny House","Pandora\u0027s Box"],"picked":"SlaversCollar"}],"items_purged_floors":[33],"is_endless":false,"potions_floor_spawned":[4,9,20,25,29,42,46,47,51,59],"ascension_level":12}}