{"host":"2uq4yl5bzsf2ox6r","time":1613478600,"event":{"mods":["BaseMod","Downfall","Minty Spire (QoL Compilation)","Relic Stats","StSLib"],"gold_per_floor":[99,109,129,148,148,181,236,267,281,296,54,54,54,39,54,159,159,159,176,176,190,209,227,227,227,55,74,74,101,24,67,94,201,213,225,237,276,311,384,436,472,484,605,636,659,708,736,765,787,799],"floor_reached":51,"language":"ENG","playtime":3982,"items_purged":["Slimebound:Strike_Slimebound","Slimebound:Defend_Slimebound"],"score":879,"play_id":"f5539300-6dec-4c7a-9d0e-11c47d5b82a7","local_time":"20210216073000","is_ascension_mode":true,"campfire_choices":[{"data":"Slimebound:CorrosiveSpit","floor":1,"key":"SMITH"},{"data":"Slimebound:GoopSpray","floor":12,"key":"SMITH"},{"data":"Slimebound:HauntingLick","floor":18,"key":"SMITH"},{"data":"Slimebound:HauntingLick","floor":35,"key":"SMITH"},{"data":"Slimebound:HauntingLick","floor":42,"key":"SMITH"}],"circlet_count":0,"master_deck":["Slimebound:Strike_Slimebound","Slimebound:Strike_Slimebound+1","Slimebound:Tackle+1","Slimebound:Defend_Slimebound","Slimebound:Defend_Slimebound","Slimebound:Split+1","Slimebound:CorrosiveSpit+1","Slimebound:HauntingLick+1","Slimebound:SlimeSpikes","Slimebound:HauntingLick+1","Slimebound:GoopSpray+1","Slimebound:RollThrough","Slimebound:SlimeSpikes","Slimebound:HauntingLick+1","Slimebound:Prepare","Slimebound:WasteNot","Slimebound:SplitBruiser+1","Slimebound:SplitLeeching+1","Slimebound:Nibble+1","Mayhem","Slimebound:PrepareCrush","Slimebound:Repurpose+1","Slimebound:ProtectTheBoss+1","Slimebound:FinishingTackle+1","Slimebound:SamplingLick+1","Slimebound:FormOfPuddle+1","Slimebound:ForwardTackle+1"],"relics":["Slimebound:AbsorbEndCombat","Bag of Marbles","Bronze Scales","Anchor","Medical Kit","PreservedInsect","Empty Cage","downfall:RedIOU","Pen Nib","Potion Belt","ClockworkSouvenir","Orichalcum","CeramicFish","MawBank","Slimebound:TarBlob","Gambling Chip","CaptainsWheel","Lantern","Toy Ornithopter","Happy Flower"],"acts_visited":["Exordium","TheCity","TheBeyond"],"potions_floor_usage":[16,22,23,29,29,37,44,47,47,50,50,50,50],"damage_taken":[{"damage":0,"enemies":"2 Louse","floor":2,"turns":2},{"damage":3,"enemies":"Small Slimes","floor":3,"turns":2},{"damage":0,"enemies":"Jaw Worm","floor":4,"turns":3},{"damage":31,"enemies":"3 Sentries","floor":6,"turns":9},{"damage":14,"enemies":"Gremlin Nob","floor":8,"turns":4},{"damage":0,"enemies":"Blue Slaver","floor":9,"turns":2},{"damage":0,"enemies":"3 Louse","floor":10,"turns":2},{"damage":5,"enemies":"downfall:FleeingMerchant","floor":11,"turns":4},{"damage":0,"enemies":"downfall:FleeingMerchant","floor":14,"turns":4},{"damage":0,"enemies":"2 Fungi Beasts","floor":15,"turns":4},{"damage":16,"enemies":"WA_ARCHETYPE_RETAIN","floor":16,"turns":9},{"damage":0,"enemies":"downfall:LooterAlt2","floor":19,"turns":4},{"damage":0,"enemies":"3 Byrds","floor":21,"turns":2},{"damage":15,"enemies":"Cultist and Chosen","floor":22,"turns":6},{"damage":0,"enemies":"Snecko","floor":23,"turns":3},{"damage":0,"enemies":"downfall:FleeingMerchant","floor":26,"turns":4},{"damage":9,"enemies":"3 Cultists","floor":27,"turns":4},{"damage":0,"enemies":"Gremlin Leader","floor":29,"turns":3},{"damage":9,"enemies":"downfall:FleeingMerchant","floor":30,"turns":4},{"damage":11,"enemies":"Slavers","floor":31,"turns":3},{"damage":2,"enemies":"Snake Plant","floor":32,"turns":3},{"damage":34,"enemies":"IC_MUSHROOM_ARCHETYPE","floor":33,"turns":7},{"damage":13,"enemies":"3 Shapes","floor":37,"turns":4},{"damage":14,"enemies":"3 Darklings","floor":38,"turns":3},{"damage":25,"enemies":"2 Orb Walkers","floor":39,"turns":4},{"damage":0,"enemies":"Giant Head","floor":40,"turns":5},{"damage":0,"enemies":"downfall:LadyInBlue","floor":43,"turns":3},{"damage":3,"enemies":"Jaw Worm Horde","floor":44,"turns":3},{"damage":0,"enemies":"Spire Growth","floor":45,"turns":3},{"damage":7,"enemies":"Nemesis","floor":46,"turns":3},{"damage":0,"enemies":"Writhing Mass","floor":47,"turns":3},{"damage":0,"enemies":"Sphere and 2 Shapes","floor":48,"turns":4},{"damage":6,"enemies":"3 Darklings","floor":49,"turns":4},{"damage":48,"enemies":"DF_ARCHETYPE_ORBS","floor":50,"turns":6}],"seed_played":"-7305906134908100958","potions_obtained":[{"floor":6,"key":"Strength Potion"},{"floor":8,"key":"DistilledChaos"},{"floor":9,"key":"Fire Potion"},{"floor":16,"key":"Slimebound:SlimyTonguePotion"},{"floor":19,"key":"Swift Potion"},{"floor":22,"key":"Slimebound:SpawnSlimePotion"},{"floor":33,"key":"SkillPotion"},{"floor":40,"key":"DistilledChaos"},{"floor":43,"key":"Guardian:BlockOnCardUsePotion"},{"floor":43,"key":"bronze:BurnAndBuffPotion"},{"floor":43,"key":"Fruit Juice"},{"floor":43,"key":"Fire Potion"},{"floor":44,"key":"LiquidMemories"},{"floor":45,"key":"Energy Potion"},{"floor":49,"key":"Slimebound:SlimyTonguePotion"}],"is_trial":false,"path_per_floor":["R","M","M","M","?","E","T","E","M","M","$","R","?","$","M","B",null,"R","M","?","M","M","M","T","?","$","M","?","E","$","E","M","B",null,"R","?","M","M","?","E","T","R","?","M","M","E","M","M","M","B",null],"character_chosen":"SLIMEBOUND","items_purchased":["Medical Kit","ClockworkSouvenir","CeramicFish","Mayhem"],"campfire_rested":0,"item_purchase_floors":[11,26,30,30],"current_hp_per_floor":[65,65,64,65,65,42,49,41,45,49,50,50,47,51,55,47,72,72,72,72,72,59,63,63,63,69,63,63,71,65,62,62,36,72,72,72,61,53,36,44,44,44,50,65,69,70,77,77,75,38],"gold":811,"neow_bonus":"RANDOM_COMMON_RELIC","is_daily":false,"chose_seed":false,"campfire_upgraded":5,"win_rate":0.0,"timestamp":1613478600,"path_taken":["R","M","M","M","?","E","T","E","M","M","$","R","?","?","M","BOSS","R","M","?","M","M","M","T","?","$","M","?","E","$","E","M","BOSS","R","?","M","M","?","E","T","R","?","?","M","E","M","M","M","BOSS"],"items_purchased_type":["Relic","Relic","Relic","Card"],"build_version":"2020-12-22","purchased_purges":2,"victory":true,"max_hp_per_floor":[65,65,65,65,65,65,72,72,72,72,72,72,72,72,72,72,72,72,72,72,72,72,72,72,72,72,72,72,72,72,72,72,72,72,72,72,72,72,72,72,72,72,72,77,77,77,77,77,77,77],"relic_stats":{"Happy Flower":[5],"counters":[34,129],"Bronze Scales":[330],"CeramicFish":72,"Gambling Chip":[15],"PreservedInsect":337,"Pen Nib":[9],"Orichalcum":[12],"Medical Kit":[14],"MawBank":240,"obtain_stats":[{"Potion Belt":25,"Lantern":41,"Happy Flower":46,"CeramicFish":30,"PreservedInsect":13,"Pen Nib":24,"Orichalcum":29,"Medical Kit":11,"Empty Cage":17,"MawBank":31,"ClockworkSouvenir":26,"Slimebound:TarBlob":34,"Anchor":8,"CaptainsWheel":40,"Bronze Scales":6,"Strawberry":7,"Gambling Chip":39,"downfall:RedIOU":20,"Slimebound:AbsorbEndCombat":0,"Bag of Marbles":0,"Toy Ornithopter":43},{"Potion Belt":15,"Lantern":26,"Happy Flower":30,"CeramicFish":19,"PreservedInsect":8,"Pen Nib":15,"Orichalcum":18,"Medical Kit":8,"Empty Cage":11,"MawBank":20,"ClockworkSouvenir":16,"Slimebound:TarBlob":22,"Anchor":5,"CaptainsWheel":26,"Bronze Scales":4,"Strawberry":4,"Gambling Chip":25,"downfall:RedIOU":12,"Slimebound:AbsorbEndCombat":0,"Bag of Marbles":0,"Toy Ornithopter":27},{"Potion Belt":58,"Lantern":101,"Happy Flower":113,"CeramicFish":72,"PreservedInsect":27,"Pen Nib":58,"Orichalcum":68,"Medical Kit":27,"Empty Cage":43,"MawBank":75,"ClockworkSouvenir":62,"Slimebound:TarBlob":85,"Anchor":19,"CaptainsWheel":101,"Bronze Scales":15,"Strawberry":15,"Gambling Chip":96,"downfall:RedIOU":47,"Slimebound:AbsorbEndCombat":0,"Bag of Marbles":0,"Toy Ornithopter":104}],"Toy Ornithopter":13},"card_choices":[{"not_picked":["Slimebound:FinishingTackle","Slimebound:Schlurp"],"picked":"Slimebound:HauntingLick","floor":2},{"not_picked":["Slimebound:LivingWall","Slimebound:FinishingTackle"],"picked":"Slimebound:SlimeSpikes","floor":3},{"not_picked":["Slimebound:SplitMire","Slimebound:BestDefense"],"picked":"Slimebound:HauntingLick","floor":4},{"not_picked":["Slimebound:SplitLeeching","Slimebound:Schlurp"],"picked":"Slimebound:GoopSpray","floor":6},{"not_picked":["Slimebound:SplitLeeching","Slimebound:Teamwork"],"picked":"Slimebound:RollThrough","floor":8},{"not_picked":["Slimebound:RollThrough","Slimebound:PressTheAttack"],"picked":"Slimebound:SlimeSpikes","floor":9},{"not_picked":["Slimebound:LivingWall","Slimebound:ProtectTheBoss"],"picked":"Slimebound:HauntingLick","floor":10},{"not_picked":["Slimebound:GrowthPunch","Slimebound:GoopSpray","Slimebound:RollThrough"],"picked":"SKIP","floor":11},{"not_picked":["Slimebound:SlimeBarrage","Slimebound:ForwardTackle"],"picked":"Slimebound:Prepare","floor":14},{"not_picked":["Slimebound:LivingWall","Slimebound:SplitAcid","Slimebound:Teamwork"],"picked":"SKIP","floor":15},{"not_picked":["Slimebound:CheckThePlaybook","Slimebound:Teamwork"],"picked":"Slimebound:WasteNot","floor":16},{"not_picked":["Slimebound:LivingWall+1","Slimebound:ForwardTackle+1"],"picked":"Slimebound:SplitBruiser+1","floor":19},{"not_picked":["Slimebound:LeechEnergy","Slimebound:Prepare"],"picked":"Slimebound:SplitLeeching+1","floor":21},{"not_picked":["Slimebound:RollThrough","Slimebound:TongueLash+1","Slimebound:FinishingTackle"],"picked":"SKIP","floor":22},{"not_picked":["Slimebound:Gluttony","Slimebound:Chomp","Slimebound:ComboTackle"],"picked":"SKIP","floor":23},{"not_picked":["Slimebound:LeechEnergy","Slimebound:Replication","Slimebound:DuplicatedForm"],"picked":"SKIP","floor":26},{"not_picked":["Slimebound:SplitLeeching","Slimebound:ItLooksTasty","Slimebound:DivideAndConquer"],"picked":"SKIP","floor":27},{"not_picked":["Slimebound:ServeAndProtect","Slimebound:Chomp","Slimebound:SlimeBrawl"],"picked":"SKIP","floor":29},{"not_picked":["Slimebound:RejuvenatingLick","Slimebound:Prepare"],"picked":"Slimebound:Nibble+1","floor":30},{"not_picked":["Slimebound:LivingWall","Slimebound:LeechingTouch"],"picked":"Slimebound:PrepareCrush","floor":31},{"not_picked":["Slimebound:RollThrough","Slimebound:LivingWall","Slimebound:Dissolve"],"picked":"SKIP","floor":32},{"not_picked":["Slimebound:GoopTackle","Slimebound:LeechEnergy"],"picked":"Slimebound:Repurpose+1","floor":37},{"not_picked":["Slimebound:SplitBruiser","Slimebound:ComboTackle"],"picked":"Slimebound:ProtectTheBoss+1","floor":38},{"not_picked":["Slimebound:GoopSpray+1","Slimebound:DisruptingSlam"],"picked":"Slimebound:FinishingTackle+1","floor":39},{"not_picked":["Slimebound:Schlurp+1","Slimebound:PressTheAttack+1"],"picked":"Slimebound:SamplingLick+1","floor":40},{"not_picked":["Slimebound:FinishingTackle+1","Slimebound:AcidTongue+1"],"picked":"Slimebound:FormOfPuddle+1","floor":43},{"not_picked":["Slimebound:FinishingTackle+1","Slimebound:LivingWall","Slimebound:FormOfPuddle"],"picked":"SKIP","floor":44},{"not_picked":["Slimebound:Chomp+1","Slimebound:ProtectTheBoss","Slimebound:BestDefense+1"],"picked":"SKIP","floor":45},{"not_picked":["Slimebound:SplitLeeching","Slimebound:CheckThePlaybook"],"picked":"Slimebound:ForwardTackle+1","floor":46},{"not_picked":["Slimebound:SlimeSpikes+1","Slimebound:ProtectTheBoss","Slimebound:SplitAcid"],"picked":"SKIP","floor":47},{"not_picked":["Slimebound:SplitLeeching","Slimebound:FinishingTackle","Slimebound:SlimeBrawl"],"picked":"SKIP","floor":48},{"not_picked":["Slimebound:Prepare","Slimebound:ForwardTackle","Slimebound:ItLooksTasty"],"picked":"SKIP","floor":49}],"player_experience":186397,"relics_obtained":[{"floor":6,"key":"Bronze Scales"},{"floor":7,"key":"Strawberry"},{"floor":8,"key":"Anchor"},{"floor":24,"key":"Pen Nib"},{"floor":29,"key":"Orichalcum"},{"floor":31,"key":"MawBank"},{"floor":39,"key":"Gambling Chip"},{"floor":40,"key":"CaptainsWheel"},{"floor":41,"key":"Lantern"},{"floor":43,"key":"Toy Ornithopter"},{"floor":46,"key":"Happy Flower"}],"event_choices":[{"damage_healed":0,"gold_gain":0,"player_choice":"Success","damage_taken":3,"relics_obtained":["PreservedInsect"],"max_hp_gain":0,"max_hp_loss":0,"event_name":"Scrap Ooze","floor":13,"gold_loss":0},{"damage_healed":0,"gold_gain":0,"player_choice":"Ignored","damage_taken":0,"max_hp_gain":0,"max_hp_loss":0,"event_name":"Vampires","floor":28,"gold_loss":0},{"damage_healed":0,"gold_gain":0,"player_choice":"Fight","damage_taken":0,"max_hp_gain":0,"max_hp_loss":0,"event_name":"Mysterious Sphere","floor":39,"gold_loss":0}],"is_beta":false,"boss_relics":[{"not_picked":["Slimebound:AbsorbEndCombatUpgraded","Philosopher\u0027s Stone"],"picked":"Empty Cage"},{"not_picked":["Sozu","Snecko Eye"],"picked":"Slimebound:TarBlob"}],"items_purged_floors":[11,30],"is_endless":false,"potions_floor_spawned":[6,8,9,16,19,22,33,40,43,44,45,49],"ascension_level":1}}