{"host":"tf5skwcwe0vlu2md","time":1613471077,"event":{"mods":["BaseMod","Downfall","Highlight Path","Minty Spire (QoL Compilation)","Quick Restart","StSLib","The Hierophant"],"gold_per_floor":[119,49,64,84,13,13,40,54,54,54,65,90,90,107,107,107,107],"floor_reached":16,"playtime":583,"items_purged":[],"score":129,"play_id":"38b24371-b7ad-4f10-a911-38e91c8d832f","local_time":"20210216212437","is_ascension_mode":true,"campfire_choices":[{"data":"Sunder","floor":6,"key":"SMITH"},{"data":"Dualcast","floor":10,"key":"SMITH"},{"data":"Zap","floor":15,"key":"SMITH"}],"circlet_count":0,"master_deck":["Strike_B","Strike_B","Strike_B","Strike_B","Defend_B","Defend_B","Defend_B","Defend_B","Zap+1","Dualcast+1","Reinforced Body","Sunder+1","Double Energy","Streamline","Loop","FTL","Capacitor","Sweeping Beam"],"relics":["Cracked Core","Pen Nib","Darkstone Periapt","Bottled Flame"],"acts_visited":["Exordium"],"potions_floor_usage":[8,16,16,16],"damage_taken":[{"damage":1,"enemies":"Cultist","floor":1,"turns":3},{"damage":3,"enemies":"Small Slimes","floor":3,"turns":3},{"damage":0,"enemies":"2 Louse","floor":4,"turns":1},{"damage":30,"enemies":"Gremlin Nob","floor":7,"turns":4},{"damage":0,"enemies":"Lots of Slimes","floor":8,"turns":2},{"damage":0,"enemies":"3 Louse","floor":11,"turns":1},{"damage":20,"enemies":"3 Sentries","floor":12,"turns":5},{"damage":8,"enemies":"Blue Slaver","floor":14,"turns":2},{"damage":22,"enemies":"The Guardian","floor":16,"turns":6}],"seed_played":"-5310735774135406023","potions_obtained":[{"floor":1,"key":"Explosive Potion"},{"floor":4,"key":"FearPotion"},{"floor":11,"key":"PowerPotion"},{"floor":12,"key":"PowerPotion"}],"is_trial":false,"path_per_floor":["M","$","M","M","$","R","E","M","T","R","M","E","$","M","R","B"],"character_chosen":"DEFECT","items_purchased":["Sunder","Loop"],"campfire_rested":0,"item_purchase_floors":[2,5],"current_hp_per_floor":[81,81,78,78,78,78,48,48,48,48,48,28,28,20,20,0,0],"gold":107,"neow_bonus":"TEN_PERCENT_HP_BONUS","is_daily":false,"chose_seed":false,"campfire_upgraded":3,"win_rate":0.0,"timestamp":1613471077,"path_taken":["M","?","M","M","?","R","E","M","T","R","M","E","$","M","R","BOSS"],"items_purchased_type":["Card","Card"],"build_version":"2020-12-13","purchased_purges":0,"victory":false,"max_hp_per_floor":[82,82,82,82,82,82,82,82,82,82,82,82,82,82,82,82,82],"card_choices":[{"not_picked":["Go for the Eyes","Gash"],"picked":"Reinforced Body","floor":1},{"not_picked":["Redo","Chaos"],"picked":"Double Energy","floor":3},{"not_picked":["Machine Learning","Hello World"],"picked":"Streamline","floor":4},{"not_picked":["Coolheaded","Beam Cell"],"picked":"FTL","floor":7},{"not_picked":["Stack","Hologram"],"picked":"Capacitor","floor":8},{"not_picked":["Aggregate","Gash","Double Energy"],"picked":"SKIP","floor":11},{"not_picked":["Steam Power","Barrage"],"picked":"Sweeping Beam","floor":12},{"not_picked":["Redo","Chill","Aggregate"],"picked":"SKIP","floor":14}],"player_experience":253234,"relics_obtained":[{"floor":7,"key":"Pen Nib"},{"floor":9,"key":"Darkstone Periapt"},{"floor":12,"key":"Bottled Flame"}],"event_choices":[],"is_beta":false,"boss_relics":[],"items_purged_floors":[],"is_endless":false,"potions_floor_spawned":[1,4,11,12],"killed_by":"The Guardian","ascension_level":3}}