{"host":"51dweoxrcspgw6ri","time":1613504168,"event":{"mods":["BaseMod","Colored Map","Colored Powertips","Minty Spire (QoL Compilation)","Rare Cards Sparkle","Relic Stats","StSLib","SuperFastMode"],"gold_per_floor":[116,116,136,148,159,159,159],"floor_reached":6,"language":"ENG","playtime":181,"items_purged":[],"score":70,"play_id":"88e04c2c-01a2-4594-b95f-789435e845ba","local_time":"20210216203608","is_ascension_mode":true,"campfire_choices":[],"circlet_count":0,"master_deck":["AscendersBane","Strike_B","Strike_B","Strike_B","Strike_B","Defend_B","Defend_B","Defend_B","Defend_B","Zap+1","Dualcast","Beam Cell","FTL","Melter","Go for the Eyes"],"relics":["Cracked Core","Bird Faced Urn"],"acts_visited":["Exordium"],"potions_floor_usage":[6,6],"damage_taken":[{"damage":11,"enemies":"Small Slimes","floor":1,"turns":4},{"damage":1,"enemies":"Cultist","floor":3,"turns":3},{"damage":1,"enemies":"2 Louse","floor":4,"turns":2},{"damage":19,"enemies":"Large Slime","floor":5,"turns":5},{"damage":50,"enemies":"Lagavulin","floor":6,"turns":5}],"seed_played":"2624066373770238093","potions_obtained":[{"floor":3,"key":"Swift Potion"},{"floor":5,"key":"PowerPotion"}],"is_trial":false,"path_per_floor":["M","?","M","M","M","E"],"character_chosen":"DEFECT","items_purchased":[],"campfire_rested":0,"item_purchase_floors":[],"current_hp_per_floor":[53,53,52,51,32,0,0],"gold":159,"neow_bonus":"ONE_RARE_RELIC","is_daily":false,"chose_seed":false,"campfire_upgraded":0,"win_rate":0.0,"timestamp":1613504168,"path_taken":["M","?","M","M","M","E"],"items_purchased_type":[],"build_version":"2020-12-22","purchased_purges":0,"victory":false,"max_hp_per_floor":[64,64,64,64,64,64,64],"relic_stats":{"counters":[5,19],"Bird Faced Urn":[2],"obtain_stats":[{"Bird Faced Urn":0,"Cracked Core":0},{"Bird Faced Urn":0,"Cracked Core":0},{"Bird Faced Urn":0,"Cracked Core":0}]},"card_choices":[{"not_picked":["Streamline","Recycle"],"picked":"Beam Cell","floor":1},{"not_picked":["Leap","Blizzard"],"picked":"FTL","floor":3},{"not_picked":["Blizzard","Glacier"],"picked":"Melter","floor":4},{"not_picked":["Steam","Hologram"],"picked":"Go for the Eyes","floor":5}],"player_experience":533860,"relics_obtained":[],"event_choices":[{"damage_healed":0,"gold_gain":0,"player_choice":"Upgraded","damage_taken":0,"max_hp_gain":0,"max_hp_loss":0,"event_name":"Upgrade Shrine","floor":2,"gold_loss":0,"cards_upgraded":["Zap"]}],"is_beta":false,"boss_relics":[],"items_purged_floors":[],"is_endless":false,"potions_floor_spawned":[3,5],"killed_by":"Lagavulin","ascension_level":17}}