{"host":"Oniwa","time":1613480207,"event":{"mods":["BaseMod","Colored Map","Colored Powertips","Minty Spire (QoL Compilation)","Relic Stats","SpireBot","StSLib","ojb\u0027s Better Paths Mod","ojb\u0027s Info Mod"],"gold_per_floor":[110,20,38,88,99,99,130,130,130,149,164,180,205,225,225,304,304,323,335,38,38,54,54,88,88,88,108,108,127,127,127,127,205,205,224,244,256,152,170,170,170,204,256,284,302,334,334,351,351,351,351,351,351,30,55,55],"floor_reached":57,"language":"JPN","playtime":6075,"items_purged":["Strike_B","Strike_B"],"score":2977,"play_id":"54050837-8d36-4f6d-ad84-29a5e35dd451","local_time":"20210216215647","is_ascension_mode":true,"campfire_choices":[{"data":"Loop","floor":6,"key":"SMITH"},{"data":"Biased Cognition","floor":8,"key":"SMITH"},{"data":"Sunder","floor":15,"key":"SMITH"},{"floor":23,"key":"REST"},{"data":"Defragment","floor":25,"key":"SMITH"},{"data":"Defragment","floor":28,"key":"SMITH"},{"floor":30,"key":"REST"},{"data":"Capacitor","floor":32,"key":"SMITH"},{"floor":40,"key":"RECALL"},{"floor":49,"key":"REST"},{"data":"Echo Form","floor":53,"key":"SMITH"}],"circlet_count":0,"master_deck":["AscendersBane","Defend_B","Defend_B","Defend_B","Zap","Dualcast","CurseOfTheBell","Compile Driver","Loop+1","Doom and Gloom","Biased Cognition+1","BootSequence","Glacier+1","Cold Snap","Recycle+1","Leap+1","Sunder+1","Electrodynamics","Cold Snap+1","Double Energy+1","Meteor Strike","Defragment+1","Steam Power+1","Capacitor+1","Reinforced Body+1","Defragment+1","Coolheaded+1","Force Field+1","Capacitor","Machine Learning","Compile Driver","Barrage+1","Turbo+1","Glacier+1","Deep Breath+1","Finesse+1","Thinking Ahead+1","Consume+1","Recycle+1","Tempest+1","Echo Form+1","Master of Strategy+1","Hologram+1"],"relics":["Calling Bell","Omamori","InkBottle","TungstenRod","Mummified Hand","Toxic Egg 2","Smiling Mask","Cursed Key","StrikeDummy","CaptainsWheel","Runic Pyramid","Centennial Puzzle","Shuriken","Meat on the Bone","Strawberry"],"acts_visited":["Exordium","TheCity","TheBeyond","TheEnding"],"potions_floor_usage":[7,16,16,16,37,42,48,56,56],"damage_taken":[{"damage":2.0,"enemies":"Jaw Worm","floor":1.0,"turns":4.0},{"damage":5,"enemies":"Cultist","floor":3,"turns":4},{"damage":3,"enemies":"Small Slimes","floor":5,"turns":3},{"damage":9,"enemies":"Lagavulin","floor":7,"turns":5},{"damage":0,"enemies":"Looter","floor":10,"turns":4},{"damage":4,"enemies":"Gremlin Gang","floor":11,"turns":5},{"damage":2,"enemies":"Large Slime","floor":12,"turns":4},{"damage":13,"enemies":"3 Sentries","floor":13,"turns":10},{"damage":0,"enemies":"Looter","floor":14,"turns":3},{"damage":9,"enemies":"The Guardian","floor":16,"turns":12},{"damage":20,"enemies":"2 Thieves","floor":18,"turns":4},{"damage":0,"enemies":"Spheric Guardian","floor":19,"turns":4},{"damage":5,"enemies":"Cultist and Chosen","floor":22,"turns":6},{"damage":15,"enemies":"Gremlin Leader","floor":24,"turns":7},{"damage":0,"enemies":"Snecko","floor":27,"turns":4},{"damage":21,"enemies":"Centurion and Healer","floor":29,"turns":3},{"damage":0,"enemies":"Champ","floor":33,"turns":15},{"damage":0,"enemies":"Orb Walker","floor":35,"turns":3},{"damage":3,"enemies":"3 Darklings","floor":36,"turns":5},{"damage":1,"enemies":"Writhing Mass","floor":37,"turns":7},{"damage":0,"enemies":"Maw","floor":39,"turns":6},{"damage":14,"enemies":"Reptomancer","floor":42,"turns":6},{"damage":0,"enemies":"Giant Head","floor":44,"turns":10},{"damage":1,"enemies":"Jaw Worm Horde","floor":45,"turns":3},{"damage":0,"enemies":"Nemesis","floor":46,"turns":7},{"damage":7,"enemies":"3 Darklings","floor":48,"turns":3},{"damage":7,"enemies":"Time Eater","floor":50,"turns":8},{"damage":8,"enemies":"Donu and Deca","floor":51,"turns":7},{"damage":18,"enemies":"Shield and Spear","floor":55,"turns":5},{"damage":49,"enemies":"The Heart","floor":56,"turns":9}],"seed_played":"-3721597409676895849","potions_obtained":[{"floor":7,"key":"SpeedPotion"},{"floor":11,"key":"EntropicBrew"},{"floor":16,"key":"FearPotion"},{"floor":37,"key":"SteroidPotion"},{"floor":39,"key":"EssenceOfDarkness"},{"floor":46,"key":"SkillPotion"}],"is_trial":false,"path_per_floor":["M","$","M","?","M","R","E","R","T","M","M","M","E","M","R","B",null,"M","M","$","?","M","R","E","R","T","M","R","M","R","?","R","B",null,"M","M","M","$","M","R","?","E","T","E","M","E","?","M","R","B","B",null,"R","$","E","B",null],"character_chosen":"DEFECT","items_purchased":["Loop","SpeedPotion","Meteor Strike","Defragment","Turbo+1","Swift Potion","DuplicationPotion","Master of Strategy+1"],"campfire_rested":3,"item_purchase_floors":[2,2,20,20,38,54,54,54],"current_hp_per_floor":[62,62,57,57,54,54,45,45,45,45,41,39,26,26,26,17,58,38,38,38,38,33,54,39,39,39,39,39,18,39,39,39,39,63,63,60,59,59,59,59,50,36,36,36,35,35,35,40,61,54,46,65,65,65,54,17],"gold":55,"neow_bonus":"BOSS_RELIC","is_daily":false,"chose_seed":false,"campfire_upgraded":7,"win_rate":0.0,"timestamp":1613480207,"path_taken":["M","$","M","?","M","R","E","R","T","M","?","M","E","M","R","BOSS","M","M","$","?","M","R","E","R","T","M","R","M","R","?","R","BOSS","M","M","?","$","M","R","?","E","T","E","M","E","?","M","R","BOSS","BOSS","R","$","E","BOSS"],"items_purchased_type":["Card","Potion","Card","Card","Card","Potion","Potion","Card"],"build_version":"2020-12-18","purchased_purges":2,"victory":true,"max_hp_per_floor":[71,71,71,71,71,71,71,71,71,71,71,71,71,71,71,71,71,71,71,71,71,71,71,71,71,71,71,71,71,71,71,71,71,71,71,71,71,71,71,71,71,71,71,71,71,71,71,71,71,71,71,71,71,71,78,78],"relic_stats":{"Centennial Puzzle":[17],"counters":[30,172],"Mummified Hand":[215],"Shuriken":[9],"Smiling Mask":75,"Cursed Key":2,"obtain_stats":[{"Omamori":0,"Smiling Mask":13,"Cursed Key":17,"Calling Bell":0,"CaptainsWheel":26,"Centennial Puzzle":42,"Mummified Hand":7,"Shuriken":44,"Strawberry":55,"Toxic Egg 2":9,"Cracked Core":0,"StrikeDummy":24,"InkBottle":0,"TungstenRod":0,"Runic Pyramid":34,"Meat on the Bone":46},{"Omamori":0,"Smiling Mask":8,"Cursed Key":10,"Calling Bell":0,"CaptainsWheel":14,"Centennial Puzzle":22,"Mummified Hand":4,"Shuriken":23,"Strawberry":29,"Toxic Egg 2":4,"Cracked Core":0,"StrikeDummy":14,"InkBottle":0,"TungstenRod":0,"Runic Pyramid":17,"Meat on the Bone":25},{"Omamori":0,"Smiling Mask":38,"Cursed Key":53,"Calling Bell":0,"CaptainsWheel":73,"Centennial Puzzle":120,"Mummified Hand":16,"Shuriken":130,"Strawberry":163,"Toxic Egg 2":16,"Cracked Core":0,"StrikeDummy":73,"InkBottle":0,"TungstenRod":0,"Runic Pyramid":95,"Meat on the Bone":140}],"InkBottle":[71],"TungstenRod":58,"Meat on the Bone":24},"card_choices":[{"not_picked":["Double Energy","Redo"],"picked":"Compile Driver","floor":1.0},{"not_picked":["Rip and Tear","Capacitor"],"picked":"Doom and Gloom","floor":3},{"not_picked":["Compile Driver","Coolheaded"],"picked":"Biased Cognition","floor":5},{"not_picked":["Beam Cell","Leap"],"picked":"BootSequence","floor":7},{"not_picked":["Recycle+1","Ball Lightning"],"picked":"Glacier+1","floor":10},{"not_picked":["Compile Driver","Barrage"],"picked":"Cold Snap","floor":11},{"not_picked":["Heatsinks","Cold Snap"],"picked":"Recycle+1","floor":12},{"not_picked":["Barrage","Auto Shields+1"],"picked":"Leap+1","floor":13},{"not_picked":["Stack+1","Rip and Tear"],"picked":"Sunder","floor":14},{"not_picked":["Multi-Cast+1","Thunder Strike"],"picked":"Electrodynamics","floor":16},{"not_picked":["Reprogram+1","Turbo+1"],"picked":"Cold Snap+1","floor":18},{"not_picked":["Hologram+1","Go for the Eyes"],"picked":"Double Energy+1","floor":19},{"not_picked":["Sunder","Steam+1"],"picked":"Reinforced Body+1","floor":22},{"not_picked":["Multi-Cast+1","Chill+1"],"picked":"Defragment","floor":24},{"not_picked":["Hello World","Barrage"],"picked":"Coolheaded+1","floor":27},{"not_picked":["Cold Snap","Turbo+1"],"picked":"Force Field+1","floor":29},{"not_picked":["Biased Cognition","Thunder Strike"],"picked":"Machine Learning","floor":33},{"not_picked":["Auto Shields+1","Ball Lightning"],"picked":"Compile Driver","floor":35},{"not_picked":["Genetic Algorithm+1","Rebound","White Noise+1"],"picked":"SKIP","floor":36},{"not_picked":["Scrape","Force Field+1"],"picked":"Barrage+1","floor":37},{"not_picked":["Compile Driver","Double Energy+1"],"picked":"Glacier+1","floor":39},{"not_picked":["Good Instincts+1","Sadistic Nature"],"picked":"Deep Breath+1","floor":41},{"not_picked":["HandOfGreed","The Bomb+1"],"picked":"Finesse+1","floor":41},{"not_picked":["Panache","Transmutation+1"],"picked":"Thinking Ahead+1","floor":41},{"not_picked":["Recycle+1","Force Field+1"],"picked":"Consume+1","floor":42},{"not_picked":["Ball Lightning","Rebound"],"picked":"Recycle+1","floor":44},{"not_picked":["Blizzard+1","Scrape"],"picked":"Tempest+1","floor":45},{"not_picked":["Go for the Eyes","Rebound+1"],"picked":"Echo Form","floor":46},{"not_picked":["FTL","Go for the Eyes","Cold Snap"],"picked":"SKIP","floor":48},{"not_picked":["Steam+1","Creative AI"],"picked":"Hologram+1","floor":55}],"player_experience":2724402,"relics_obtained":[{"floor":0.0,"key":"Omamori"},{"floor":0.0,"key":"InkBottle"},{"floor":0.0,"key":"TungstenRod"},{"floor":7,"key":"Mummified Hand"},{"floor":9,"key":"Toxic Egg 2"},{"floor":13,"key":"Smiling Mask"},{"floor":24,"key":"StrikeDummy"},{"floor":26,"key":"CaptainsWheel"},{"floor":42,"key":"Centennial Puzzle"},{"floor":44,"key":"Shuriken"},{"floor":46,"key":"Meat on the Bone"},{"floor":55,"key":"Strawberry"}],"event_choices":[{"damage_healed":0,"gold_gain":50,"player_choice":"Pray","damage_taken":0,"max_hp_gain":0,"max_hp_loss":0,"event_name":"Golden Shrine","floor":4,"gold_loss":0},{"damage_healed":0,"gold_gain":0,"cards_transformed":["Strike_B","Strike_B"],"player_choice":"Became Test Subject","damage_taken":0,"max_hp_gain":0,"max_hp_loss":0,"event_name":"Drug Dealer","floor":21,"gold_loss":0,"cards_obtained":["Steam Power","Capacitor"]},{"damage_healed":0,"gold_gain":0,"cards_transformed":["Defend_B"],"player_choice":"Transformed","damage_taken":0,"max_hp_gain":0,"max_hp_loss":0,"event_name":"Transmorgrifier","floor":31,"gold_loss":0,"cards_obtained":["Capacitor"]},{"damage_healed":0,"gold_gain":0,"player_choice":"Memory 3","damage_taken":10,"max_hp_gain":0,"max_hp_loss":0,"event_name":"SensoryStone","floor":41,"gold_loss":0},{"damage_healed":0,"gold_gain":0,"player_choice":"Ignored","damage_taken":0,"max_hp_gain":0,"max_hp_loss":0,"event_name":"The Moai Head","floor":47,"gold_loss":0}],"is_beta":true,"boss_relics":[{"not_picked":["Velvet Choker","Philosopher\u0027s Stone"],"picked":"Cursed Key"},{"not_picked":["Astrolabe","SlaversCollar"],"picked":"Runic Pyramid"}],"items_purged_floors":[20,38],"is_endless":false,"potions_floor_spawned":[7,11,12,14,16,24,27,29,35,36,37,39,46],"ascension_level":20}}