{"host":"bxzomvt4ag86nh1n","time":1613465989,"event":{"mods":["BaseMod","Bestiary","Colored Map","Highlight Path","Minty Spire (QoL Compilation)","Relic Stats"],"gold_per_floor":[114,75,89,50,69,69,97,97,122,138,138,148,148,163,163,266,266,286,303,303,319,338,338,369,369,393,403,430,446,474,474,474,572,572,589,603,613,95,141,141,141,153,153,178,178,178,34,44,44,44],"floor_reached":51,"language":"ENG","playtime":8820,"items_purged":["Writhe"],"score":840,"play_id":"42676c94-8edb-4668-9a30-92b04755a86f","local_time":"20210216095949","is_ascension_mode":true,"campfire_choices":[{"data":"Infinite Blades","floor":6.0,"key":"SMITH"},{"data":"Neutralize","floor":8.0,"key":"SMITH"},{"data":"Finisher","floor":11.0,"key":"SMITH"},{"floor":13.0,"key":"REST"},{"data":"Tools of the Trade","floor":15.0,"key":"SMITH"},{"data":"Burst","floor":23.0,"key":"SMITH"},{"data":"Burst","floor":25.0,"key":"SMITH"},{"floor":32.0,"key":"REST"},{"floor":40.0,"key":"REST"},{"data":"After Image","floor":45,"key":"SMITH"},{"floor":49,"key":"REST"}],"circlet_count":0,"master_deck":["Survivor","Neutralize+1","Finisher+1","Blur","Blade Dance","Infinite Blades+1","Tools of the Trade+1","Backflip","Well Laid Plans","Cloak And Dagger","After Image+1","Poisoned Stab","Poisoned Stab","Burst+1","Choke","Adrenaline","Calculated Gamble","Dodge and Roll","Burst+1","Venomology","Prepared","Cloak And Dagger+1","Phantasmal Killer","Terror+1","Escape Plan","Adrenaline","Outmaneuver+1","Secret Weapon","Reflex+1"],"relics":["Ring of the Serpent","NeowsBlessing","Smiling Mask","Strawberry","Pandora\u0027s Box","Paper Crane","Anchor","Tingsha","Tiny Chest","Regal Pillow","Sling","Snake Skull","CaptainsWheel","Akabeko","TungstenRod","Vajra","Nunchaku"],"acts_visited":["Exordium","TheCity","TheBeyond"],"potions_floor_usage":[44,48,50,50,50],"damage_taken":[{"damage":0.0,"enemies":"Cultist","floor":1.0,"turns":1.0},{"damage":0.0,"enemies":"Jaw Worm","floor":3.0,"turns":1.0},{"damage":0.0,"enemies":"2 Louse","floor":5.0,"turns":1.0},{"damage":16.0,"enemies":"Gremlin Nob","floor":7.0,"turns":3.0},{"damage":25.0,"enemies":"Large Slime","floor":10.0,"turns":4.0},{"damage":9.0,"enemies":"Looter","floor":12.0,"turns":3.0},{"damage":0.0,"enemies":"Lots of Slimes","floor":14.0,"turns":3.0},{"damage":2.0,"enemies":"Hexaghost","floor":16.0,"turns":10.0},{"damage":0.0,"enemies":"Spheric Guardian","floor":18.0,"turns":6.0},{"damage":1.0,"enemies":"3 Byrds","floor":19.0,"turns":6.0},{"damage":3.0,"enemies":"3 Cultists","floor":21.0,"turns":6.0},{"damage":7.0,"enemies":"Sentry and Sphere","floor":22.0,"turns":5.0},{"damage":0.0,"enemies":"Book of Stabbing","floor":24.0,"turns":4.0},{"damage":2.0,"enemies":"Snake Plant","floor":27.0,"turns":8.0},{"damage":14.0,"enemies":"Slavers","floor":28.0,"turns":5.0},{"damage":16.0,"enemies":"Snecko","floor":29.0,"turns":5.0},{"damage":9.0,"enemies":"Book of Stabbing","floor":30.0,"turns":5.0},{"damage":55.0,"enemies":"Automaton","floor":33.0,"turns":9.0},{"damage":1.0,"enemies":"Orb Walker","floor":35.0,"turns":3.0},{"damage":15.0,"enemies":"3 Darklings","floor":36.0,"turns":6.0},{"damage":8.0,"enemies":"Spire Growth","floor":37.0,"turns":4.0},{"damage":31.0,"enemies":"2 Orb Walkers","floor":39.0,"turns":5.0},{"damage":16.0,"enemies":"Transient","floor":42.0,"turns":5.0},{"damage":0,"enemies":"Reptomancer","floor":44,"turns":4},{"damage":0,"enemies":"Maw","floor":48,"turns":5},{"damage":26,"enemies":"Time Eater","floor":50,"turns":12}],"seed_played":"3276252332385903484","potions_obtained":[{"floor":3.0,"key":"FearPotion"},{"floor":10.0,"key":"GamblersBrew"},{"floor":12.0,"key":"DistilledChaos"},{"floor":16.0,"key":"SteroidPotion"},{"floor":18.0,"key":"BlessingOfTheForge"},{"floor":22.0,"key":"DistilledChaos"},{"floor":33.0,"key":"BlessingOfTheForge"},{"floor":39.0,"key":"CultistPotion"},{"floor":44,"key":"FairyPotion"}],"is_trial":false,"path_per_floor":["M","$","M","$","M","R","E","R","T","M","R","M","R","M","R","B",null,"M","M","?","M","M","R","E","R","T","M","E","M","E","?","R","B",null,"M","M","M","$","?","R","?","M","T","E","R","T","$","M","R","B",null],"character_chosen":"THE_SILENT","items_purchased":["Blur","Infinite Blades","Sling","Secret Weapon","Snake Skull","Nunchaku"],"campfire_rested":4,"item_purchase_floors":[2,4,38,38,38,47],"current_hp_per_floor":[70,70,70,70,70,70,54,54,61,36,36,27,50,50,50,48,77,77,76,76,73,66,66,66,66,66,64,50,34,25,25,63,8,77,76,61,53,53,22,60,60,44,44,44,44,44,44,44,77,51],"gold":44,"neow_bonus":"THREE_ENEMY_KILL","is_daily":false,"chose_seed":false,"campfire_upgraded":7,"win_rate":0.0,"timestamp":1613465989,"path_taken":["M","$","M","$","?","R","E","R","T","M","R","M","R","M","R","BOSS","M","M","?","M","M","R","E","R","T","M","E","M","E","?","R","BOSS","M","M","M","$","?","R","?","M","T","E","R","?","$","M","R","BOSS"],"items_purchased_type":["Card","Card","Relic","Card","Relic","Relic"],"build_version":"2020-12-22","purchased_purges":1,"victory":true,"max_hp_per_floor":[70,70,70,70,70,70,70,70,77,77,77,77,77,77,77,77,77,77,77,77,77,77,77,77,77,77,77,77,77,77,77,77,77,77,77,77,77,77,77,77,77,77,77,77,77,77,77,77,77,77],"relic_stats":{"Regal Pillow":40,"Nunchaku":[4],"counters":[26,129],"Pandora\u0027s Box":["Poisoned Stab","Poisoned Stab","Burst","Choke","Adrenaline","Calculated Gamble","Dodge and Roll","Footwork","Burst","Venomology"],"Tingsha":[252],"Tiny Chest":1,"Snake Skull":[13],"Smiling Mask":25,"obtain_stats":[{"Regal Pillow":31,"NeowsBlessing":0,"Vajra":46,"Tingsha":28,"Snake Skull":38,"Paper Crane":24,"Smiling Mask":7,"Sling":38,"Akabeko":43,"Anchor":26,"CaptainsWheel":39,"Nunchaku":47,"Strawberry":9,"Pandora\u0027s Box":17,"Tiny Chest":30,"Ring of the Serpent":34,"TungstenRod":44,"Ring of the Snake":0},{"Regal Pillow":17,"NeowsBlessing":0,"Vajra":24,"Tingsha":15,"Snake Skull":21,"Paper Crane":13,"Smiling Mask":4,"Sling":21,"Akabeko":23,"Anchor":13,"CaptainsWheel":22,"Nunchaku":24,"Strawberry":4,"Pandora\u0027s Box":8,"Tiny Chest":17,"Ring of the Serpent":18,"TungstenRod":24,"Ring of the Snake":0},{"Regal Pillow":76,"NeowsBlessing":0,"Vajra":112,"Tingsha":66,"Snake Skull":98,"Paper Crane":53,"Smiling Mask":6,"Sling":98,"Akabeko":108,"Anchor":53,"CaptainsWheel":103,"Nunchaku":112,"Strawberry":6,"Pandora\u0027s Box":26,"Tiny Chest":76,"Ring of the Serpent":85,"TungstenRod":112,"Ring of the Snake":0}],"TungstenRod":5},"card_choices":[{"not_picked":["Bane","Predator"],"picked":"Finisher","floor":1.0},{"not_picked":["Footwork","Sucker Punch"],"picked":"Blade Dance","floor":3.0},{"not_picked":["Deflect","Quick Slash"],"picked":"Tools of the Trade","floor":5.0},{"not_picked":["Skewer","Distraction"],"picked":"Backflip","floor":7.0},{"not_picked":["Dodge and Roll","Underhanded Strike"],"picked":"Well Laid Plans","floor":10.0},{"not_picked":["Slice","Dodge and Roll"],"picked":"Cloak And Dagger","floor":12.0},{"not_picked":["Slice","Dodge and Roll","Reflex"],"picked":"SKIP","floor":14.0},{"not_picked":["Adrenaline","Corpse Explosion"],"picked":"After Image","floor":16.0},{"not_picked":["Poisoned Stab+1","Well Laid Plans"],"picked":"Prepared","floor":18.0},{"not_picked":["Flying Knee","Acrobatics+1","Bane+1"],"picked":"SKIP","floor":19.0},{"not_picked":["Flying Knee","Deadly Poison","Dodge and Roll"],"picked":"SKIP","floor":21.0},{"not_picked":["Sucker Punch","Blur"],"picked":"Cloak And Dagger+1","floor":22.0},{"not_picked":["PiercingWail","Well Laid Plans","Blur+1"],"picked":"SKIP","floor":24.0},{"not_picked":["Flying Knee","Riddle With Holes+1"],"picked":"Phantasmal Killer","floor":27.0},{"not_picked":["Deadly Poison","Backflip","Blur"],"picked":"SKIP","floor":28.0},{"not_picked":["Infinite Blades","Leg Sweep+1"],"picked":"Terror+1","floor":29.0},{"not_picked":["Acrobatics","Blur"],"picked":"Escape Plan","floor":30.0},{"not_picked":["Bullet Time","Die Die Die"],"picked":"Adrenaline","floor":33.0},{"not_picked":["Expertise+1","Blade Dance","Sucker Punch"],"picked":"SKIP","floor":35.0},{"not_picked":["Poisoned Stab+1","Well Laid Plans+1"],"picked":"Outmaneuver+1","floor":36.0},{"not_picked":["Quick Slash","Calculated Gamble+1","PiercingWail"],"picked":"SKIP","floor":37.0},{"not_picked":["Acrobatics","Underhanded Strike"],"picked":"Reflex+1","floor":42},{"not_picked":["Malaise","Eviscerate","Predator"],"picked":"SKIP","floor":44},{"not_picked":["Deadly Poison","Blur","Bane"],"picked":"SKIP","floor":48}],"player_experience":283756,"relics_obtained":[{"floor":7.0,"key":"Smiling Mask"},{"floor":9.0,"key":"Strawberry"},{"floor":24.0,"key":"Paper Crane"},{"floor":26.0,"key":"Anchor"},{"floor":28.0,"key":"Tingsha"},{"floor":30.0,"key":"Tiny Chest"},{"floor":39.0,"key":"CaptainsWheel"},{"floor":43,"key":"Akabeko"},{"floor":44,"key":"TungstenRod"},{"floor":46,"key":"Vajra"}],"event_choices":[{"damage_healed":0.0,"max_hp_gain":0.0,"max_hp_loss":0.0,"gold_gain":0.0,"event_name":"Vampires","player_choice":"Ignored","floor":20.0,"gold_loss":0.0,"damage_taken":0.0},{"damage_healed":0.0,"max_hp_gain":0.0,"max_hp_loss":0.0,"gold_gain":0.0,"event_name":"The Mausoleum","player_choice":"Opened","floor":31.0,"gold_loss":0.0,"damage_taken":0.0,"relics_obtained":["Regal Pillow"],"cards_obtained":["Writhe"]},{"damage_healed":0.0,"max_hp_gain":0.0,"max_hp_loss":0.0,"gold_gain":0.0,"event_name":"Mysterious Sphere","player_choice":"Fight","floor":39.0,"gold_loss":0.0,"damage_taken":0.0},{"cards_removed":["Footwork"],"damage_healed":0.0,"max_hp_gain":0.0,"max_hp_loss":0.0,"gold_gain":0.0,"event_name":"Falling","player_choice":"Removed Power","floor":41.0,"gold_loss":0.0,"damage_taken":0.0}],"is_beta":false,"boss_relics":[{"not_picked":["Runic Pyramid","Empty Cage"],"picked":"Pandora\u0027s Box"},{"not_picked":["Fusion Hammer","Coffee Dripper"],"picked":"Ring of the Serpent"}],"items_purged_floors":[38],"is_endless":false,"potions_floor_spawned":[3,10,12,16,18,22,33,39,44],"ascension_level":2}}