{"host":"f7915vm1ahl7kex1","time":1613495378,"event":{"mods":["BaseMod","Colored Map","Downfall","Minty Spire (QoL Compilation)","Quick Restart","StSLib"],"gold_per_floor":[99,113,131,231,246,259,259,275,290,323,323,336,356,370,384,481,481,281,296,312,332,332,352,375,375,215,235,249,282,296,306,317,422,422,422,433,445,460,93,106,156,170,375,275,295,372,372,397,409,409,409,435,63,63,63,63,63],"floor_reached":55,"language":"ENG","playtime":4046,"items_purged":["Slimebound:Defend_Slimebound","Slimebound:Defend_Slimebound","Slimebound:Defend_Slimebound","Slimebound:Defend_Slimebound"],"score":762,"play_id":"634cd92e-6a2b-465c-b6a3-e87131024977","local_time":"20210216110938","is_ascension_mode":false,"campfire_choices":[{"floor":1,"key":"RECALL"},{"data":"Slimebound:GoopSpray","floor":18,"key":"SMITH"},{"data":"Slimebound:Grow","floor":25,"key":"SMITH"},{"data":"Slimebound:LeechEnergy","floor":35,"key":"SMITH"},{"data":"Slimebound:TongueLash","floor":44,"key":"SMITH"},{"data":"Slimebound:GrowthPunch","floor":47,"key":"SMITH"},{"floor":54,"key":"REST"}],"circlet_count":0,"master_deck":["Slimebound:Strike_Slimebound","Slimebound:Split","Slimebound:CorrosiveSpit","Slimebound:LivingWall","Slimebound:OozeBath","Slimebound:ItLooksTasty","Slimebound:HauntingLick","Slimebound:LeechEnergy+1","Slimebound:GoopSpray+1","Slimebound:TongueLash+1","Slimebound:Gluttony","Slimebound:DouseInSlime","Slimebound:RejuvenatingLick+1","Slimebound:Grow+1","Slimebound:Schlurp+1","Slimebound:GrowthPunch+1","Slimebound:SamplingLick+1","Slimebound:MegaLick","Slimebound:HauntingLick+1","Slimebound:SpikyOuterGoop+1","Slimebound:TongueLash","Slimebound:LeechEnergy+1","Slimebound:HauntingLick+1","Slimebound:AcidTongue+1","Slimebound:GoopSpray+1","Slimebound:Grow+1","Slimebound:Replication"],"relics":["Slimebound:AbsorbEndCombat","CaptainsWheel","Bottled Lightning","Empty Cage","downfall:HeartBlessingRed","downfall:HeartBlessingGreen","Potion Belt","Mango","Sozu","Mummified Hand","downfall:HeartBlessingBlue","Darkstone Periapt","Meat on the Bone","Bird Faced Urn","DollysMirror"],"acts_visited":["Exordium","TheCity","TheBeyond","TheEnding"],"potions_floor_usage":[8,9,16,21,26,26,32,32,39],"damage_taken":[{"damage":10,"enemies":"Small Slimes","floor":2,"turns":3},{"damage":4,"enemies":"Cultist","floor":3,"turns":4},{"damage":5,"enemies":"Jaw Worm","floor":5,"turns":4},{"damage":5,"enemies":"Gremlin Gang","floor":6,"turns":6},{"damage":8,"enemies":"Exordium Thugs","floor":8,"turns":5},{"damage":9,"enemies":"Lots of Slimes","floor":9,"turns":3},{"damage":13,"enemies":"Gremlin Nob","floor":10,"turns":4},{"damage":1,"enemies":"Gremlin Gang","floor":12,"turns":4},{"damage":0,"enemies":"Blue Slaver","floor":13,"turns":3},{"damage":1,"enemies":"3 Louse","floor":14,"turns":3},{"damage":14,"enemies":"Exordium Thugs","floor":15,"turns":3},{"damage":56,"enemies":"IC_STATUS_ARCHETYPE","floor":16,"turns":9},{"damage":7,"enemies":"3 Byrds","floor":19,"turns":7},{"damage":7,"enemies":"Shell Parasite","floor":20,"turns":4},{"damage":8,"enemies":"Cultist and Chosen","floor":21,"turns":6},{"damage":10,"enemies":"Sentry and Sphere","floor":23,"turns":7},{"damage":5,"enemies":"downfall:FleeingMerchant","floor":26,"turns":4},{"damage":2,"enemies":"Centurion and Healer","floor":27,"turns":6},{"damage":3,"enemies":"Snake Plant","floor":28,"turns":4},{"damage":9,"enemies":"Gremlin Leader","floor":29,"turns":7},{"damage":1,"enemies":"Shelled Parasite and Fungi","floor":30,"turns":4},{"damage":21,"enemies":"Chosen and Byrds","floor":31,"turns":8},{"damage":12,"enemies":"Cultist and Chosen","floor":32,"turns":6},{"damage":57,"enemies":"SI_MIRROR_ARCHETYPE","floor":33,"turns":12},{"damage":0,"enemies":"3 Shapes","floor":36,"turns":3},{"damage":0,"enemies":"Orb Walker","floor":37,"turns":3},{"damage":0,"enemies":"3 Darklings","floor":38,"turns":4},{"damage":0,"enemies":"downfall:FleeingMerchant","floor":39,"turns":4},{"damage":3,"enemies":"Maw","floor":40,"turns":7},{"damage":6,"enemies":"Writhing Mass","floor":42,"turns":3},{"damage":8,"enemies":"downfall:FleeingMerchant","floor":43,"turns":3},{"damage":13,"enemies":"Transient","floor":45,"turns":5},{"damage":41,"enemies":"Nemesis","floor":48,"turns":7},{"damage":1,"enemies":"Spire Growth","floor":49,"turns":4},{"damage":40,"enemies":"DF_ARCHETYPE_ORBS","floor":50,"turns":9},{"damage":51,"enemies":"downfall:CharBossMerchant","floor":52,"turns":7},{"damage":101,"enemies":"downfall:NeowBoss","floor":55,"turns":13}],"seed_played":"7168871432043335159","potions_obtained":[{"floor":2,"key":"Block Potion"},{"floor":3,"key":"Slimebound:SpawnSlimePotion"},{"floor":12,"key":"hexamod:SoulburnPotion"},{"floor":13,"key":"hexamod:SoulburnPotion"},{"floor":14,"key":"Fire Potion"},{"floor":19,"key":"Swift Potion"},{"floor":23,"key":"DuplicationPotion"},{"floor":27,"key":"hexamod:SoulburnPotion"},{"floor":31,"key":"ColorlessPotion"}],"is_trial":false,"path_per_floor":["R","M","M","?","M","M","T","M","M","E","?","M","M","M","M","B",null,"R","M","M","M","?","M","T","R","$","M","M","E","M","M","M","B",null,"R","M","M","M","$","M","T","M","$","R","M","?","R","E","M","B",null,"E","$","R","B"],"character_chosen":"SLIMEBOUND","items_purchased":["Slimebound:GrowthPunch","Mummified Hand","DollysMirror","Slimebound:Replication"],"campfire_rested":1,"item_purchase_floors":[26,39,53,53],"current_hp_per_floor":[71,63,63,63,62,65,65,65,64,59,59,66,71,71,61,13,71,71,68,65,63,63,61,61,61,58,64,67,78,85,66,62,13,85,85,85,85,85,85,82,82,83,79,89,84,84,84,51,58,38,95,50,50,78,0,0,0],"gold":63,"neow_bonus":"TEN_PERCENT_HP_BONUS","is_daily":false,"chose_seed":false,"campfire_upgraded":5,"win_rate":0.0,"timestamp":1613495378,"path_taken":["R","M","M","?","?","M","T","M","M","E","?","M","?","M","M","BOSS","R","M","M","M","?","M","T","R","$","M","M","E","?","?","M","BOSS","R","M","M","M","$","?","T","?","$","R","M","?","R","E","M","BOSS","E","$","R","BOSS"],"items_purchased_type":["Card","Relic","Relic","Card"],"build_version":"2020-12-22","purchased_purges":4,"victory":false,"max_hp_per_floor":[71,71,71,71,71,71,71,71,71,71,71,71,71,71,71,71,71,71,71,71,71,71,71,71,71,71,71,71,85,85,85,85,85,85,85,85,85,85,85,85,85,85,85,95,95,95,95,95,95,95,95,95,95,95,95,95,95],"card_choices":[{"not_picked":["Slimebound:Chomp","Slimebound:SplitBruiser"],"picked":"Slimebound:LivingWall","floor":2},{"not_picked":["Slimebound:Prepare","Slimebound:LivingWall","Slimebound:SplitMire"],"picked":"SKIP","floor":3},{"not_picked":["Slimebound:ForwardTackle","Slimebound:SplitAcid"],"picked":"Slimebound:OozeBath","floor":5},{"not_picked":["Slimebound:Equalize","Slimebound:LivingWall"],"picked":"Slimebound:ItLooksTasty","floor":6},{"not_picked":["Slimebound:SlimeSpikes","Slimebound:GoopSpray"],"picked":"Slimebound:HauntingLick","floor":8},{"not_picked":["Slimebound:LeechingTouch","Slimebound:Dissolve"],"picked":"Slimebound:LeechEnergy","floor":9},{"not_picked":["Slimebound:LeechLife","Slimebound:LivingWall"],"picked":"Slimebound:GoopSpray","floor":10},{"not_picked":["Slimebound:SplitMire","Slimebound:LivingWall","Slimebound:ProtectTheBoss"],"picked":"SKIP","floor":12},{"not_picked":["Slimebound:OozeBath","Slimebound:SplitBruiser","Slimebound:SplitAcid"],"picked":"SKIP","floor":13},{"not_picked":["Slimebound:HauntingLick","Slimebound:SplitBruiser"],"picked":"Slimebound:TongueLash","floor":14},{"not_picked":["Slimebound:ViciousTackle","Slimebound:SamplingLick"],"picked":"Slimebound:Gluttony","floor":15},{"not_picked":["Slimebound:SelfFormingGoo","Slimebound:Overexert"],"picked":"Slimebound:DouseInSlime","floor":16},{"not_picked":["Slimebound:GoopSpray","Slimebound:Schlurp"],"picked":"Slimebound:RejuvenatingLick+1","floor":19},{"not_picked":["Slimebound:SamplingLick","Slimebound:Prepare"],"picked":"Slimebound:Grow","floor":20},{"not_picked":["Slimebound:FlameTackle","Slimebound:SamplingLick","Slimebound:Dissolve"],"picked":"SKIP","floor":21},{"not_picked":["Slimebound:Prepare+1","Slimebound:LeechEnergy"],"picked":"Slimebound:Schlurp+1","floor":23},{"not_picked":["Slimebound:GoopTackle","Slimebound:RollThrough","Slimebound:FormOfPuddle"],"picked":"SKIP","floor":26},{"not_picked":["Slimebound:DisruptingSlam","Slimebound:ProtectTheBoss","Slimebound:FlameTackle"],"picked":"SKIP","floor":27},{"not_picked":["Slimebound:GoopSpray","Slimebound:RainOfGoop"],"picked":"Slimebound:SamplingLick+1","floor":28},{"not_picked":["Slimebound:DuplicatedForm","Slimebound:SplitAcid","Slimebound:BestDefense+1"],"picked":"SKIP","floor":29},{"not_picked":["Slimebound:LeechingTouch","Slimebound:SlimeSpikes","Slimebound:ComboTackle"],"picked":"SKIP","floor":30},{"not_picked":["Slimebound:PressTheAttack","Slimebound:GoopSpray+1"],"picked":"Slimebound:MegaLick","floor":31},{"not_picked":["Slimebound:FormOfPuddle+1","Slimebound:ProtectTheBoss","Slimebound:LeechingTouch+1"],"picked":"SKIP","floor":32},{"not_picked":["Slimebound:ComboTackle+1","Slimebound:Schlurp"],"picked":"Slimebound:HauntingLick+1","floor":36},{"not_picked":["Slimebound:HauntingLick+1","Slimebound:SlimeTap+1"],"picked":"Slimebound:SpikyOuterGoop+1","floor":37},{"not_picked":["Slimebound:ItLooksTasty","Slimebound:MegaLick+1"],"picked":"Slimebound:TongueLash","floor":38},{"not_picked":["Slimebound:TongueLash+1","Slimebound:LevelUp"],"picked":"Slimebound:LeechEnergy+1","floor":39},{"not_picked":["Slimebound:LeadByExample","Slimebound:LeechEnergy+1"],"picked":"Slimebound:HauntingLick+1","floor":40},{"not_picked":["Slimebound:LeechEnergy","Slimebound:MinionMaster","Slimebound:FinishingTackle+1"],"picked":"SKIP","floor":42},{"not_picked":["Slimebound:SplitBruiser+1","Slimebound:FlameTackle"],"picked":"Slimebound:AcidTongue+1","floor":43},{"not_picked":["Slimebound:GoopTackle","Slimebound:PressTheAttack+1","Slimebound:RollThrough+1"],"picked":"SKIP","floor":45},{"not_picked":["Slimebound:FormOfPuddle","Slimebound:GrowthPunch+1"],"picked":"Slimebound:GoopSpray+1","floor":48},{"not_picked":["Slimebound:LivingWall+1","Slimebound:BestDefense+1","Slimebound:ViciousTackle"],"picked":"SKIP","floor":49},{"not_picked":["Slimebound:GoopTackle+1","Slimebound:PressTheAttack+1","Slimebound:GoopSpray+1"],"picked":"SKIP","floor":52}],"player_experience":1169268,"relics_obtained":[{"floor":7,"key":"CaptainsWheel"},{"floor":10,"key":"Bottled Lightning"},{"floor":24,"key":"Potion Belt"},{"floor":29,"key":"Mango"},{"floor":46,"key":"Darkstone Periapt"},{"floor":48,"key":"Meat on the Bone"},{"floor":52,"key":"Bird Faced Urn"}],"event_choices":[{"cards_removed":["Slimebound:Tackle"],"damage_healed":0,"gold_gain":0,"player_choice":"Offered Basic","damage_taken":0,"max_hp_gain":0,"max_hp_loss":0,"event_name":"Bonfire Elementals","floor":22,"gold_loss":0}],"is_beta":false,"boss_relics":[{"not_picked":["Velvet Choker","bronze:MakeshiftBattery"],"picked":"Empty Cage"},{"not_picked":["Astrolabe","Tiny House"],"picked":"Sozu"}],"items_purged_floors":[26,39,43,53],"is_endless":false,"potions_floor_spawned":[2,3,12,13,14,15,19,23,27,31,36,38,40,49,52],"killed_by":"downfall:NeowBoss","ascension_level":0}}