{"host":"msfr2axb1w9025n0","time":1613452505,"event":{"mods":["BaseMod","Bestiary","Block Reminder","Colored Map","DeckTracker","Minty Spire (QoL Compilation)","Relic Stats","Weighted Paths"],"gold_per_floor":[111,129,141,141,66,94,44,75,148,166,166,193,193,193,193,318,318,339,339,363,67,91,91,114,153,153,252,271,271,196,210,210,210,210],"floor_reached":33,"language":"ENG","playtime":1114,"items_purged":["Defend_B"],"score":456,"play_id":"53bbe76c-c830-4dad-a618-e9b90b91f5c7","local_time":"20210216121505","is_ascension_mode":true,"campfire_choices":[{"data":"Zap","floor":11,"key":"SMITH"},{"data":"Dualcast","floor":15,"key":"SMITH"},{"floor":23,"key":"REST"},{"data":"Buffer","floor":32,"key":"SMITH"}],"circlet_count":0,"master_deck":["AscendersBane","Strike_B","Strike_B","Defend_B","Defend_B","Defend_B","Zap+1","Dualcast+1","Biased Cognition+1","Glacier","Leap","Barrage+1","Streamline+1","Blizzard","Buffer+1","Streamline+1","Melter+1","Static Discharge+1","Loop"],"relics":["Cracked Core","Lizard Tail","Akabeko","Meat on the Bone","InkBottle","Golden Idol","Molten Egg 2","Inserter","Orichalcum","Frozen Eye","Whetstone","Kunai","Gremlin Horn"],"acts_visited":["Exordium","TheCity"],"potions_floor_usage":[10,16],"damage_taken":[{"damage":0,"enemies":"2 Louse","floor":1,"turns":1},{"damage":0,"enemies":"Jaw Worm","floor":2,"turns":3},{"damage":0,"enemies":"Cultist","floor":3,"turns":5},{"damage":29,"enemies":"3 Sentries","floor":6,"turns":11},{"damage":18,"enemies":"Lagavulin","floor":8,"turns":10},{"damage":0,"enemies":"Looter","floor":10,"turns":2},{"damage":9,"enemies":"Gremlin Nob","floor":12,"turns":4},{"damage":28,"enemies":"The Guardian","floor":16,"turns":14},{"damage":13,"enemies":"Spheric Guardian","floor":18,"turns":4},{"damage":29,"enemies":"3 Byrds","floor":20,"turns":7},{"damage":6,"enemies":"Snecko","floor":22,"turns":5},{"damage":8,"enemies":"Cultist and Chosen","floor":24,"turns":6},{"damage":49,"enemies":"Gremlin Leader","floor":25,"turns":6},{"damage":25,"enemies":"Sentry and Sphere","floor":28,"turns":6},{"damage":15,"enemies":"Snake Plant","floor":31,"turns":6},{"damage":21,"enemies":"Collector","floor":33,"turns":2}],"seed_played":"2184739188217985870","potions_obtained":[{"floor":1,"key":"Block Potion"},{"floor":6,"key":"EssenceOfDarkness"},{"floor":8,"key":"DistilledChaos"},{"floor":10,"key":"Dexterity Potion"},{"floor":20,"key":"FearPotion"}],"is_trial":false,"path_per_floor":["M","M","M","?","$","E","?","E","T","M","R","E","?","?","R","B",null,"M","?","M","$","M","R","M","E","T","?","M","T","?","M","R","B"],"character_chosen":"DEFECT","items_purchased":["Orichalcum","Frozen Eye"],"campfire_rested":1,"item_purchase_floors":[21,21],"current_hp_per_floor":[68,68,68,68,68,39,39,21,21,33,33,36,36,36,36,20,52,39,39,22,22,28,46,38,33,33,33,20,20,20,17,17,0,0],"gold":210,"neow_bonus":"THREE_RARE_CARDS","is_daily":false,"chose_seed":false,"campfire_upgraded":3,"win_rate":0.0,"timestamp":1613452505,"path_taken":["M","M","M","?","$","E","?","E","T","M","R","E","?","?","R","BOSS","M","?","?","$","M","R","M","E","T","?","M","?","?","M","R","BOSS"],"items_purchased_type":["Relic","Relic"],"build_version":"2020-12-22","purchased_purges":1,"victory":false,"max_hp_per_floor":[68,68,68,68,68,68,68,68,68,68,68,68,63,63,63,63,63,63,63,63,63,63,63,63,63,63,63,63,63,63,63,63,63,63],"relic_stats":{"Lizard Tail":31,"Inserter":[21],"Gremlin Horn":[0,0],"counters":[16,92],"Golden Idol":59,"Whetstone":["Streamline","Barrage"],"Kunai":[0],"Orichalcum":[72],"obtain_stats":[{"Inserter":17,"Gremlin Horn":29,"Golden Idol":13,"Whetstone":25,"Orichalcum":21,"Akabeko":8,"Frozen Eye":21,"Lizard Tail":6,"Molten Egg 2":14,"Kunai":26,"Cracked Core":0,"InkBottle":12,"Meat on the Bone":9},{"Inserter":8,"Gremlin Horn":14,"Golden Idol":7,"Whetstone":13,"Orichalcum":10,"Akabeko":5,"Frozen Eye":10,"Lizard Tail":4,"Molten Egg 2":7,"Kunai":13,"Cracked Core":0,"InkBottle":7,"Meat on the Bone":5},{"Inserter":50,"Gremlin Horn":84,"Golden Idol":36,"Whetstone":78,"Orichalcum":61,"Akabeko":30,"Frozen Eye":61,"Lizard Tail":20,"Molten Egg 2":36,"Kunai":78,"Cracked Core":0,"InkBottle":36,"Meat on the Bone":30}],"InkBottle":[14],"Meat on the Bone":96},"card_choices":[{"not_picked":["Core Surge","All For One"],"picked":"Biased Cognition","floor":0},{"not_picked":["Go for the Eyes","Redo","Compile Driver"],"picked":"SKIP","floor":1},{"not_picked":["Chill","Gash"],"picked":"Glacier","floor":2},{"not_picked":["Force Field","Beam Cell"],"picked":"Leap","floor":3},{"not_picked":["Aggregate","Compile Driver"],"picked":"Barrage","floor":6},{"not_picked":["Genetic Algorithm","Chill"],"picked":"Streamline","floor":8},{"not_picked":["Melter","Rebound","Cold Snap"],"picked":"SKIP","floor":10},{"not_picked":["Go for the Eyes","Melter"],"picked":"Blizzard","floor":12},{"not_picked":["Seek","Reboot"],"picked":"Buffer","floor":16},{"not_picked":["Gash+1","Go for the Eyes+1","Stack"],"picked":"SKIP","floor":18},{"not_picked":["Turbo","Skim"],"picked":"Melter+1","floor":20},{"not_picked":["Conserve Battery","Go for the Eyes+1"],"picked":"Static Discharge+1","floor":22},{"not_picked":["Melter+1","Beam Cell+1","Double Energy"],"picked":"SKIP","floor":24},{"not_picked":["Blizzard+1","Streamline+1"],"picked":"Loop","floor":25},{"not_picked":["Gash+1","Redo","Sweeping Beam+1"],"picked":"SKIP","floor":28},{"not_picked":["Buffer","Gash+1","Storm"],"picked":"SKIP","floor":31}],"player_experience":311798,"relics_obtained":[{"floor":6,"key":"Lizard Tail"},{"floor":8,"key":"Akabeko"},{"floor":9,"key":"Meat on the Bone"},{"floor":12,"key":"InkBottle"},{"floor":25,"key":"Whetstone"},{"floor":26,"key":"Kunai"},{"floor":29,"key":"Gremlin Horn"}],"event_choices":[{"damage_healed":0,"gold_gain":0,"player_choice":"Grow","damage_taken":0,"max_hp_gain":0,"max_hp_loss":0,"event_name":"Living Wall","floor":4,"gold_loss":0,"cards_upgraded":["Biased Cognition"]},{"cards_removed":["Strike_B"],"damage_healed":0,"gold_gain":0,"player_choice":"Card Removal","damage_taken":0,"max_hp_gain":0,"max_hp_loss":0,"event_name":"The Cleric","floor":7,"gold_loss":50},{"damage_healed":0,"gold_gain":0,"player_choice":"Lose Max HP","damage_taken":0,"relics_obtained":["Golden Idol"],"max_hp_gain":0,"max_hp_loss":5,"event_name":"Golden Idol","floor":13,"gold_loss":0},{"damage_healed":0,"gold_gain":0,"player_choice":"Box","damage_taken":0,"relics_obtained":["Molten Egg 2"],"max_hp_gain":0,"max_hp_loss":0,"event_name":"Big Fish","floor":14,"gold_loss":0,"cards_obtained":["Regret"]},{"damage_healed":0,"gold_gain":0,"cards_transformed":["Strike_B"],"player_choice":"Transformed","damage_taken":0,"max_hp_gain":0,"max_hp_loss":0,"event_name":"Transmorgrifier","floor":19,"gold_loss":0,"cards_obtained":["Streamline"]},{"damage_healed":0,"gold_gain":99,"player_choice":"Stole From Cult","damage_taken":0,"max_hp_gain":0,"max_hp_loss":0,"event_name":"Nest","floor":27,"gold_loss":0},{"cards_removed":["Regret"],"damage_healed":0,"gold_gain":0,"player_choice":"Gave Gold","damage_taken":0,"max_hp_gain":0,"max_hp_loss":0,"event_name":"Beggar","floor":30,"gold_loss":75}],"is_beta":false,"boss_relics":[{"not_picked":["Busted Crown","Sozu"],"picked":"Inserter"}],"items_purged_floors":[5],"is_endless":false,"potions_floor_spawned":[1,6,8,10,20,25,28],"killed_by":"Collector","ascension_level":12}}