{"host":"z4nt7tdd4gjrinn7","time":1613517686,"event":{"mods":["100% Spire Juice","BaseMod","Minty Spire (QoL Compilation)","StS++","StSLib","The Hierophant"],"gold_per_floor":[113,188,207,282,302,302,314,314,360,375,389,408,426,26,26,126,126,142,142,158,14,0,18,18,18,65,65,15,15,33,45,45,45,45],"floor_reached":33,"language":"ENG","playtime":1324,"items_purged":[],"score":241,"play_id":"53239166-436c-43bf-ac13-20821ef254e6","local_time":"20210216182126","is_ascension_mode":false,"campfire_choices":[{"floor":6,"key":"REST"},{"data":"Ball Lightning","floor":8,"key":"SMITH"},{"floor":15,"key":"REST"},{"floor":24,"key":"REST"},{"floor":27,"key":"REST"},{"data":"Electrodynamics","floor":29,"key":"SMITH"},{"floor":32,"key":"REST"}],"circlet_count":0,"master_deck":["Strike_B","Strike_B","Strike_B","Strike_B","Defend_B","Defend_B","Defend_B","Defend_B","Zap","Dualcast","Defragment","Gash","Ball Lightning+1","Conserve Battery","Blizzard","Cold Snap","Ball Lightning","Gash","Static Discharge","Leap","Biased Cognition","Coolheaded+1","Ball Lightning+1","Electrodynamics+1","Gash+1","Auto Shields","FTL"],"relics":["Cracked Core","NeowsBlessing","Bag of Marbles","Vajra","Nuclear Battery","Nloth\u0027s Gift","PreservedInsect"],"acts_visited":["Exordium","TheCity"],"potions_floor_usage":[16,16,16,23,33,33],"damage_taken":[{"damage":0,"enemies":"Small Slimes","floor":1,"turns":1},{"damage":0,"enemies":"Cultist","floor":3,"turns":1},{"damage":0,"enemies":"Jaw Worm","floor":5,"turns":1},{"damage":5,"enemies":"Looter","floor":7,"turns":2},{"damage":12,"enemies":"3 Louse","floor":10,"turns":3},{"damage":16,"enemies":"Lots of Slimes","floor":11,"turns":3},{"damage":2,"enemies":"2 Fungi Beasts","floor":12,"turns":3},{"damage":11,"enemies":"Exordium Wildlife","floor":13,"turns":3},{"damage":12,"enemies":"Hexaghost","floor":16,"turns":8},{"damage":6,"enemies":"3 Byrds","floor":18,"turns":3},{"damage":13,"enemies":"2 Thieves","floor":20,"turns":3},{"damage":19,"enemies":"Centurion and Healer","floor":23,"turns":3},{"damage":16,"enemies":"Snake Plant","floor":30,"turns":2},{"damage":31,"enemies":"Shelled Parasite and Fungi","floor":31,"turns":4},{"damage":67,"enemies":"Champ","floor":33,"turns":8}],"seed_played":"8014997852563131062","potions_obtained":[{"floor":1,"key":"Strength Potion"},{"floor":5,"key":"LiquidBronze"},{"floor":11,"key":"DuplicationPotion"},{"floor":18,"key":"PowerPotion"},{"floor":20,"key":"Regen Potion"}],"is_trial":false,"path_per_floor":["M","?","M","?","M","R","M","R","T","M","M","M","M","$","R","B",null,"M","?","M","$","?","M","R","?","T","R","$","R","M","M","R","B"],"character_chosen":"DEFECT","items_purchased":["Bag of Marbles","Vajra","Static Discharge","Leap","Electrodynamics","Dexterity Potion"],"campfire_rested":5,"item_purchase_floors":[14,14,14,14,21,28],"current_hp_per_floor":[75,68,68,57,57,75,70,70,70,58,42,40,29,29,51,39,75,69,69,56,56,56,37,59,59,59,75,75,75,59,28,50,0,0],"gold":45,"neow_bonus":"THREE_ENEMY_KILL","is_daily":false,"chose_seed":false,"campfire_upgraded":2,"win_rate":0.0,"timestamp":1613517686,"path_taken":["M","?","?","?","M","R","M","R","T","M","M","M","M","$","R","BOSS","M","?","M","$","?","M","R","?","T","R","$","R","?","M","R","BOSS"],"items_purchased_type":["Relic","Relic","Card","Card","Card","Potion"],"build_version":"2020-12-22","purchased_purges":0,"victory":false,"max_hp_per_floor":[75,75,75,75,75,75,75,75,75,75,75,75,75,75,75,75,75,75,75,75,75,75,75,75,75,75,75,75,75,75,75,75,75,75],"card_choices":[{"not_picked":["Turbo","Compile Driver"],"picked":"Defragment","floor":1},{"not_picked":["Turbo","Steam"],"picked":"Gash","floor":3},{"not_picked":["Heatsinks","Consume"],"picked":"Ball Lightning","floor":5},{"not_picked":["StSpp:Fierceness","StSpp:Mask"],"picked":"Conserve Battery","floor":7},{"not_picked":["Seek","Compile Driver"],"picked":"Blizzard","floor":10},{"not_picked":["Steam","Hologram"],"picked":"Cold Snap","floor":11},{"not_picked":["Reinforced Body","Beam Cell"],"picked":"Ball Lightning","floor":12},{"not_picked":["Barrage","Redo"],"picked":"Gash","floor":13},{"not_picked":["Rainbow","Seek"],"picked":"Biased Cognition","floor":16},{"not_picked":["Streamline","Turbo"],"picked":"Coolheaded+1","floor":18},{"not_picked":["Cold Snap+1","Chill"],"picked":"Ball Lightning+1","floor":20},{"not_picked":["Leap","Rainbow"],"picked":"Gash+1","floor":23},{"not_picked":["FTL","Aggregate"],"picked":"Auto Shields","floor":30},{"not_picked":["Reinforced Body","Fusion"],"picked":"FTL","floor":31}],"player_experience":204423,"relics_obtained":[{"floor":9,"key":"Centennial Puzzle"},{"floor":26,"key":"PreservedInsect"}],"event_choices":[{"damage_healed":0,"gold_gain":75,"player_choice":"Touch","damage_taken":7,"max_hp_gain":0,"max_hp_loss":0,"event_name":"FaceTrader","floor":2,"gold_loss":0},{"damage_healed":0,"gold_gain":75,"player_choice":"Gather Gold","damage_taken":11,"max_hp_gain":0,"max_hp_loss":0,"event_name":"World of Goop","floor":4,"gold_loss":0},{"damage_healed":0,"gold_gain":0,"player_choice":"Ignored","damage_taken":0,"max_hp_gain":0,"max_hp_loss":0,"event_name":"Vampires","floor":19,"gold_loss":0},{"damage_healed":0,"gold_gain":0,"player_choice":"Paid Fearfully","damage_taken":0,"max_hp_gain":0,"max_hp_loss":0,"event_name":"Masked Bandits","floor":22,"gold_loss":14},{"damage_healed":0,"gold_gain":0,"player_choice":"Traded Relic","damage_taken":0,"relics_obtained":["Nloth\u0027s Gift"],"max_hp_gain":0,"max_hp_loss":0,"event_name":"N\u0027loth","floor":25,"relics_lost":["Centennial Puzzle"],"gold_loss":0}],"is_beta":false,"boss_relics":[{"not_picked":["FrozenCore","SacredBark"],"picked":"Nuclear Battery"}],"items_purged_floors":[],"is_endless":false,"potions_floor_spawned":[1,5,11,12,18,20],"killed_by":"Champ","ascension_level":0}}