{"host":"dn6kke80v5f7isus","time":1613487331,"event":{"mods":["AchievementEnabler","Act Like it!","Astrologer","BaseMod","Colored Powertips","Custom Start","Defuse TimeMaze Blight","Energized Spire","Gremlin Skip","Highlight Path","Hubris","Infinite Spire","Marisa????????","Marked Mod","Minty Spire (QoL Compilation)","Quick Restart","Rare Cards Sparkle","Reliquary","Replay The Spire","StSLib","The Hierophant","The Servant 0.9.4","Uncapped","Unceasing Turn Reminder"],"gold_per_floor":[119,130,130,130,142,159,159,159,159],"floor_reached":8,"language":"ENG","playtime":190,"items_purged":[],"score":50,"play_id":"a5c67317-6044-4d36-84f4-508f3c2174a4","local_time":"20210216095531","is_ascension_mode":true,"campfire_choices":[],"circlet_count":0,"master_deck":["Strike_P","Strike_P","Strike_P","Strike_P","Defend_P","Defend_P","Defend_P","Defend_P","Eruption","Vigilance","FlurryOfBlows","Crescendo","Replay:ManipulateFuture"],"relics":["PureWater","NeowsBlessing","Tiny Chest"],"acts_visited":["Exordium"],"potions_floor_usage":[],"damage_taken":[{"damage":0,"enemies":"Cultist","floor":1,"turns":1},{"damage":0,"enemies":"Small Slimes","floor":2,"turns":1},{"damage":0,"enemies":"Jaw Worm","floor":5,"turns":1},{"damage":4,"enemies":"Blue Slaver","floor":6,"turns":5},{"damage":1,"enemies":"3 Sentries","floor":8,"turns":2}],"seed_played":"-6409970142428278707","potions_obtained":[],"is_trial":false,"path_per_floor":["M","M","PTL","PTL","M","M","?","E"],"character_chosen":"WATCHER","items_purchased":[],"campfire_rested":0,"item_purchase_floors":[],"current_hp_per_floor":[72,72,72,72,72,68,65,64,64],"gold":159,"neow_bonus":"THREE_ENEMY_KILL","is_daily":false,"chose_seed":false,"campfire_upgraded":0,"win_rate":0.0,"timestamp":1613487331,"path_taken":["M","?","PTL","PTL","M","M","?","E"],"items_purchased_type":[],"build_version":"2020-12-22","purchased_purges":0,"victory":false,"max_hp_per_floor":[72,72,72,72,72,72,72,72,72],"card_choices":[{"not_picked":["WindmillStrike","InnerPeace","Swivel"],"picked":"SKIP","floor":1},{"not_picked":["Replay:BluntJabs","Replay:LoomingThreat"],"picked":"FlurryOfBlows","floor":2},{"not_picked":["ClearTheMind","FollowUp"],"picked":"Crescendo","floor":5},{"not_picked":["Replay:Battleflow","FlyingSleeves"],"picked":"Replay:ManipulateFuture","floor":6}],"player_experience":491985,"relics_obtained":[],"event_choices":[{"damage_healed":0,"gold_gain":0,"player_choice":"Success","damage_taken":3,"relics_obtained":["Tiny Chest"],"max_hp_gain":0,"max_hp_loss":0,"event_name":"Scrap Ooze","floor":7,"gold_loss":0}],"is_beta":false,"boss_relics":[],"items_purged_floors":[],"is_endless":false,"potions_floor_spawned":[],"killed_by":"3 Sentries","ascension_level":1}}