{"host":"nhhqxetgwwd7qseb","time":1613439995,"event":{"mods":["Act Like it!","BaseMod","Chen","Dota2Spire","Gensokyo","Hallownest","Hermit","Koishi","LagranYue(¿≠∏Ò¿ °§‘¬)","Marisa£®ÏF”Í°°ƒß¿Ì…≥£©","Minty Spire (QoL Compilation)","Quick Restart","Reimu£®≤©¿ˆ¡È√Œ£©","Remilia£®¿Ÿ√◊¿Ú—«£©","Replay The Spire","StSLib","The Alterego","The Bug Knight","The Senshi","The Servant 0.9.4","UnlockEverythingMod","WarShipGirlsR/’ΩΩ¢…Ÿ≈ÆR mod","Warlord Emblem","Yakumo Yukari mod","Youmu£®ªÍ∆«—˝√Œ£©","°æπ¶ƒ‹Mod°øªÏ„Á÷Æª∑–ﬁ∏¥≤π∂°"],"gold_per_floor":[116,131,131,149,163,163,183,211,236,253,267,114,114,131,131,232,232,245,264,280,128,138,171,171,187,187,199,214,246,246,262,262,358,358,374,10,10,10,29,64,64,90,90,104,104,120,120,138,138,138,138,138,38,63,63],"floor_reached":56,"language":"ZHS","playtime":2418,"items_purged":["WarlordEmblem:RuneStrike","WarlordEmblem:Execute"],"score":1327,"play_id":"f0590849-58ae-48b0-bfc2-1af7f76d4903","local_time":"20210216094635","is_ascension_mode":false,"campfire_choices":[{"data":"WarlordEmblem:Frostmourne","floor":6.0,"key":"SMITH"},{"data":"WarlordEmblem:RuneRegen","floor":15.0,"key":"SMITH"},{"floor":24.0,"key":"RECALL"},{"floor":30,"key":"REST"},{"data":"WarlordEmblem:HeartOfDeath","floor":32,"key":"SMITH"},{"data":"WarlordEmblem:VoidStrike","floor":41,"key":"SMITH"},{"floor":49,"key":"DIG"},{"data":"WarlordEmblem:AntiMagicShield","floor":52,"key":"SMITH"}],"circlet_count":0,"master_deck":["WarlordEmblem:RuneStrike","WarlordEmblem:RuneStrike","WarlordEmblem:RuneStrike","WarlordEmblem:Defend_DK","WarlordEmblem:Defend_DK","WarlordEmblem:Defend_DK","WarlordEmblem:Defend_DK","WarlordEmblem:RuneDefend","WarlordEmblem:Frostmourne+1","WarlordEmblem:VoidStrike+1","WarlordEmblem:RuneRegen+1","WarlordEmblem:AntiMagicShield+1","WarlordEmblem:HeartOfDeath+1","WarlordEmblem:EvilStrike+1","WarlordEmblem:VoidStrike","WarlordEmblem:EvilWorm","WarlordEmblem:RuneInspire+1","WarlordEmblem:WrathOfSindragosa+1","WarlordEmblem:EvilPower+1","WarlordEmblem:HeartStrike","WarlordEmblem:VoidStrike","WarlordEmblem:VoidStrike+1"],"relics":["WarlordEmblem:RuneSword","WarlordEmblem:DKHelm","NeowsBlessing","WarlordEmblem:DK_Ghoul","Dota2Spire:BlackKingBar","WarlordEmblem:MantleBaku","Anchor","Akabeko","Dota2Spire:PowerTreads","Dream Catcher","Blue Candle","LagranYue:SoulBurningRelic","ReplayTheSpireMod:Shallot","WarlordEmblem:QuestMage","Dota2Spire:UrnOfShadows","Dota2Spire:EtherealBlade","WarlordEmblem:SmileMask","Du-Vu Doll"],"acts_visited":["Exordium","TheCity","TheBeyond","TheEnding"],"potions_floor_usage":[55,55,55],"damage_taken":[{"damage":6.0,"enemies":"2 Louse","floor":1.0,"turns":2.0},{"damage":0.0,"enemies":"Cultist","floor":2.0,"turns":1.0},{"damage":0.0,"enemies":"Jaw Worm","floor":4.0,"turns":1.0},{"damage":2.0,"enemies":"Red Slaver","floor":5.0,"turns":5.0},{"damage":0.0,"enemies":"Blue Slaver","floor":7.0,"turns":3.0},{"damage":0.0,"enemies":"Replay:BlueRogue","floor":8.0,"turns":5.0},{"damage":0.0,"enemies":"Exordium Thugs","floor":10.0,"turns":3.0},{"damage":9.0,"enemies":"Exordium Wildlife","floor":11.0,"turns":2.0},{"damage":0.0,"enemies":"Looter","floor":14.0,"turns":2.0},{"damage":0.0,"enemies":"Hexaghost","floor":16.0,"turns":5.0},{"damage":0.0,"enemies":"Shell Parasite","floor":18.0,"turns":4.0},{"damage":0.0,"enemies":"2 Thieves","floor":19.0,"turns":3.0},{"damage":0.0,"enemies":"Snake Plant","floor":20.0,"turns":3.0},{"damage":0.0,"enemies":"Cultist and Chosen","floor":22.0,"turns":3.0},{"damage":12.0,"enemies":"Replay:Snechameleon","floor":23.0,"turns":3.0},{"damage":0.0,"enemies":"3 Cultists","floor":25.0,"turns":2.0},{"damage":0,"enemies":"Centurion and Healer","floor":27,"turns":2},{"damage":7,"enemies":"Sentry and Sphere","floor":28,"turns":4},{"damage":13,"enemies":"Gremlin Leader","floor":29,"turns":4},{"damage":0,"enemies":"Snake Plant","floor":31,"turns":2},{"damage":31,"enemies":"Collector","floor":33,"turns":5},{"damage":3,"enemies":"3 Darklings","floor":35,"turns":2},{"damage":0,"enemies":"Orb Walker","floor":39,"turns":2},{"damage":0,"enemies":"R_Hoarder","floor":40,"turns":4},{"damage":0,"enemies":"Sphere and 2 Shapes","floor":44,"turns":3},{"damage":0,"enemies":"Jaw Worm Horde","floor":46,"turns":2},{"damage":0,"enemies":"3 Darklings","floor":48,"turns":2},{"damage":6,"enemies":"Donu and Deca","floor":50,"turns":5},{"damage":14,"enemies":"Shield and Spear","floor":54,"turns":4},{"damage":62,"enemies":"The Heart","floor":55,"turns":7}],"seed_played":"2270091617329966949","potions_obtained":[{"floor":2.0,"key":"EntropicBrew"},{"floor":8.0,"key":"DistilledChaos"},{"floor":10.0,"key":"Block Potion"},{"floor":14.0,"key":"FearPotion"},{"floor":19.0,"key":"FearPotion"},{"floor":23.0,"key":"Reflective Coating"},{"floor":25.0,"key":"Fire Potion"},{"floor":33,"key":"Regen Potion"},{"floor":35,"key":"Toxic Potion"}],"is_trial":false,"path_per_floor":["M","M","$","M","M","R","M","E","T","M","M","$","?","M","R","B",null,"M","M","M","$","M","E","R","M","T","M","M","E","R","M","R","B",null,"M","$","?","$","M","E","R","T","T","M","?","M","$","M","R","B",null,"R","$","E","B",null],"character_chosen":"DeathKnight","items_purchased":["Anchor","Dota2Spire:PowerTreads","ReplayTheSpireMod:Shallot","WarlordEmblem:VoidStrike"],"campfire_rested":1,"item_purchase_floors":[12,21,36,36],"current_hp_per_floor":[74,74,74,74,72,72,72,72,72,72,63,63,63,63,63,63,80,80,80,80,80,80,68,68,68,68,68,61,48,72,72,72,41,80,77,77,77,77,77,77,77,77,77,77,77,77,77,77,77,75,80,80,80,66,18],"gold":63,"neow_bonus":"THREE_ENEMY_KILL","is_daily":false,"chose_seed":false,"campfire_upgraded":5,"win_rate":0.0,"timestamp":1613439995,"path_taken":["M","M","$","M","M","R","M","E","T","M","M","$","?","M","R","BOSS","M","M","M","$","M","E","R","M","T","M","M","E","R","M","R","BOSS","M","$","?","?","M","E","R","?","T","?","?","M","?","M","R","BOSS","R","$","E","BOSS"],"items_purchased_type":["Relic","Relic","Relic","Card"],"build_version":"2020-12-22","purchased_purges":2,"victory":true,"max_hp_per_floor":[80,80,80,80,80,80,80,80,80,80,80,80,80,80,80,80,80,80,80,80,80,80,80,80,80,80,80,80,80,80,80,80,80,80,80,80,80,80,80,80,80,80,80,80,80,80,80,80,80,80,80,80,80,80,80],"card_choices":[{"not_picked":["WarlordEmblem:FrozenDeath","WarlordEmblem:HeartStrike","WarlordEmblem:FrozenWill"],"picked":"SKIP","floor":1.0},{"not_picked":["WarlordEmblem:ForceDeflexion","WarlordEmblem:FrozenDeath","WarlordEmblem:GhostStrike"],"picked":"SKIP","floor":2.0},{"not_picked":["WarlordEmblem:FrozenDeath","WarlordEmblem:HeartStrike","WarlordEmblem:WinterHorn"],"picked":"SKIP","floor":4.0},{"not_picked":["WarlordEmblem:FrozenWill","WarlordEmblem:RuneFocus"],"picked":"WarlordEmblem:VoidStrike","floor":5.0},{"not_picked":["WarlordEmblem:RuneBlade","WarlordEmblem:RuneRecast","WarlordEmblem:RuneFocus"],"picked":"SKIP","floor":7.0},{"not_picked":["WarlordEmblem:CurseStrike","WarlordEmblem:DeathCoil"],"picked":"WarlordEmblem:RuneRegen","floor":8.0},{"not_picked":["WarlordEmblem:BodyStrike","WarlordEmblem:DeathCoil"],"picked":"WarlordEmblem:AntiMagicShield","floor":10.0},{"not_picked":["WarlordEmblem:EvilEager","WarlordEmblem:BodyStrike","WarlordEmblem:LichBody"],"picked":"SKIP","floor":11.0},{"not_picked":["WarlordEmblem:BloodSacrifice","WarlordEmblem:FrostbiteStrike","WarlordEmblem:EvilPower"],"picked":"SKIP","floor":14.0},{"not_picked":["WarlordEmblem:RuneMultiplex","WarlordEmblem:CurseBlade"],"picked":"WarlordEmblem:HeartOfDeath","floor":16.0},{"not_picked":["WarlordEmblem:Withstand","WarlordEmblem:AntiMagicShield"],"picked":"WarlordEmblem:EvilStrike+1","floor":18.0},{"not_picked":["WarlordEmblem:RuneBlade","WarlordEmblem:ForceDeflexion"],"picked":"WarlordEmblem:VoidStrike","floor":19.0},{"not_picked":["WarlordEmblem:BoneShield","WarlordEmblem:RuneDiffer+1"],"picked":"WarlordEmblem:EvilWorm","floor":20.0},{"not_picked":["WarlordEmblem:DeathShake","WarlordEmblem:ForceDeflexion+1"],"picked":"WarlordEmblem:RuneInspire+1","floor":22.0},{"not_picked":["WarlordEmblem:HeartStrike","WarlordEmblem:BodyStrike","WarlordEmblem:FrostbiteStrike"],"picked":"SKIP","floor":23.0},{"not_picked":["WarlordEmblem:WillOfTheNecropolis","WarlordEmblem:RuneDiffer","WarlordEmblem:RuneBlade"],"picked":"SKIP","floor":25.0},{"not_picked":["WarlordEmblem:FrostbiteStrike","WarlordEmblem:EvilSee"],"picked":"WarlordEmblem:WrathOfSindragosa+1","floor":27},{"not_picked":["WarlordEmblem:Hanging","WarlordEmblem:UndeadWill+1","WarlordEmblem:DarkSimulation"],"picked":"SKIP","floor":28},{"not_picked":["WarlordEmblem:HeartStrike","WarlordEmblem:RuneRecast+1"],"picked":"WarlordEmblem:EvilPower+1","floor":29},{"not_picked":["WarlordEmblem:SevereWinter+1","WarlordEmblem:RuneBlade","WarlordEmblem:BoneShield"],"picked":"SKIP","floor":31},{"not_picked":["WarlordEmblem:RuneDiffer+1","WarlordEmblem:BodyStrike"],"picked":"WarlordEmblem:HeartStrike","floor":35},{"not_picked":["WarlordEmblem:Infect+1","WarlordEmblem:RuneDiffer","WarlordEmblem:AntiMagicShield"],"picked":"SKIP","floor":39},{"not_picked":["WarlordEmblem:RuneRecover","WarlordEmblem:WrathOfSindragosa","WarlordEmblem:WinterHorn"],"picked":"SKIP","floor":40},{"not_picked":["WarlordEmblem:LichBody+1","WarlordEmblem:EvilSee+1","WarlordEmblem:SevereWinter+1"],"picked":"SKIP","floor":44},{"not_picked":["WarlordEmblem:BodyStrike+1","WarlordEmblem:BloodSacrifice+1"],"picked":"WarlordEmblem:VoidStrike+1","floor":46},{"not_picked":["WarlordEmblem:Potential+1","WarlordEmblem:BodyStrike","WarlordEmblem:EvilPower+1"],"picked":"SKIP","floor":48},{"not_picked":["WarlordEmblem:RuneRecast+1","WarlordEmblem:BloodSacrifice+1","WarlordEmblem:RuneDiffer+1"],"picked":"SKIP","floor":54}],"player_experience":51701,"relics_obtained":[{"floor":8.0,"key":"Dota2Spire:BlackKingBar"},{"floor":9.0,"key":"WarlordEmblem:MantleBaku"},{"floor":23.0,"key":"Dream Catcher"},{"floor":29,"key":"Blue Candle"},{"floor":40,"key":"WarlordEmblem:QuestMage"},{"floor":42,"key":"Dota2Spire:UrnOfShadows"},{"floor":43,"key":"Dota2Spire:EtherealBlade"},{"floor":49,"key":"WarlordEmblem:SmileMask"},{"floor":54,"key":"Du-Vu Doll"}],"event_choices":[{"damage_healed":0.0,"max_hp_gain":0.0,"max_hp_loss":0.0,"gold_gain":0.0,"event_name":"WeMeetAgain","player_choice":"Gave Potion","floor":13.0,"gold_loss":0.0,"damage_taken":0.0,"relics_obtained":["Akabeko"]},{"damage_healed":0,"gold_gain":0,"player_choice":"1 cards matched","damage_taken":0,"max_hp_gain":0,"max_hp_loss":0,"event_name":"Match and Keep!","floor":37,"gold_loss":0,"cards_obtained":["WarlordEmblem:Execute"]},{"damage_healed":0,"gold_gain":0,"player_choice":"Bought 0 Potions","damage_taken":0,"max_hp_gain":0,"max_hp_loss":0,"event_name":"The Woman in Blue","floor":45,"gold_loss":0}],"is_beta":false,"boss_relics":[{"not_picked":["Astrolabe","Runic Dome","Coffee Dripper"]},{"not_picked":["Replay:Bronze Core","Dota2Spire:RefresherOrb"],"picked":"LagranYue:SoulBurningRelic"}],"items_purged_floors":[36,53],"is_endless":false,"potions_floor_spawned":[2,8,10,11,14,19,23,25,29,33,35,44,48],"ascension_level":0}}