{"host":"32dedufnxebqtmo3","time":1613436439,"event":{"mods":["AchievementEnabler","BaseMod","Better Third Choice","Card Filter","Colored Powertips","Defuse TimeMaze Blight","GifTheSpireLib","Minty Spire (QoL Compilation)","Permanent Neow","Relic Filter","Relic Stats","Remove Card Discount Mod","Shop Mod","StSLib","The Cursed","The Death Knight","Unceasing Turn Reminder"],"gold_per_floor":[115,125,145,2,2,35,51,81,106,106,119,119,152,163,163,259,259,279,90,90,90,105,133,133,133,157,157,174,174,174,174],"floor_reached":30,"language":"ENG","playtime":3187,"items_purged":["DeathKnight:Defend_DeathKnight","DeathKnight:Defend_DeathKnight","DeathKnight:Strike_DeathKnight","DeathKnight:Strike_DeathKnight","DeathKnight:Strike_DeathKnight"],"score":268,"play_id":"1b5c7d7a-b799-470e-a1b3-a0f8c5415696","local_time":"20210215164719","is_ascension_mode":false,"campfire_choices":[{"floor":10,"key":"REST"},{"data":"DeathKnight:Hysteria","floor":12,"key":"SMITH"},{"floor":15,"key":"REST"},{"floor":24,"key":"REST"},{"data":"DeathKnight:FrosPresence","floor":27,"key":"SMITH"},{"data":"DeathKnight:GargoyleSkin","floor":29,"key":"SMITH"}],"circlet_count":0,"master_deck":["DeathKnight:Defend_DeathKnight","DeathKnight:Defend_DeathKnight","DeathKnight:Defend_DeathKnight","DeathKnight:RuneTap","DeathKnight:RuneStrike","DeathKnight:Hysteria+1","DeathKnight:BloodStrike","DeathKnight:MindFreeze","DeathKnight:FoulBulwark","DeathKnight:BloodStrike","DeathKnight:PathOfFrost","DeathKnight:IcyTouch+1","DeathKnight:GargoyleSkin+1","DeathKnight:FrosPresence+1","DeathKnight:PlagueStrike+1","DeathKnight:VampiricBlood","DeathKnight:IceboundArmor","DeathKnight:PlagueStrike+1","DeathKnight:IcyTouch","DeathKnight:PathOfFrost"],"relics":["DeathKnight:BrokenRuneblade","Juzu Bracelet","Omamori","Ancient Tea Set","DeathKnight:Scourgestone","Calling Bell","Bag of Marbles","DeathKnight:TomeOfUnholySpecialization","Whetstone","Potion Belt","Pantograph","Pen Nib"],"acts_visited":["Exordium","TheCity"],"potions_floor_usage":[7,13,23],"damage_taken":[{"damage":2,"enemies":"Jaw Worm","floor":1,"turns":4},{"damage":7,"enemies":"Cultist","floor":2,"turns":5},{"damage":0,"enemies":"Small Slimes","floor":3,"turns":4},{"damage":22,"enemies":"Gremlin Nob","floor":6,"turns":5},{"damage":2,"enemies":"Looter","floor":7,"turns":4},{"damage":24,"enemies":"3 Sentries","floor":8,"turns":11},{"damage":0,"enemies":"Blue Slaver","floor":11,"turns":4},{"damage":8,"enemies":"Gremlin Nob","floor":13,"turns":4},{"damage":0,"enemies":"Exordium Wildlife","floor":14,"turns":9},{"damage":5,"enemies":"Slime Boss","floor":16,"turns":10},{"damage":20,"enemies":"2 Thieves","floor":18,"turns":5},{"damage":1,"enemies":"Chosen","floor":22,"turns":6},{"damage":40,"enemies":"Gremlin Leader","floor":23,"turns":8},{"damage":24,"enemies":"Sentry and Sphere","floor":28,"turns":7},{"damage":25,"enemies":"3 Cultists","floor":30,"turns":5}],"seed_played":"-8785058125752914339","potions_obtained":[{"floor":3,"key":"LiquidBronze"},{"floor":6,"key":"DeathKnight:BottledBloodEchoes"},{"floor":7,"key":"Fruit Juice"},{"floor":8,"key":"SteroidPotion"},{"floor":11,"key":"Weak Potion"},{"floor":13,"key":"Ancient Potion"},{"floor":22,"key":"DeathKnight:VirulencePotion"}],"is_trial":false,"path_per_floor":["M","M","M","$","?","E","M","E","T","R","M","R","E","M","R","B",null,"M","$","?","?","M","E","R","?","T","R","M","R","M"],"character_chosen":"DEATH_KNIGHT","items_purchased":["DeathKnight:MindFreeze","DeathKnight:FoulBulwark","DeathKnight:BloodStrike","DeathKnight:PlagueStrike+1","Whetstone"],"campfire_rested":3,"item_purchase_floors":[4,4,4,19,19],"current_hp_per_floor":[52,45,45,45,50,28,31,7,7,31,31,31,23,23,47,42,80,60,60,60,60,59,19,43,43,43,43,19,19,0,0],"gold":174,"neow_bonus":"REMOVE_TWO","is_daily":false,"chose_seed":false,"campfire_upgraded":3,"win_rate":0.0,"timestamp":1613436439,"path_taken":["M","M","M","$","?","E","M","E","T","R","M","R","E","M","R","BOSS","M","$","?","?","M","E","R","?","T","R","M","R","M"],"items_purchased_type":["Card","Card","Card","Card","Relic"],"build_version":"2020-12-22","purchased_purges":5,"victory":false,"max_hp_per_floor":[75,75,75,75,75,75,80,80,80,80,80,80,80,80,80,80,80,80,80,80,80,80,80,80,80,80,80,80,80,80,80],"relic_stats":{"counters":[15,91],"Pantograph":0,"Pen Nib":[1],"Juzu Bracelet":1,"Whetstone":["DeathKnight:PlagueStrike","DeathKnight:IcyTouch"],"obtain_stats":[{"Calling Bell":17,"Potion Belt":20,"DeathKnight:TomeOfUnholySpecialization":17,"DeathKnight:Scourgestone":13,"Pantograph":23,"Pen Nib":26,"Juzu Bracelet":6,"Omamori":8,"Bag of Marbles":17,"Whetstone":19,"Ancient Tea Set":9,"DeathKnight:BrokenRuneblade":0},{"Calling Bell":10,"Potion Belt":11,"DeathKnight:TomeOfUnholySpecialization":10,"DeathKnight:Scourgestone":8,"Pantograph":13,"Pen Nib":13,"Juzu Bracelet":4,"Omamori":6,"Bag of Marbles":10,"Whetstone":11,"Ancient Tea Set":6,"DeathKnight:BrokenRuneblade":0},{"Calling Bell":60,"Potion Belt":65,"DeathKnight:TomeOfUnholySpecialization":60,"DeathKnight:Scourgestone":41,"Pantograph":79,"Pen Nib":79,"Juzu Bracelet":18,"Omamori":33,"Bag of Marbles":60,"Whetstone":65,"Ancient Tea Set":33,"DeathKnight:BrokenRuneblade":0}]},"card_choices":[{"not_picked":["DeathKnight:WraithWalk","DeathKnight:FrosPresence"],"picked":"DeathKnight:Hysteria","floor":1},{"not_picked":["DeathKnight:FrostStrike","DeathKnight:Runeguard"],"picked":"DeathKnight:BloodStrike","floor":2},{"not_picked":["DeathKnight:RunicCorruption","DeathKnight:Hysteria"],"picked":"DeathKnight:Ossuary","floor":3},{"not_picked":["DeathKnight:DancingRuneblade","DeathKnight:Hysteria"],"picked":"DeathKnight:PathOfFrost","floor":6},{"not_picked":["DeathKnight:MutagenicPlague","DeathKnight:HartStrike","DeathKnight:BloodEchoes"],"picked":"SKIP","floor":7},{"not_picked":["DeathKnight:DeathStrike","DeathKnight:BludPresence"],"picked":"DeathKnight:IcyTouch","floor":8},{"not_picked":["DeathKnight:ScourgeStrike","DeathKnight:RaiseAlly"],"picked":"DeathKnight:GargoyleSkin","floor":11},{"not_picked":["DeathKnight:WraithWalk","DeathKnight:DeathsAdvance"],"picked":"DeathKnight:FrosPresence","floor":13},{"not_picked":["DeathKnight:HowlingBlast","DeathKnight:DarkSuccor"],"picked":"DeathKnight:PlagueStrike","floor":14},{"not_picked":["DeathKnight:ArmyOfTheDead","DeathKnight:Simulacrum"],"picked":"DeathKnight:VampiricBlood","floor":16},{"not_picked":["DeathKnight:Hemostasis+1","DeathKnight:Hysteria"],"picked":"DeathKnight:IceboundArmor","floor":18},{"not_picked":["DeathKnight:FrosPresence","DeathKnight:DeathCoil+1"],"picked":"DeathKnight:IcyTouch","floor":22},{"not_picked":["DeathKnight:ShatteringStrikes","DeathKnight:UnholyFrenzy+1","DeathKnight:Marrowrend"],"picked":"SKIP","floor":23},{"not_picked":["DeathKnight:DeathCoil+1","DeathKnight:FoulBulwark+1"],"picked":"DeathKnight:PathOfFrost","floor":28}],"player_experience":699447,"relics_obtained":[{"floor":6,"key":"Juzu Bracelet"},{"floor":8,"key":"Omamori"},{"floor":9,"key":"Ancient Tea Set"},{"floor":13,"key":"DeathKnight:Scourgestone"},{"floor":17,"key":"Bag of Marbles"},{"floor":17,"key":"DeathKnight:TomeOfUnholySpecialization"},{"floor":23,"key":"Pantograph"},{"floor":26,"key":"Pen Nib"}],"event_choices":[{"cards_removed":["DeathKnight:Ossuary"],"damage_healed":5,"gold_gain":0,"player_choice":"Offered Common","damage_taken":0,"max_hp_gain":0,"max_hp_loss":0,"event_name":"Bonfire Elementals","floor":5,"gold_loss":0},{"cards_removed":["DeathKnight:Ossuary"],"damage_healed":5,"gold_gain":0,"player_choice":"Offered Special","damage_taken":0,"max_hp_gain":0,"max_hp_loss":0,"event_name":"Bonfire Elementals","floor":5,"gold_loss":0},{"damage_healed":0,"gold_gain":0,"player_choice":"Opened","damage_taken":0,"relics_obtained":["Potion Belt"],"max_hp_gain":0,"max_hp_loss":0,"event_name":"The Mausoleum","floor":20,"gold_loss":0,"cards_obtained":["Writhe"]},{"damage_healed":0,"gold_gain":0,"player_choice":"Ignored","damage_taken":0,"max_hp_gain":0,"max_hp_loss":0,"event_name":"Beggar","floor":21,"gold_loss":0},{"damage_healed":0,"gold_gain":0,"player_choice":"Ignored","damage_taken":0,"max_hp_gain":0,"max_hp_loss":0,"event_name":"Ghosts","floor":25,"gold_loss":0}],"is_beta":false,"boss_relics":[{"not_picked":["Runic Dome","Fusion Hammer"],"picked":"Calling Bell"}],"items_purged_floors":[4,4,4,19,19],"is_endless":false,"potions_floor_spawned":[3,6,7,8,11,13,16,22],"killed_by":"3 Cultists","ascension_level":0}}