{"host":"9gt1gyw31qbqqib1","time":1613498388,"event":{"mods":["AchievementEnabler","BaseMod","Better Sensory Stone","BetterRewards","Colored Map","Colored Powertips","Downfall","Fox Events","Highlight Path","Infinite Spire","Ironclad Rager","Marked Mod","Minty Spire (QoL Compilation)","Permanent Neow","Rare Cards Sparkle","Spicy Shops","StSLib","The Marked"],"gold_per_floor":[0,11,11,11,0,0,0,0,15,44,64,64,64,64],"floor_reached":12,"language":"ENG","playtime":694,"items_purged":[],"score":76,"play_id":"30a30881-ff9a-467c-a82a-51124bf1df7c","local_time":"20210216185948","is_ascension_mode":false,"campfire_choices":[{"data":"hexamod:Float","floor":1,"key":"SMITH"},{"data":"hexamod:ChargedBarrage","floor":6,"key":"SMITH"}],"circlet_count":0,"master_deck":["hexamod:Strike","hexamod:Strike","hexamod:Strike","hexamod:Strike","hexamod:Defend","hexamod:Defend","hexamod:Defend","hexamod:Defend","hexamod:Sear","hexamod:Float+1","Mayhem","hexamod:ChargedBarrage+1","hexamod:HexaLevel","hexamod:NightmareGuise","hexamod:GhostShield","hexamod:Firestarter"],"relics":["hexamod:SpiritBrand","infinitespire:FocusingShard","Singing Bowl","Smiling Mask"],"acts_visited":["Exordium"],"potions_floor_usage":[10,12],"damage_taken":[{"damage":0,"enemies":"Small Slimes","floor":2,"turns":3},{"damage":10,"enemies":"downfall:FleeingMerchant","floor":5,"turns":4},{"damage":0,"enemies":"2 Louse","floor":9,"turns":3},{"damage":53,"enemies":"Gremlin Nob","floor":10,"turns":6},{"damage":11,"enemies":"Jaw Worm","floor":11,"turns":4},{"damage":4,"enemies":"3 Sentries","floor":12,"turns":4}],"seed_played":"407067611370436711","potions_obtained":[{"floor":9,"key":"SpeedPotion"},{"floor":11,"key":"Block Potion"}],"is_trial":false,"path_per_floor":["R","M","?","?","$","R","T","?","M","E","M","E"],"character_chosen":"THE_SPIRIT","items_purchased":[],"campfire_rested":0,"item_purchase_floors":[],"current_hp_per_floor":[70,70,70,75,65,65,65,65,65,12,1,0,0,0],"gold":64,"neow_bonus":"RANDOM_COLORLESS_2","is_daily":false,"chose_seed":false,"campfire_upgraded":2,"win_rate":0.0,"timestamp":1613498388,"path_taken":["R","M","?","?","$","R","T","?","M","E","M","E"],"items_purchased_type":[],"build_version":"2020-12-22","purchased_purges":0,"victory":false,"max_hp_per_floor":[70,70,70,75,75,75,75,75,75,75,75,75,75,75],"card_choices":[{"not_picked":["Master of Strategy","Violence"],"picked":"Mayhem","floor":0.0},{"not_picked":["hexamod:InspiringFlames","hexamod:NightmareStrike"],"picked":"hexamod:ChargedBarrage","floor":2},{"not_picked":["hexamod:BurningTouch","hexamod:NightmareStrike"],"picked":"hexamod:HexaLevel","floor":5},{"not_picked":["hexamod:AdvancingGuard","hexamod:NightmareStrike"],"picked":"hexamod:NightmareGuise","floor":9},{"not_picked":["hexamod:GhostOfSpirePast","hexamod:FirstSeal"],"picked":"hexamod:GhostShield","floor":10},{"not_picked":["hexamod:SpectersWail","hexamod:GhostShield"],"picked":"hexamod:Firestarter","floor":11}],"player_experience":257241,"relics_obtained":[{"floor":3,"key":"infinitespire:FocusingShard"},{"floor":7,"key":"Singing Bowl"},{"floor":10,"key":"Smiling Mask"}],"event_choices":[{"damage_healed":0,"gold_gain":0,"player_choice":"Donut","damage_taken":0,"max_hp_gain":5,"max_hp_loss":0,"event_name":"Big Fish","floor":4,"gold_loss":0}],"is_beta":false,"boss_relics":[],"items_purged_floors":[],"is_endless":false,"potions_floor_spawned":[9,11],"killed_by":"3 Sentries","ascension_level":0}}