{"host":"d76q0rb9a0s9bgr5","time":1613518427,"event":{"mods":["BaseMod","Downfall","Hubris","Minty Spire (QoL Compilation)","StSLib"],"gold_per_floor":[117,67,82,82,82,82,117,117,117,134,147,147,167,167,167,269,269,286,286,172,172,189,189,214,227,254,254,267,267,167,201,201,299,299,314,110,124,142,159,185,185,210,210,239,34,115,115,127,127,127,127,127,77,103,103,103],"floor_reached":55,"language":"ENG","playtime":3038,"items_purged":["Strike_G","Strike_G","Strike_G","Strike_G","Defend_G"],"score":1010,"play_id":"b0fe7240-6958-4261-b6f1-fe9e27da5e80","local_time":"20210217003347","is_ascension_mode":true,"campfire_choices":[{"data":"Blade Dance","floor":6,"key":"SMITH"},{"data":"Blade Dance","floor":8,"key":"SMITH"},{"data":"Accuracy","floor":15,"key":"SMITH"},{"data":"Accuracy","floor":23,"key":"SMITH"},{"data":"J.A.X.","floor":29,"key":"SMITH"},{"floor":32,"key":"RECALL"},{"data":"Burst","floor":47,"key":"SMITH"},{"data":"Blade Dance","floor":49,"key":"SMITH"},{"data":"Phantasmal Killer","floor":52,"key":"SMITH"}],"circlet_count":0,"master_deck":["Defend_G+1","Defend_G","Defend_G","Defend_G","Survivor","Neutralize","Blade Dance+1","Blade Dance+1","Cloak And Dagger+1","Accuracy+1","Storm of Steel+1","Footwork","J.A.X.+1","Accuracy+1","Necronomicurse","Prepared+1","Phantasmal Killer+1","Prepared+1","Blade Dance+1","Cloak And Dagger+1","Burst+1","Cloak And Dagger+1"],"relics":["Snecko Eye","hubris:Towel","Ornamental Fan","Letter Opener","HornCleat","Necronomicon","War Paint","Bronze Scales","Smiling Mask","Coffee Dripper","Blood Vial","Sundial","InkBottle","Pen Nib","Bag of Preparation","Bottled Tornado","Happy Flower"],"acts_visited":["Exordium","TheCity","TheBeyond","TheEnding"],"potions_floor_usage":[24,24,24,37,48,55,55],"damage_taken":[{"damage":0,"enemies":"Small Slimes","floor":1,"turns":4},{"damage":0,"enemies":"2 Louse","floor":3,"turns":2},{"damage":26,"enemies":"Lagavulin","floor":7,"turns":8},{"damage":0,"enemies":"Cultist","floor":10,"turns":3},{"damage":0,"enemies":"3 Louse","floor":11,"turns":2},{"damage":0,"enemies":"Lots of Slimes","floor":13,"turns":2},{"damage":1,"enemies":"Hexaghost","floor":16,"turns":6},{"damage":0,"enemies":"3 Byrds","floor":18,"turns":4},{"damage":0,"enemies":"Spheric Guardian","floor":22,"turns":2},{"damage":3,"enemies":"Gremlin Leader","floor":24,"turns":5},{"damage":9,"enemies":"Snake Plant","floor":25,"turns":3},{"damage":3,"enemies":"Cultist and Chosen","floor":28,"turns":3},{"damage":0,"enemies":"Book of Stabbing","floor":31,"turns":3},{"damage":22,"enemies":"Automaton","floor":33,"turns":6},{"damage":3,"enemies":"Orb Walker","floor":35,"turns":2},{"damage":10,"enemies":"3 Shapes","floor":37,"turns":6},{"damage":16,"enemies":"Jaw Worm Horde","floor":38,"turns":3},{"damage":1,"enemies":"Transient","floor":39,"turns":5},{"damage":10,"enemies":"Giant Head","floor":40,"turns":4},{"damage":3,"enemies":"Nemesis","floor":42,"turns":3},{"damage":3,"enemies":"Giant Head","floor":44,"turns":5},{"damage":7,"enemies":"Maw","floor":48,"turns":3},{"damage":3,"enemies":"hubris:GrandSnecko","floor":50,"turns":3},{"damage":28,"enemies":"Shield and Spear","floor":54,"turns":5},{"damage":81,"enemies":"The Heart","floor":55,"turns":3}],"seed_played":"-6818615789129766672","potions_obtained":[{"floor":10,"key":"Guardian:BlockOnCardUsePotion"},{"floor":11,"key":"SteroidPotion"},{"floor":16,"key":"Guardian:BlockOnCardUsePotion"},{"floor":31,"key":"Strength Potion"},{"floor":35,"key":"champ:CounterPotion"},{"floor":39,"key":"AttackPotion"},{"floor":42,"key":"SkillPotion"}],"is_trial":false,"path_per_floor":["M","?","M","?","?","R","E","R","T","M","M","?","M","T","R","B",null,"M","?","$","?","M","R","E","M","T","?","M","R","$","E","R","B",null,"M","$","M","M","M","E","?","E","T","E","$","T","R","M","R","B",null,"R","$","E","B"],"character_chosen":"THE_SILENT","items_purchased":["Accuracy","Blood Vial","Bag of Preparation"],"campfire_rested":0,"item_purchase_floors":[20,36,45],"current_hp_per_floor":[70,70,70,70,70,70,44,44,44,44,44,44,44,44,44,43,70,70,70,70,54,54,54,51,42,42,65,62,62,62,62,62,40,70,67,67,59,45,46,38,38,37,37,36,36,36,36,31,31,30,66,66,66,38,0,0],"gold":103,"neow_bonus":"BOSS_RELIC","is_daily":false,"chose_seed":false,"campfire_upgraded":8,"win_rate":0.0,"timestamp":1613518427,"path_taken":["M","?","M","?","?","R","E","R","T","?","M","?","?","?","R","BOSS","M","?","$","?","M","R","E","M","T","?","M","R","$","E","R","BOSS","M","?","M","?","M","E","?","E","T","E","$","?","R","M","R","BOSS","R","$","E","BOSS"],"items_purchased_type":["Card","Relic","Relic"],"build_version":"2020-12-22","purchased_purges":5,"victory":false,"max_hp_per_floor":[70,70,70,70,70,70,70,70,70,70,70,70,70,70,70,70,70,70,70,70,70,70,70,70,70,70,70,70,70,70,70,70,70,70,70,70,70,70,70,70,66,66,66,66,66,66,66,66,66,66,66,66,66,66,66,66],"card_choices":[{"not_picked":["Sucker Punch","Deflect"],"picked":"Blade Dance","floor":1},{"not_picked":["Acrobatics","Endless Agony"],"picked":"Blade Dance","floor":3},{"not_picked":["Calculated Gamble","Escape Plan"],"picked":"Cloak And Dagger","floor":7},{"not_picked":["Outmaneuver","Crippling Poison","Quick Slash"],"picked":"SKIP","floor":10},{"not_picked":["Outmaneuver","Acrobatics","Backflip"],"picked":"SKIP","floor":11},{"not_picked":["Slice","Acrobatics"],"picked":"Accuracy","floor":13},{"not_picked":["Tools of the Trade","Malaise"],"picked":"Storm of Steel","floor":16},{"not_picked":["Expertise","Deadly Poison+1"],"picked":"Footwork","floor":18},{"not_picked":["Deadly Poison","Backflip","Sucker Punch+1"],"picked":"SKIP","floor":22},{"not_picked":["Blur","Deadly Poison","hubris:SlightOfHand+1"],"picked":"SKIP","floor":24},{"not_picked":["Dagger Spray+1","hubris:Sniper","Underhanded Strike"],"picked":"SKIP","floor":25},{"not_picked":["Acrobatics+1","Expertise"],"picked":"Prepared+1","floor":28},{"not_picked":["Backflip","Heel Hook","Dodge and Roll"],"picked":"SKIP","floor":31},{"not_picked":["After Image","Envenom"],"picked":"Phantasmal Killer","floor":33},{"not_picked":["hubris:Counter","Dagger Spray"],"picked":"Prepared+1","floor":35},{"not_picked":["Adrenaline","Cloak And Dagger"],"picked":"Blade Dance","floor":37},{"not_picked":["Outmaneuver","Slice+1"],"picked":"Cloak And Dagger+1","floor":38},{"not_picked":["hubris:TrickCloak+1","Noxious Fumes","Slice+1"],"picked":"SKIP","floor":39},{"not_picked":["Dodge and Roll+1","hubris:SlightOfHand+1"],"picked":"Burst","floor":40},{"not_picked":["Poisoned Stab+1","Deflect+1"],"picked":"Cloak And Dagger+1","floor":42},{"not_picked":["Sucker Punch+1","Flying Knee","Acrobatics+1"],"picked":"SKIP","floor":44},{"not_picked":["Acrobatics","hubris:TrickCloak+1","Underhanded Strike+1"],"picked":"SKIP","floor":48},{"not_picked":["PiercingWail","Backstab","Reflex+1"],"picked":"SKIP","floor":54}],"player_experience":156681,"relics_obtained":[{"floor":7,"key":"Ornamental Fan"},{"floor":9,"key":"Letter Opener"},{"floor":14,"key":"HornCleat"},{"floor":21,"key":"Necronomicon"},{"floor":24,"key":"War Paint"},{"floor":26,"key":"Bronze Scales"},{"floor":31,"key":"Smiling Mask"},{"floor":40,"key":"Sundial"},{"floor":42,"key":"InkBottle"},{"floor":44,"key":"Pen Nib"},{"floor":46,"key":"Bottled Tornado"},{"floor":54,"key":"Happy Flower"}],"event_choices":[{"cards_removed":["Strike_G"],"damage_healed":0,"gold_gain":0,"player_choice":"Card Removal","damage_taken":0,"max_hp_gain":0,"max_hp_loss":0,"event_name":"The Cleric","floor":2,"gold_loss":50},{"damage_healed":0,"gold_gain":0,"player_choice":"0 cards matched","damage_taken":0,"max_hp_gain":0,"max_hp_loss":0,"event_name":"Match and Keep!","floor":5,"gold_loss":0,"cards_obtained":[]},{"damage_healed":0,"gold_gain":0,"player_choice":"Upgraded","damage_taken":0,"max_hp_gain":0,"max_hp_loss":0,"event_name":"Upgrade Shrine","floor":12,"gold_loss":0,"cards_upgraded":["Cloak And Dagger"]},{"damage_healed":0,"gold_gain":0,"player_choice":"Obtain J.A.X.","damage_taken":0,"max_hp_gain":0,"max_hp_loss":0,"event_name":"Drug Dealer","floor":19,"gold_loss":0,"cards_obtained":["J.A.X."]},{"damage_healed":0,"gold_gain":0,"player_choice":"Obtained Book","damage_taken":16,"max_hp_gain":0,"max_hp_loss":0,"event_name":"Cursed Tome","floor":21,"gold_loss":0},{"damage_healed":23,"gold_gain":0,"player_choice":"Heal","damage_taken":0,"max_hp_gain":0,"max_hp_loss":0,"event_name":"The Library","floor":27,"gold_loss":0},{"damage_healed":0,"gold_gain":0,"player_choice":"Max HP","damage_taken":0,"max_hp_gain":0,"max_hp_loss":4,"event_name":"Winding Halls","floor":41,"gold_loss":0}],"is_beta":false,"boss_relics":[{"not_picked":["Cursed Key","Velvet Choker","Runic Pyramid"]},{"not_picked":["Runic Dome","hubris:BlackHole"],"picked":"Coffee Dripper"}],"items_purged_floors":[20,30,36,45,53],"is_endless":false,"potions_floor_spawned":[10,11,16,18,31,35,39,42],"killed_by":"The Heart","ascension_level":2}}