{"host":"p9vmbvw2hh2n16dn","time":1613495954,"event":{"mods":["AchievementEnabler","BaseMod","Block Reminder","Minty Spire (QoL Compilation)","Relic Stats","SuperFastMode"],"gold_per_floor":[117,117,133,64,77,103,119,119,119,119,144,144,174,191,191,290,290,304,319,234,234,234],"floor_reached":21,"language":"ENG","playtime":1082,"items_purged":[],"score":318,"play_id":"a481e136-e7a8-4be1-b847-e4ff14e0411c","local_time":"20210216181914","is_ascension_mode":true,"campfire_choices":[{"data":"Footwork","floor":8.0,"key":"SMITH"},{"data":"Neutralize","floor":10.0,"key":"SMITH"},{"data":"Bouncing Flask","floor":12.0,"key":"SMITH"},{"data":"Footwork","floor":15.0,"key":"SMITH"}],"circlet_count":0,"master_deck":["AscendersBane","Strike_G","Strike_G","Strike_G","Strike_G","Strike_G","Defend_G","Defend_G","Defend_G","Defend_G","Defend_G","Survivor","Neutralize+1","Blade Dance","Flash of Steel","Poisoned Stab","Footwork+1","Acrobatics","Bouncing Flask+1","All Out Attack","Calculated Gamble","Footwork+1","Phantasmal Killer","Dagger Spray","Leg Sweep"],"relics":["Ring of the Snake","NeowsBlessing","Question Card","Paper Crane","Eternal Feather","Sundial","Snecko Eye","The Courier"],"acts_visited":["Exordium","TheCity"],"potions_floor_usage":[16,19],"damage_taken":[{"damage":0.0,"enemies":"Jaw Worm","floor":1.0,"turns":1.0},{"damage":0.0,"enemies":"Cultist","floor":3.0,"turns":1.0},{"damage":0.0,"enemies":"Small Slimes","floor":5.0,"turns":1.0},{"damage":25.0,"enemies":"Gremlin Nob","floor":6.0,"turns":4.0},{"damage":0.0,"enemies":"Red Slaver","floor":7.0,"turns":4.0},{"damage":7.0,"enemies":"3 Sentries","floor":11.0,"turns":7.0},{"damage":11.0,"enemies":"Lagavulin","floor":13.0,"turns":5.0},{"damage":0.0,"enemies":"Large Slime","floor":14.0,"turns":6.0},{"damage":30,"enemies":"The Guardian","floor":16,"turns":8},{"damage":44,"enemies":"2 Thieves","floor":18,"turns":5},{"damage":1,"enemies":"Shell Parasite","floor":19,"turns":4},{"damage":21,"enemies":"Centurion and Healer","floor":21,"turns":3}],"seed_played":"2881686772716653040","potions_obtained":[{"floor":1.0,"key":"Block Potion"},{"floor":6.0,"key":"Strength Potion"},{"floor":11.0,"key":"EssenceOfSteel"},{"floor":14.0,"key":"PowerPotion"},{"floor":18,"key":"GamblersBrew"}],"is_trial":false,"path_per_floor":["M","?","M","$","M","E","M","R","T","R","E","R","E","M","R","B",null,"M","M","?","M"],"character_chosen":"THE_SILENT","items_purchased":["Footwork"],"campfire_rested":0,"item_purchase_floors":[4],"current_hp_per_floor":[63,63,63,63,63,38,38,38,38,38,31,43,32,32,44,14,56,12,11,11,0,0],"gold":234,"neow_bonus":"THREE_ENEMY_KILL","is_daily":false,"chose_seed":false,"campfire_upgraded":4,"win_rate":0.0,"timestamp":1613495954,"path_taken":["M","?","M","$","?","E","M","R","T","R","E","R","E","M","R","BOSS","M","M","?","M"],"items_purchased_type":["Card"],"build_version":"2020-12-22","purchased_purges":0,"victory":false,"max_hp_per_floor":[70,70,70,70,70,70,70,70,70,70,70,70,70,70,70,70,70,70,70,70,70,70],"relic_stats":{"counters":[12,49],"Sundial":[4],"Snecko Eye":[25,26,32,27],"Eternal Feather":24,"Question Card":7,"obtain_stats":[{"NeowsBlessing":0,"Sundial":13,"Snecko Eye":17,"Eternal Feather":11,"The Courier":20,"Paper Crane":9,"Question Card":6,"Ring of the Snake":0},{"NeowsBlessing":0,"Sundial":7,"Snecko Eye":9,"Eternal Feather":6,"The Courier":11,"Paper Crane":5,"Question Card":4,"Ring of the Snake":0},{"NeowsBlessing":0,"Sundial":23,"Snecko Eye":37,"Eternal Feather":18,"The Courier":46,"Paper Crane":11,"Question Card":7,"Ring of the Snake":0}],"Ring of the Snake":[24]},"card_choices":[{"not_picked":["Caltrops","Flechettes"],"picked":"Blade Dance","floor":1.0},{"not_picked":["Catalyst","Deadly Poison"],"picked":"Poisoned Stab","floor":3.0},{"not_picked":["Flying Knee","Setup"],"picked":"Acrobatics","floor":5.0},{"not_picked":["Escape Plan","Riddle With Holes"],"picked":"Bouncing Flask","floor":6.0},{"not_picked":["Prepared","Infinite Blades","Flechettes","Flying Knee"],"picked":"SKIP","floor":7.0},{"not_picked":["Storm of Steel","Dodge and Roll","Quick Slash"],"picked":"All Out Attack","floor":11.0},{"not_picked":["Heel Hook","Dagger Throw","Finisher"],"picked":"Calculated Gamble","floor":13.0},{"not_picked":["Prepared","Dodge and Roll","Sucker Punch"],"picked":"Footwork","floor":14.0},{"not_picked":["Wraith Form v2","Doppelganger","Malaise"],"picked":"Phantasmal Killer","floor":16},{"not_picked":["Deflect","PiercingWail","Acrobatics"],"picked":"Dagger Spray","floor":18},{"not_picked":["Calculated Gamble","Bouncing Flask","Sucker Punch"],"picked":"Leg Sweep","floor":19}],"player_experience":347621,"relics_obtained":[{"floor":6.0,"key":"Question Card"},{"floor":9.0,"key":"Paper Crane"},{"floor":11.0,"key":"Eternal Feather"},{"floor":13.0,"key":"Sundial"}],"event_choices":[{"damage_healed":0.0,"max_hp_gain":0.0,"max_hp_loss":0.0,"gold_gain":0.0,"event_name":"Match and Keep!","player_choice":"1 cards matched","floor":2.0,"gold_loss":0.0,"damage_taken":0.0,"cards_obtained":["Flash of Steel"]},{"damage_healed":0,"gold_gain":0,"player_choice":"Obtained Relic","damage_taken":0,"relics_obtained":["The Courier"],"max_hp_gain":0,"max_hp_loss":0,"event_name":"Addict","floor":20,"gold_loss":85}],"is_beta":false,"boss_relics":[{"not_picked":["Runic Dome","Tiny House"],"picked":"Snecko Eye"}],"items_purged_floors":[],"is_endless":false,"potions_floor_spawned":[1,6,11,14,18],"killed_by":"Centurion and Healer","ascension_level":12}}