{"host":"ggy1mjjy92c62u6a","time":1613450634,"event":{"mods":["10 clothes from DAL","ATMod(阿瑾Mod)","Act Like it!","BaseMod","Colored Powertips","GifTheSpireLib","Infinite Spire","Library of Ruina","Library of Ruina Extra","Lobotomy","LobotomyExtend","Minty Spire (QoL Compilation)","Quick Restart","Relic Filter Mod","Relic Stats","Reliquary","Replay The Spire","Shop Mod","Spicy Shops","StSLib","SuperFastMode","TestMod","【功能Mod】混沌之环修复补丁","【遗物Mod】死灵法师NEW","【遗物卡牌】REMEMod"],"gold_per_floor":[277,297,297,71,90,115,115,149,149,0,18,18,37,19,19,117,117,135,148,148,148,167,167,179,205,205,238,238,238,30,30,30,127,127,144,194,194,210,210,245,245,520,543,574,592,623,623,637,637,732,732,741,750,761,392,392,398,397,404,486,486,486,486,425,453,453,554,554,560,563,563,563,582,582,615,615,615,615,647,653,653,667,667,772,772,793,793,793,812,812,827,827,827,827,358,358,364,364,383,395,474,486,522,534,721,741,753,790,802,814,875,896,904,916,929,941,953,1071,1083,1107,1119,1131,1143,832,873,898,901,952,948,512,511,511,520,520,605,605,605,605],"floor_reached":137,"language":"ZHS","playtime":4896,"items_purged":["Strike_G","CommonCold","Defend_G","Strike_G","Defend_G","Defend_G","Defend_G","Strike_G","Strike_G","ReplayTheSpireMod:Scrap Shanks+1","ThunderHit+1","Survivor+1","Regret","Finesse+1"],"score":4455,"play_id":"db4f1b11-604c-4027-a555-215954503167","local_time":"20210216124354","is_ascension_mode":true,"campfire_choices":[{"data":"AT_ShrugMaster","floor":7.0,"key":"SMITH"},{"floor":12.0,"key":"REST"},{"data":"ReplayTheSpireMod:Scrap Shanks","floor":15.0,"key":"SMITH"},{"data":"Calculated Gamble","floor":23.0,"key":"SMITH"},{"data":"Bullet Time","floor":29.0,"key":"SMITH"},{"data":"Concentrate","floor":32.0,"key":"SMITH"},{"data":"Storm of Steel","floor":41.0,"key":"SMITH"},{"data":"testmod-AutoReboundSystem","floor":49.0,"key":"SMITH"},{"data":"ReplayTheSpireMod:The Works","floor":66.0,"key":"SMITH"},{"data":"Prepared","floor":74.0,"key":"SMITH"},{"data":"Dagger Throw","floor":76.0,"key":"SMITH"},{"data":"Finesse","floor":78.0,"key":"SMITH"},{"data":"Catalyst","floor":92.0,"key":"SMITH"},{"data":"Calculated Gamble","floor":98.0,"key":"SMITH"},{"data":"ThunderHit","floor":100.0,"key":"SMITH"},{"data":"Poisoned Stab","floor":109.0,"key":"SMITH"},{"floor":114.0,"key":"REST"},{"data":"Acrobatics","floor":132,"key":"SMITH"}],"circlet_count":1,"master_deck":["AT_ShrugMaster+1","Backflip+1","Dagger Throw+1","Storm of Steel+1","Calculated Gamble+1","Amnesia","Concentrate+1","testmod-AutoReboundSystem+1","Bullet Time+1","ReplayTheSpireMod:Uncanny Aura+1","Paverschlev","ReplayTheSpireMod:The Works+1","Prepared+1","REME_GreenPollution+1","Acrobatics+1","infinitespire:FutureSight+1","Poisoned Stab+1","Catalyst+1","Tactician+1","Calculated Gamble+1","Concentrate+1","Doubt","Acrobatics+1","Acrobatics+1"],"relics":["Vampire_Amulet","REME_ComplimentaryCards","testmod-TestBox","CogitoBucket","RabbitCall","LetterFromLob","testmod-AssaultLearning","reliquary:ExpiredCoupon","DALC_NINE","reliquary:IridiumChain","Membership Card","ReplayTheSpireMod:CursedCoin","AT_ChloranthyRing","testmod-OneHitWonder","AT_BladeRuinedKing","RedMistMask","reliquary:Pushpin","testmod-NegativeEmotionEnhancer","Ring of Hypnosis","Ring of Misfortune","AT_PhaseBoots","Tough Bandages","PageOfBloodbath","testmod-CrystalShield","testmod-Fanaticism","AtMidnight","reliquary:FerryPass","Blue Doll","infinitespire:CheckeredPen","Shuriken","reliquary:BoilingFlask","PageOfBlackSwan","Lantern","testmod-Register","Counterbalance","Replay:Accelerometer","SharePain","Mirror","Golden Idol","PageOfSingingMachine","Ice Cream","MerchantsRug","reliquary:PorcupineQuills","PageOfLittleHelper","Gremlin Horn","Blood Vial","Black Star","Basket Of Snakes","infinitespire:ShieldingShard","Golden Egg","PageOfQueenBee","MagicBullet_r","ReplayFunnel","MawBank","DALC_TEN","Circlet","infinitespire:Cubic Diamond","Replay:Rubber Ducky","RingOfChaos2","AT_ATBox","reliquary:Sideboard","Potion Belt","InkBottle","Paper Crane","reliquary:RosewoodLute","Boot","infinitespire:Lucky Rock","DollysMirror","testmod-PortableAltar"],"acts_visited":["Exordium","TheCity","TheBeyond","Exordium","TheCity","TheBeyond","Exordium","TheCity","TheBeyond"],"potions_floor_usage":[],"damage_taken":[{"damage":5.0,"enemies":"Jaw Worm","floor":1.0,"turns":3.0},{"damage":0.0,"enemies":"Cultist","floor":2.0,"turns":3.0},{"damage":0.0,"enemies":"2 Louse","floor":5.0,"turns":1.0},{"damage":11.0,"enemies":"3 Sentries","floor":6.0,"turns":4.0},{"damage":25.0,"enemies":"Lagavulin","floor":8.0,"turns":6.0},{"damage":8.0,"enemies":"2 Fungi Beasts","floor":11.0,"turns":3.0},{"damage":0.0,"enemies":"Exordium Wildlife","floor":13.0,"turns":3.0},{"damage":0.0,"enemies":"Fading Forest","floor":16.0,"turns":11.0},{"damage":0.0,"enemies":"3 Byrds","floor":18.0,"turns":5.0},{"damage":5.0,"enemies":"Spheric Guardian","floor":19.0,"turns":4.0},{"damage":0.0,"enemies":"Snake Plant","floor":22.0,"turns":2.0},{"damage":0.0,"enemies":"Snecko","floor":24.0,"turns":2.0},{"damage":0.0,"enemies":"Nightmare","floor":25.0,"turns":5.0},{"damage":0.0,"enemies":"Gremlin Leader","floor":27.0,"turns":3.0},{"damage":0.0,"enemies":"KingOfGreed","floor":33.0,"turns":5.0},{"damage":0.0,"enemies":"3 Shapes","floor":35.0,"turns":5.0},{"damage":0.0,"enemies":"2 Orb Walkers","floor":36.0,"turns":2.0},{"damage":14.0,"enemies":"3 Darklings","floor":38.0,"turns":3.0},{"damage":0.0,"enemies":"Nemesis","floor":40.0,"turns":3.0},{"damage":0.0,"enemies":"Giant Head","floor":44.0,"turns":4.0},{"damage":0.0,"enemies":"4 Shapes","floor":45.0,"turns":2.0},{"damage":18.0,"enemies":"Nemesis","floor":46.0,"turns":5.0},{"damage":0.0,"enemies":"Spire Growth","floor":48.0,"turns":2.0},{"damage":0.0,"enemies":"infinitespire:MassOfShapes","floor":50.0,"turns":4.0},{"damage":0.0,"enemies":"Small Slimes","floor":52.0,"turns":1.0},{"damage":0.0,"enemies":"2 Louse","floor":53.0,"turns":1.0},{"damage":0.0,"enemies":"Jaw Worm","floor":54.0,"turns":1.0},{"damage":17.0,"enemies":"3 Sentries","floor":57.0,"turns":2.0},{"damage":0.0,"enemies":"Exordium Thugs","floor":58.0,"turns":1.0},{"damage":0.0,"enemies":"3 Louse","floor":59.0,"turns":1.0},{"damage":0.0,"enemies":"Lagavulin","floor":65.0,"turns":2.0},{"damage":6.0,"enemies":"Hexaghost","floor":67.0,"turns":2.0},{"damage":0.0,"enemies":"3 Byrds","floor":69.0,"turns":2.0},{"damage":0.0,"enemies":"Shell Parasite","floor":70.0,"turns":1.0},{"damage":0.0,"enemies":"Cultist and Chosen","floor":73.0,"turns":1.0},{"damage":0.0,"enemies":"Slavers","floor":75.0,"turns":1.0},{"damage":0.0,"enemies":"Book of Stabbing","floor":79.0,"turns":1.0},{"damage":0.0,"enemies":"Centurion and Healer","floor":80.0,"turns":1.0},{"damage":0.0,"enemies":"Snake Plant","floor":82.0,"turns":1.0},{"damage":0.0,"enemies":"Automaton","floor":84.0,"turns":2.0},{"damage":0.0,"enemies":"3 Darklings","floor":86.0,"turns":1.0},{"damage":0.0,"enemies":"Orb Walker","floor":89.0,"turns":1.0},{"damage":0.0,"enemies":"Nemesis","floor":91.0,"turns":3.0},{"damage":0.0,"enemies":"Writhing Mass","floor":93.0,"turns":2.0},{"damage":0.0,"enemies":"Jaw Worm Horde","floor":97.0,"turns":1.0},{"damage":0.0,"enemies":"R_Hoarder","floor":99.0,"turns":2.0},{"damage":0.0,"enemies":"Time Eater","floor":101.0,"turns":4.0},{"damage":0.0,"enemies":"2 Louse","floor":103.0,"turns":1.0},{"damage":0.0,"enemies":"infinitespire:Voidling","floor":106.0,"turns":1.0},{"damage":28.0,"enemies":"Gremlin Nob","floor":108.0,"turns":1.0},{"damage":0.0,"enemies":"Small Slimes","floor":112.0,"turns":1.0},{"damage":0.0,"enemies":"Gremlin Gang","floor":113.0,"turns":2.0},{"damage":0.0,"enemies":"Exordium Wildlife","floor":115.0,"turns":2.0},{"damage":0.0,"enemies":"Hexaghost","floor":118.0,"turns":2.0},{"damage":0.0,"enemies":"Shell Parasite","floor":120.0,"turns":1.0},{"damage":0.0,"enemies":"Slavers","floor":125.0,"turns":1.0},{"damage":25.0,"enemies":"2 Thieves","floor":126.0,"turns":2.0},{"damage":0.0,"enemies":"Nightmare_Alpha","floor":127.0,"turns":4.0},{"damage":0.0,"enemies":"3 Cultists","floor":129.0,"turns":2.0},{"damage":0,"enemies":"Snecko","floor":131,"turns":2},{"damage":0,"enemies":"Shelled Parasite and Fungi","floor":133,"turns":1},{"damage":0,"enemies":"Collector","floor":135,"turns":4}],"seed_played":"2282372233882984060","potions_obtained":[{"floor":5.0,"key":"Elixir"},{"floor":8.0,"key":"Fruit Juice"},{"floor":13.0,"key":"SteroidPotion"},{"floor":16.0,"key":"SpeedPotion"},{"floor":31.0,"key":"Milkshake"},{"floor":31.0,"key":"LiquidBronze"},{"floor":31.0,"key":"Venom Potion"},{"floor":75.0,"key":"Milkshake"},{"floor":127.0,"key":"REME_GoldPotion"},{"floor":135,"key":"Milkshake"}],"is_trial":false,"path_per_floor":["M","M","?","$","M","E","R","E","T","$","M","R","M","$","R","B",null,"M","M","AVR","?","M","R","M","NM","T","E","?","R","$","?","R","B",null,"M","?","?","M","?","E","R","?","T","E","M","E","AVR","M","R","B",null,"M","M","M","$","?","E","M","M","T","?","?","?","$","E","R","B",null,"M","M","?","?","M","R","E","R","T","R","E","M","AVR","M","R","B",null,"M","?","?","M","AVR","E","R","M","T","$","M","M","R","E","R","B",null,"M","?","?","M","$","E","R","?","T","M","M","R","M","?","R","B",null,"M","AVR","?","?","$","E","M","NM","T","M","$","M","R","M","R","B",null,"M"],"character_chosen":"THE_SILENT","items_purchased":["testmod-AssaultLearning","Membership Card","ReplayTheSpireMod:CursedCoin","AT_ChloranthyRing","ReplayTheSpireMod:Scrap Shanks","testmod-CrystalShield","Lantern","testmod-Register","Counterbalance","PageOfSingingMachine","Ice Cream","MerchantsRug","Golden Egg","PageOfQueenBee","reliquary:Sideboard","Potion Belt","infinitespire:Lucky Rock","DollysMirror"],"campfire_rested":2,"item_purchase_floors":[4,10,14,14,14,30,55,55,55,64,64,64,95,95,124,124,130,130],"current_hp_per_floor":[67,69,55,55,56,49,49,31,31,31,25,47,48,48,48,61,72,72,68,68,68,76,76,77,78,78,79,79,79,79,79,79,80,80,81,82,82,83,83,84,84,84,84,85,86,87,87,88,88,89,89,90,91,92,92,92,93,94,95,95,72,80,80,80,82,82,78,92,96,98,98,98,100,100,101,101,101,101,102,103,103,104,83,89,105,111,105,105,106,106,107,107,108,108,108,108,109,109,110,110,111,111,112,84,84,88,88,103,103,103,103,108,115,116,117,117,122,123,123,124,124,124,124,124,125,126,127,127,128,128,129,129,130,130,131,131,0,0],"gold":605,"neow_bonus":"","is_daily":false,"chose_seed":false,"campfire_upgraded":16,"win_rate":0.0,"timestamp":1613450634,"path_taken":["M","M","?","?","M","E","R","E","T","$","?","R","M","$","R","BOSS","M","M","AVR","?","M","R","M","NM","T","E","?","R","?","?","R","BOSS","M","?","?","?","?","E","R","?","T","E","M","E","AVR","M","R","BOSS","M","?","M","$","?","E","M","?","T","?","?","?","?","E","R","BOSS","M","?","?","?","?","R","E","R","T","R","E","M","AVR","?","R","BOSS","M","?","?","M","AVR","E","R","?","T","$","M","M","R","E","R","BOSS","M","?","?","M","$","E","R","?","T","M","M","R","M","?","R","BOSS","M","AVR","?","?","$","E","M","NM","T","M","?","M","R","M","R","BOSS","M"],"items_purchased_type":["Relic","Relic","Relic","Relic","Card","Relic","Card","Relic","Relic","Relic","Relic","Relic","Relic","Relic","Relic","Relic","Relic","Relic"],"build_version":"2020-12-22","purchased_purges":14,"victory":false,"max_hp_per_floor":[70,70,70,70,70,70,70,75,75,75,75,75,75,75,75,75,75,75,75,75,75,76,76,77,78,78,79,79,79,79,79,79,80,80,81,82,82,83,83,84,84,84,84,85,86,87,87,88,88,89,89,90,91,92,92,92,93,94,95,95,95,95,95,95,96,96,97,97,98,99,99,99,100,100,101,101,101,101,102,103,103,104,109,110,110,111,105,105,106,106,107,107,108,108,108,108,109,109,110,110,111,111,112,112,112,113,113,114,114,114,114,115,116,116,117,117,122,123,123,124,124,124,124,124,125,126,127,127,128,128,129,129,130,130,131,131,130,130],"relic_stats":{"Blood Vial":14,"Tough Bandages":[1374],"Gremlin Horn":[10,14],"counters":[67,157],"Shuriken":[31],"Golden Idol":265,"Black Star":5,"MawBank":300,"Boot":[8],"obtain_stats":[{"reliquary:OuijaBoard":36,"Ice Cream":64,"Replay:Accelerometer":57,"Golden Egg":95,"AT_ATBox":0,"Gremlin Horn":77,"infinitespire:Cubic Diamond":110,"testmod-PortableAltar":136,"testmod-NegativeEmotionEnhancer":20,"PageOfSingingMachine":64,"Boot":127,"reliquary:FerryPass":43,"Blood Vial":79,"testmod-Fanaticism":34,"SharePain":60,"infinitespire:ShieldingShard":94,"DollysMirror":130,"Vampire_Amulet":110,"RingOfChaos2":119,"MerchantsRug":64,"testmod-TestBox":0,"DALC_TEN":102,"Ring of Hypnosis":21,"MagicBullet_r":96,"ReplayTheSpireMod:CursedCoin":14,"testmod-Register":55,"reliquary:Sideboard":124,"Counterbalance":55,"AT_PhaseBoots":46,"Paper Crane":125,"AT_SpeedBoots":25,"reliquary:PorcupineQuills":65,"Shuriken":46,"DALC_NINE":8,"Black Star":85,"Mirror":60,"testmod-OneHitWonder":17,"ReplayFunnel":99,"RabbitCall":0,"Lantern":55,"reliquary:BoilingFlask":47,"Blue Doll":43,"Replay:Rubber Ducky":111,"CogitoBucket":0,"Tough Bandages":26,"testmod-CrystalShield":30,"Matryoshka":40,"PageOfQueenBee":95,"REME_LowDesire":17,"InkBottle":125,"Ring of the Snake":0,"AT_ChloranthyRing":14,"Potion Belt":124,"Golden Idol":61,"Basket Of Snakes":91,"Circlet":104,"PageOfBloodbath":27,"PageOfLittleHelper":75,"AT_BladeRuinedKing":17,"infinitespire:CheckeredPen":44,"infinitespire:Lucky Rock":130,"testmod-ConstraintPeriapt":0,"reliquary:RosewoodLute":127,"reliquary:Pushpin":20,"MawBank":99,"reliquary:IridiumChain":9,"reliquary:ExpiredCoupon":6,"PageOfBlackSwan":51,"testmod-AssaultLearning":4,"Ring of Misfortune":21,"AtMidnight":35,"RedMistMask":19,"LetterFromLob":1,"Membership Card":10,"REME_ComplimentaryCards":0},{"reliquary:OuijaBoard":20,"Ice Cream":34,"Replay:Accelerometer":32,"Golden Egg":48,"AT_ATBox":0,"Gremlin Horn":40,"infinitespire:Cubic Diamond":55,"testmod-PortableAltar":67,"testmod-NegativeEmotionEnhancer":11,"PageOfSingingMachine":34,"Boot":63,"reliquary:FerryPass":22,"Blood Vial":41,"testmod-Fanaticism":17,"SharePain":34,"infinitespire:ShieldingShard":48,"DollysMirror":64,"Vampire_Amulet":55,"RingOfChaos2":59,"MerchantsRug":34,"testmod-TestBox":0,"DALC_TEN":52,"Ring of Hypnosis":11,"MagicBullet_r":48,"ReplayTheSpireMod:CursedCoin":8,"testmod-Register":31,"reliquary:Sideboard":60,"Counterbalance":31,"AT_PhaseBoots":25,"Paper Crane":61,"AT_SpeedBoots":15,"reliquary:PorcupineQuills":35,"Shuriken":25,"DALC_NINE":5,"Black Star":44,"Mirror":34,"testmod-OneHitWonder":9,"ReplayFunnel":50,"RabbitCall":0,"Lantern":31,"reliquary:BoilingFlask":25,"Blue Doll":22,"Replay:Rubber Ducky":55,"CogitoBucket":0,"Tough Bandages":15,"testmod-CrystalShield":16,"Matryoshka":22,"PageOfQueenBee":48,"REME_LowDesire":9,"InkBottle":61,"Ring of the Snake":0,"AT_ChloranthyRing":8,"Potion Belt":60,"Golden Idol":34,"Basket Of Snakes":47,"Circlet":53,"PageOfBloodbath":16,"PageOfLittleHelper":40,"AT_BladeRuinedKing":9,"infinitespire:CheckeredPen":23,"infinitespire:Lucky Rock":64,"testmod-ConstraintPeriapt":0,"reliquary:RosewoodLute":63,"reliquary:Pushpin":11,"MawBank":50,"reliquary:IridiumChain":5,"reliquary:ExpiredCoupon":4,"PageOfBlackSwan":28,"testmod-AssaultLearning":2,"Ring of Misfortune":11,"AtMidnight":19,"RedMistMask":11,"LetterFromLob":1,"Membership Card":5,"REME_ComplimentaryCards":0},{"reliquary:OuijaBoard":70,"Ice Cream":101,"Replay:Accelerometer":99,"Golden Egg":122,"AT_ATBox":0,"Gremlin Horn":110,"infinitespire:Cubic Diamond":133,"testmod-PortableAltar":157,"testmod-NegativeEmotionEnhancer":44,"PageOfSingingMachine":101,"Boot":148,"reliquary:FerryPass":76,"Blood Vial":111,"testmod-Fanaticism":62,"SharePain":101,"infinitespire:ShieldingShard":122,"DollysMirror":150,"Vampire_Amulet":133,"RingOfChaos2":140,"MerchantsRug":101,"testmod-TestBox":0,"DALC_TEN":130,"Ring of Hypnosis":44,"MagicBullet_r":122,"ReplayTheSpireMod:CursedCoin":24,"testmod-Register":97,"reliquary:Sideboard":141,"Counterbalance":97,"AT_PhaseBoots":85,"Paper Crane":142,"AT_SpeedBoots":54,"reliquary:PorcupineQuills":103,"Shuriken":87,"DALC_NINE":17,"Black Star":115,"Mirror":101,"testmod-OneHitWonder":35,"ReplayFunnel":125,"RabbitCall":0,"Lantern":97,"reliquary:BoilingFlask":87,"Blue Doll":76,"Replay:Rubber Ducky":133,"CogitoBucket":0,"Tough Bandages":54,"testmod-CrystalShield":57,"Matryoshka":76,"PageOfQueenBee":122,"REME_LowDesire":35,"InkBottle":142,"Ring of the Snake":0,"AT_ChloranthyRing":24,"Potion Belt":141,"Golden Idol":101,"Basket Of Snakes":120,"Circlet":131,"PageOfBloodbath":57,"PageOfLittleHelper":110,"AT_BladeRuinedKing":35,"infinitespire:CheckeredPen":80,"infinitespire:Lucky Rock":150,"testmod-ConstraintPeriapt":0,"reliquary:RosewoodLute":148,"reliquary:Pushpin":44,"MawBank":125,"reliquary:IridiumChain":17,"reliquary:ExpiredCoupon":11,"PageOfBlackSwan":94,"testmod-AssaultLearning":6,"Ring of Misfortune":44,"AtMidnight":68,"RedMistMask":44,"LetterFromLob":3,"Membership Card":17,"REME_ComplimentaryCards":0}],"InkBottle":[11]},"card_choices":[{"not_picked":["Outmaneuver","Flechettes"],"picked":"Backflip","floor":1.0},{"not_picked":["Distraction","Bane"],"picked":"ReplayTheSpireMod:The Works","floor":2.0},{"not_picked":["Leg Sweep","Hidden Blade"],"picked":"Terror","floor":5.0},{"not_picked":["Deflect","AT_Desolate"],"picked":"Dagger Throw","floor":6.0},{"not_picked":["Dodge and Roll","Heel Hook","ReplayTheSpireMod:Necrosis"],"picked":"SKIP","floor":8.0},{"not_picked":["Dagger Throw","Bane","Draining Mist"],"picked":"SKIP","floor":11.0},{"not_picked":["Dash","AT_WindFlip","Sucker Punch"],"picked":"SKIP","floor":13.0},{"not_picked":["Die Die Die","AT_EssenceShift"],"picked":"Storm of Steel","floor":16.0},{"not_picked":["Terror","Dagger Spray+1","testmod-Mystery+1"],"picked":"Calculated Gamble","floor":18.0},{"not_picked":["Deadly Poison+1","Cloak And Dagger","Outmaneuver+1","REME_TwoStrings+1"],"picked":"SKIP","floor":19.0},{"not_picked":["Dagger Throw","ReplayTheSpireMod:Scrap Shanks","REME_ProfessionalPlagiarism"],"picked":"Concentrate","floor":22.0},{"not_picked":["Dagger Throw+1","Leg Sweep+1","Footwork"],"picked":"testmod-AutoReboundSystem","floor":24.0},{"not_picked":["Burst","PiercingWail","Dash","testmod-FightingIntention"],"picked":"SKIP","floor":25.0},{"not_picked":["AT_ArcaneSupremacy","Fluid Movement","Haniel"],"picked":"Bullet Time","floor":27.0},{"not_picked":["Sucker Punch","REME_ShadowStrike+1","Quick Slash+1","Impatience"],"picked":"SKIP","floor":35.0},{"not_picked":["Corpse Explosion","Caltrops+1","ReplayTheSpireMod:Tripwire+1","testmod-DeathImprint"],"picked":"SKIP","floor":38.0},{"not_picked":["Outmaneuver","Cloak And Dagger+1","Burst","Impatience"],"picked":"SKIP","floor":40.0},{"not_picked":["AT_Desolate","Sucker Punch+1","Leg Sweep","REME_MagicPocketWatch+1"],"picked":"SKIP","floor":44.0},{"not_picked":["PiercingWail","Noxious Fumes","Deadly Poison+1","Sadistic Nature"],"picked":"SKIP","floor":45.0},{"not_picked":["AT_TinkerSharpsword+1","AT_ShadowStep+1","Leg Sweep","testmod-DisillusionmentEcho"],"picked":"SKIP","floor":46.0},{"not_picked":["Bane+1","Skewer","Sneak Up+1","Metamorphosis"],"picked":"SKIP","floor":48.0},{"not_picked":["AT_EssenceShift","AT_KingSlayer","Grand Finale"],"picked":"ReplayTheSpireMod:Uncanny Aura+1","floor":50.0},{"not_picked":["Acrobatics","Distraction","Catalyst"],"picked":"Paverschlev","floor":52.0},{"not_picked":["Outmaneuver","Finisher","testmod-Reflect"],"picked":"ReplayTheSpireMod:The Works","floor":53.0},{"not_picked":["Bane","Hidden Blade","Flying Knee","Discovery"],"picked":"SKIP","floor":54.0},{"not_picked":["Bane","Flying Knee","Dodge and Roll"],"picked":"ThunderHit","floor":57.0},{"not_picked":["Bane","Dagger Spray","Flechettes","Trip"],"picked":"SKIP","floor":58.0},{"not_picked":["Well Laid Plans","Draining Mist","Dodge and Roll","testmod-TradeIn"],"picked":"SKIP","floor":59.0},{"not_picked":["AT_EssenceShift","Underhanded Strike","Bouncing Flask"],"picked":"SKIP","floor":65.0},{"not_picked":["Quick Slash+1","Sucker Punch","ReplayTheSpireMod:Scrap Shanks+1"],"picked":"SKIP","floor":69.0},{"not_picked":["Escape Plan","Underhanded Strike"],"picked":"Prepared","floor":70.0},{"not_picked":["Deadly Poison","Sneak Up","Dodge and Roll"],"picked":"SKIP","floor":73.0},{"not_picked":["Cloak And Dagger","Hidden Blade","ReplayTheSpireMod:Speed Training"],"picked":"SKIP","floor":75.0},{"not_picked":["Choke","ReplayTheSpireMod:Shiv Toss"],"picked":"Acrobatics+1","floor":79.0},{"not_picked":["Glass Knife","Deadly Poison","Dodge and Roll"],"picked":"SKIP","floor":80.0},{"not_picked":["Cloak And Dagger","Endless Agony"],"picked":"Poisoned Stab","floor":82.0},{"not_picked":["Prepared+1","Underhanded Strike+1"],"picked":"Catalyst","floor":86.0},{"not_picked":["Caltrops","Dash"],"picked":"Tactician+1","floor":89.0},{"not_picked":["AT_KneejerkReflex","Blade Dance+1","Masterful Stab"],"picked":"SKIP","floor":91.0},{"not_picked":["AT_KneejerkReflex","Blade Dance+1","Masterful Stab"],"picked":"SKIP","floor":91.0},{"not_picked":["Deadly Poison+1","Cloak And Dagger"],"picked":"Calculated Gamble","floor":93.0},{"not_picked":["Deflect","Slice+1"],"picked":"Concentrate+1","floor":97.0},{"not_picked":["Concentrate+1","AT_Desolate","Blade Dance+1"],"picked":"SKIP","floor":99.0},{"not_picked":["Bane","Quick Slash","Hidden Blade"],"picked":"SKIP","floor":103.0},{"not_picked":["Hidden Blade","Dagger Spray","AT_WindFlip"],"picked":"SKIP","floor":106.0},{"not_picked":["Outmaneuver","Dagger Throw","Prepared"],"picked":"SKIP","floor":108.0},{"not_picked":["Choke","Poisoned Stab","AT_WomanClash"],"picked":"SKIP","floor":112.0},{"not_picked":["Dagger Spray","Dodge and Roll","ReplayTheSpireMod:The Works"],"picked":"SKIP","floor":113.0},{"not_picked":["Calculated Gamble","Outmaneuver"],"picked":"Acrobatics","floor":115.0},{"not_picked":["Reflex","Calculated Gamble","Underhanded Strike"],"picked":"SKIP","floor":120.0},{"not_picked":["Terror","PiercingWail","Hidden Blade+1"],"picked":"SKIP","floor":125.0},{"not_picked":["Heel Hook","ReplayTheSpireMod:The Works","Dagger Throw"],"picked":"SKIP","floor":126.0},{"not_picked":["PiercingWail","Acrobatics"],"picked":"Venomology","floor":127.0},{"not_picked":["ReplayTheSpireMod:Tripwire","Unload","Poisoned Stab"],"picked":"SKIP","floor":129.0},{"not_picked":["Flying Knee","Deadly Poison","Hidden Blade"],"picked":"SKIP","floor":131},{"not_picked":["Hidden Blade","AT_WindFlip","Setup"],"picked":"SKIP","floor":133}],"player_experience":136093,"relics_obtained":[{"floor":1.0,"key":"LetterFromLob"},{"floor":6.0,"key":"reliquary:ExpiredCoupon"},{"floor":8.0,"key":"DALC_NINE"},{"floor":9.0,"key":"reliquary:IridiumChain"},{"floor":17.0,"key":"testmod-OneHitWonder"},{"floor":17.0,"key":"AT_BladeRuinedKing"},{"floor":19.0,"key":"RedMistMask"},{"floor":21.0,"key":"Ring of Hypnosis"},{"floor":21.0,"key":"Ring of Misfortune"},{"floor":25.0,"key":"AT_SpeedBoots"},{"floor":26.0,"key":"Tough Bandages"},{"floor":27.0,"key":"PageOfBloodbath"},{"floor":35.0,"key":"AtMidnight"},{"floor":36.0,"key":"reliquary:OuijaBoard"},{"floor":40.0,"key":"Matryoshka"},{"floor":43.0,"key":"reliquary:FerryPass"},{"floor":43.0,"key":"Blue Doll"},{"floor":44.0,"key":"infinitespire:CheckeredPen"},{"floor":46.0,"key":"Shuriken"},{"floor":57.0,"key":"Replay:Accelerometer"},{"floor":60.0,"key":"SharePain"},{"floor":60.0,"key":"Mirror"},{"floor":65.0,"key":"reliquary:PorcupineQuills"},{"floor":75.0,"key":"PageOfLittleHelper"},{"floor":77.0,"key":"Gremlin Horn"},{"floor":79.0,"key":"Blood Vial"},{"floor":91.0,"key":"Basket Of Snakes"},{"floor":94.0,"key":"infinitespire:ShieldingShard"},{"floor":99.0,"key":"ReplayFunnel"},{"floor":99.0,"key":"MawBank"},{"floor":111.0,"key":"Replay:Rubber Ducky"},{"floor":125.0,"key":"InkBottle"},{"floor":125.0,"key":"Paper Crane"},{"floor":127.0,"key":"reliquary:RosewoodLute"},{"floor":127.0,"key":"Boot"}],"event_choices":[{"damage_healed":0.0,"max_hp_gain":0.0,"max_hp_loss":0.0,"gold_gain":0.0,"event_name":"Shining Light","player_choice":"Entered Light","floor":3.0,"gold_loss":0.0,"damage_taken":14.0,"cards_upgraded":["Backflip","Survivor"]},{"damage_healed":0.0,"max_hp_gain":0.0,"max_hp_loss":0.0,"gold_gain":0.0,"event_name":"Ghosts","player_choice":"Ignored","floor":28.0,"gold_loss":0.0,"damage_taken":0.0},{"damage_healed":0.0,"max_hp_gain":0.0,"max_hp_loss":0.0,"gold_gain":0.0,"event_name":"Lab","player_choice":"Got Potions","floor":31.0,"gold_loss":0.0,"damage_taken":0.0},{"damage_healed":0.0,"max_hp_gain":0.0,"max_hp_loss":0.0,"gold_gain":0.0,"event_name":"Mysterious Sphere","player_choice":"Fight","floor":36.0,"gold_loss":0.0,"damage_taken":0.0},{"damage_healed":0.0,"max_hp_gain":0.0,"max_hp_loss":0.0,"gold_gain":0.0,"event_name":"SensoryStone","player_choice":"Memory 1","floor":37.0,"gold_loss":0.0,"damage_taken":0.0},{"cards_removed":["Neutralize"],"damage_healed":0.0,"max_hp_gain":0.0,"max_hp_loss":0.0,"gold_gain":0.0,"event_name":"Falling","player_choice":"Removed Attack","floor":39.0,"gold_loss":0.0,"damage_taken":0.0},{"damage_healed":0.0,"max_hp_gain":0.0,"max_hp_loss":0.0,"gold_gain":275.0,"event_name":"Golden Shrine","player_choice":"Desecrate","floor":42.0,"gold_loss":0.0,"damage_taken":0.0,"cards_obtained":["Regret"]},{"cards_removed":["Strike_G"],"damage_healed":0.0,"max_hp_gain":0.0,"max_hp_loss":0.0,"gold_gain":0.0,"event_name":"Purifier","player_choice":"Purged","floor":56.0,"gold_loss":0.0,"damage_taken":0.0},{"damage_healed":0.0,"max_hp_gain":0.0,"max_hp_loss":0.0,"gold_gain":0.0,"event_name":"Golden Idol","player_choice":"Take Damage","floor":61.0,"gold_loss":0.0,"damage_taken":23.0,"relics_obtained":["Golden Idol"]},{"damage_healed":0.0,"max_hp_gain":0.0,"max_hp_loss":0.0,"gold_gain":0.0,"event_name":"The Library","player_choice":"Read","floor":71.0,"gold_loss":0.0,"damage_taken":0.0,"cards_obtained":["REME_GreenPollution"]},{"damage_healed":0.0,"max_hp_gain":0.0,"max_hp_loss":0.0,"gold_gain":0.0,"event_name":"Accursed Blacksmith","player_choice":"Forge","floor":72.0,"gold_loss":0.0,"damage_taken":0.0,"cards_upgraded":["REME_GreenPollution"]},{"damage_healed":0.0,"max_hp_gain":5.0,"max_hp_loss":0.0,"gold_gain":0.0,"event_name":"Forgotten Altar","player_choice":"Shed Blood","floor":83.0,"gold_loss":0.0,"damage_taken":26.0},{"damage_healed":0.0,"max_hp_gain":0.0,"max_hp_loss":6.0,"gold_gain":0.0,"event_name":"Winding Halls","player_choice":"Max HP","floor":87.0,"gold_loss":0.0,"damage_taken":0.0},{"damage_healed":0.0,"max_hp_gain":0.0,"max_hp_loss":0.0,"gold_gain":0.0,"event_name":"Upgrade Shrine","player_choice":"Upgraded","floor":88.0,"gold_loss":0.0,"damage_taken":0.0,"cards_upgraded":["infinitespire:FutureSight"]},{"damage_healed":0.0,"max_hp_gain":0.0,"max_hp_loss":0.0,"gold_gain":0.0,"event_name":"Golden Idol","player_choice":"Take Damage","floor":104.0,"gold_loss":0.0,"damage_taken":28.0,"relics_obtained":["Circlet"]},{"damage_healed":0.0,"max_hp_gain":0.0,"max_hp_loss":0.0,"gold_gain":175.0,"event_name":"Liars Game","player_choice":"AGREE","floor":105.0,"gold_loss":0.0,"damage_taken":0.0,"cards_obtained":["Doubt"]},{"damage_healed":0.0,"max_hp_gain":5.0,"max_hp_loss":0.0,"gold_gain":0.0,"event_name":"Big Fish","player_choice":"Donut","floor":117.0,"gold_loss":0.0,"damage_taken":0.0},{"damage_healed":0.0,"max_hp_gain":0.0,"max_hp_loss":0.0,"gold_gain":0.0,"event_name":"给自己的盒子","player_choice":"Swap Relic","floor":122.0,"relics_lost":["AT_ATBox"],"gold_loss":0.0,"damage_taken":0.0,"relics_obtained":["AT_ATBox"]},{"damage_healed":0.0,"max_hp_gain":0.0,"max_hp_loss":0.0,"gold_gain":0.0,"event_name":"Vampires","player_choice":"Ignored","floor":123.0,"gold_loss":0.0,"damage_taken":0.0}],"is_beta":false,"boss_relics":[{"not_picked":["reliquary:RedPaperclip","Abe\u0027s Treasure"],"picked":"REME_LowDesire"},{"not_picked":["Ring of the Serpent","testmod-EnergyCheck"],"picked":"testmod-Fanaticism"},{"not_picked":["infinitespire:Cupcake","reliquary:Craggleroot"],"picked":"PageOfBlackSwan"},{"not_picked":["reliquary:KinkedSpring","reliquary:RedPaperclip","Cursed Key"]},{"not_picked":["Sozu","Abe\u0027s Treasure"],"picked":"Black Star"},{"not_picked":["testmod-Nine","REME_ChargedStone"],"picked":"DALC_TEN"},{"not_picked":["Pandora\u0027s Box","testmod-DeterminationOfClimber"],"picked":"RingOfChaos2"},{"not_picked":["reliquary:Ember","testmod-Prudence"],"picked":"testmod-PortableAltar"}],"items_purged_floors":[4,14,20,30,55,64,81,90,95,95,121,124,130,130],"is_endless":true,"potions_floor_spawned":[5,8,13,16,22,24,27,33,35,38,46,50,52,54,58,65,70,75,79,86,89,99,101,112,113,118,127,135],"ascension_level":5}}