{"host":"xu0zbcebhy6w9mdv","time":1613440091,"event":{"mods":["AchievementEnabler","Act Like it!","Aspiration","BaseMod","Better Match","Better Third Choice","BetterRewards","Colored Powertips","Downfall","Duelist Mod","Friendly Minions","Gensokyo","Hallownest","Hubris","Infinite Spire","Marisa????????","Minty Spire (QoL Compilation)","Potionbrewer","Quick Restart","READ ME - Guardian Mod","READ ME - Snecko Mod","Rare Cards Sparkle","Replay The Spire","Shop Mod","StSLib","The Animator","The Blackbeard","The Bug Knight","The Cursed","The Hierophant","The Necromancer","The Runesmith","The Servant 0.9.4"],"gold_per_floor":[139,139,153,102,102,102,102,112,139,153,153,168,168,168,168,245,245,264,264,290,290,307,340,340,340,340],"floor_reached":25,"language":"ENG","playtime":1107,"items_purged":[],"score":718,"play_id":"8581231a-fa1f-4a97-b1e7-cd4898ae6c37","local_time":"20210215204811","is_ascension_mode":true,"campfire_choices":[{"floor":6,"key":"RECALL"},{"data":"theDuelist:SuperSolarNutrient","floor":13,"key":"SMITH"},{"data":"theDuelist:RevivalJam","floor":15,"key":"SMITH"},{"floor":24,"key":"REST"}],"circlet_count":0,"master_deck":["theDuelist:RevivalJam+1","theDuelist:GateGuardian","theDuelist:SuperSolarNutrient+1","downfall:Bewildered","theDuelist:CastleWalls","theDuelist:Eva","theDuelist:RainbowFlower+1","theDuelist:Sparks+1","AscendersBane","theDuelist:DunamesDarkWitch","theDuelist:RainbowKuribohBasic","theDuelist:Hayate+1","theDuelist:RainbowNeos+1","theDuelist:CastleWalls","theDuelist:Sparks+1","theDuelist:ShallowGrave+1"],"relics":["theDuelist:MillenniumPuzzle","theDuelist:ChallengePuzzle","theDuelist:CardPoolRelic","theDuelist:CardPoolBasicRelic","theDuelist:BoosterPackPoolRelic","theDuelist:CardPoolAddRelic","theDuelist:CardPoolMinusRelic","theDuelist:CardPoolSaveRelic","theDuelist:CardPoolOptionsRelic","Toy Ornithopter","aspiration:MobileForge","sneckomod:BabySnecko","hubris:Towel","Solar Panel"],"acts_visited":["Exordium","TheCity"],"potions_floor_usage":[22,22],"damage_taken":[{"damage":7,"enemies":"Small Slimes","floor":1,"turns":2},{"damage":0,"enemies":"Cultist","floor":3,"turns":3},{"damage":0,"enemies":"Jaw Worm","floor":8,"turns":2},{"damage":5,"enemies":"3 Louse","floor":10,"turns":2},{"damage":0,"enemies":"Large Slime","floor":12,"turns":2},{"damage":0,"enemies":"Slime Boss","floor":16,"turns":5},{"damage":11,"enemies":"Shell Parasite","floor":18,"turns":3},{"damage":7,"enemies":"2 Thieves","floor":22,"turns":3},{"damage":32,"enemies":"Gremlin Leader","floor":23,"turns":6},{"damage":56,"enemies":"Book of Stabbing","floor":25,"turns":5}],"seed_played":"-6943812348520797276","potions_obtained":[{"floor":3,"key":"theDuelist:BurningPotion"},{"floor":8,"key":"theDuelist:SummonArmorPotion"}],"is_trial":false,"path_per_floor":["M","?","M","$","?","R","?","M","T","M","?","M","R","$","R","B",null,"M","?","T","?","M","E","R","E"],"character_chosen":"THE_DUELIST","items_purchased":["theDuelist:SummonAnchor","theDuelist:ShallowGrave","theDuelist:RevivalJam"],"campfire_rested":1,"item_purchase_floors":[0,0,4],"current_hp_per_floor":[56,56,56,56,56,56,56,56,56,51,70,70,70,70,70,70,70,59,59,59,59,62,30,51,0,0],"gold":340,"neow_bonus":"","is_daily":false,"chose_seed":false,"campfire_upgraded":2,"win_rate":0.0,"timestamp":1613440091,"path_taken":["M","?","?","$","?","R","?","M","T","M","?","M","R","$","R","BOSS","M","?","?","?","?","E","R","E"],"items_purchased_type":["Relic","Card","Card"],"build_version":"2020-12-22","purchased_purges":0,"victory":false,"max_hp_per_floor":[70,70,70,70,70,70,70,70,70,70,70,70,70,70,70,70,70,70,70,70,70,70,70,70,70,70],"card_choices":[{"not_picked":["theDuelist:AttackTheMoon","theDuelist:WormApocalypse","theDuelist:GolemSentry","theDuelist:Hinotama","theDuelist:MagicalStone"],"picked":"SKIP","floor":1},{"not_picked":["theDuelist:IronDraw","theDuelist:Boneheimer","theDuelist:FrillerRabca","theDuelist:SevenColoredFish","theDuelist:AmphibiousBugroth"],"picked":"SKIP","floor":3},{"not_picked":["theDuelist:RainbowFlower","theDuelist:MysticalElf","theDuelist:FiendMegacyber","theDuelist:KingYami"],"picked":"theDuelist:SuperSolarNutrient","floor":8},{"not_picked":["theDuelist:OniGamiCombo","theDuelist:Jinzo","theDuelist:WhiteHornDragon","theDuelist:VioletCrystal"],"picked":"SKIP","floor":10},{"not_picked":["theDuelist:ZombieWarrior","theDuelist:CurseDragon","theDuelist:BlizzardThunderbird","theDuelist:SpiritHarp","theDuelist:ExploderDragonwing"],"picked":"SKIP","floor":12},{"not_picked":["theDuelist:OrbMetronome","theDuelist:BlasterDragonInfernos","theDuelist:GoldenBlastJuggler","theDuelist:SangaWater"],"picked":"theDuelist:GateGuardian","floor":16},{"not_picked":["theDuelist:SummonedSkull","theDuelist:NeoMagic","theDuelist:DesLacooda","theDuelist:CaveDragon","theDuelist:GraydleSlimeJr"],"picked":"SKIP","floor":18},{"not_picked":["theDuelist:CatShark","theDuelist:DunamesDarkWitch","theDuelist:ZombieWarrior","theDuelist:ShallowGrave","theDuelist:OhFish"],"picked":"SKIP","floor":22},{"not_picked":["theDuelist:DarkMagician","theDuelist:MysticalElf","theDuelist:GoblinZombie","theDuelist:NeoMagic","theDuelist:IronDraw"],"picked":"SKIP","floor":23}],"player_experience":665245,"relics_obtained":[{"floor":9,"key":"Toy Ornithopter"},{"floor":23,"key":"Solar Panel"}],"event_choices":[{"damage_healed":0,"gold_gain":0,"player_choice":"Upgraded","damage_taken":0,"max_hp_gain":0,"max_hp_loss":0,"event_name":"Upgrade Shrine","floor":2,"gold_loss":0,"cards_upgraded":["theDuelist:ShallowGrave"]},{"damage_healed":23,"gold_gain":0,"player_choice":"Banana","damage_taken":0,"max_hp_gain":0,"max_hp_loss":0,"event_name":"Big Fish","floor":11,"gold_loss":0}],"is_beta":false,"boss_relics":[{"not_picked":["aspiration:FutureDiary","Runic Cube"],"picked":"aspiration:MobileForge"}],"items_purged_floors":[],"is_endless":false,"potions_floor_spawned":[3,8,10,18],"killed_by":"Book of Stabbing","ascension_level":20}}