{"host":"7jl4uf745pjtflnx","time":1613471833,"event":{"mods":["BaseMod","BetterRewards","Hubris","Minty Spire (QoL Compilation)","Reliquary","Replay The Spire","StSLib","SuperFastMode","The Construct"],"gold_per_floor":[111,122,122,122,122,122,137,137,167,12,39,81,93,125,152,164,176,307,319,345,370,382,430,194,194,194,194],"floor_reached":26,"language":"ENG","playtime":771,"items_purged":["Shame"],"score":321,"play_id":"6cbb20a1-cecc-4c0d-a840-141cf0f0956c","local_time":"20210216053713","is_ascension_mode":true,"campfire_choices":[{"data":"Loop","floor":8,"key":"SMITH"},{"data":"Chill","floor":13,"key":"SMITH"},{"data":"Capacitor","floor":25,"key":"SMITH"}],"circlet_count":0,"master_deck":["AscendersBane","Strike_B","Strike_B","Strike_B","Strike_B","Defend_B","Defend_B","Defend_B","Defend_B","Zap","Dualcast","Loop+1","Coolheaded","Coolheaded","Leap+1","Time Bomb","Dramatic Entrance","Chill+1","Cold Snap","hubris:PowerSurge","ReplayTheSpireMod:GoodbyeWorld","Self Repair","hubris:DoWhile","Barrage","Heatsinks","Capacitor+1","Cold Snap"],"relics":["Cracked Core","Happy Flower","reliquary:PartyBalloon","MawBank","ReplayTheSpireMod:Ninjato","Golden Idol","construct:WeddingRing","hubris:Metronome","Red Mask"],"acts_visited":["Exordium","TheCity"],"potions_floor_usage":[18,18,23,23,26,26],"damage_taken":[{"damage":7,"enemies":"2 Louse","floor":1,"turns":3},{"damage":2,"enemies":"Jaw Worm","floor":2,"turns":6},{"damage":6,"enemies":"Cultist","floor":7,"turns":5},{"damage":6,"enemies":"Lagavulin","floor":9,"turns":6},{"damage":8,"enemies":"3 Sentries","floor":12,"turns":11},{"damage":0,"enemies":"Red Slaver","floor":14,"turns":3},{"damage":7,"enemies":"3 Louse","floor":15,"turns":4},{"damage":37,"enemies":"Hexaghost","floor":18,"turns":12},{"damage":18,"enemies":"2 Thieves","floor":20,"turns":5},{"damage":13,"enemies":"Spheric Guardian","floor":21,"turns":6},{"damage":5,"enemies":"Masked Bandits","floor":23,"turns":7},{"damage":60,"enemies":"Gremlin Leader","floor":26,"turns":8}],"seed_played":"-6683188151651881492","potions_obtained":[{"floor":1,"key":"Strength Potion"},{"floor":2,"key":"Reflective Coating"},{"floor":14,"key":"DuplicationPotion"},{"floor":18,"key":"Dexterity Potion"},{"floor":21,"key":"SpeedPotion"}],"is_trial":false,"path_per_floor":["M","M","PTL","PTL","?","?","M","R","E","$","T","E","R","M","M","?","R","B",null,"M","M","?","?","$","R","E"],"character_chosen":"DEFECT","items_purchased":["Loop","Coolheaded","reliquary:PartyBalloon","Capacitor","Cold Snap","PowerPotion"],"campfire_rested":0,"item_purchase_floors":[0,0,10,24,24,24],"current_hp_per_floor":[61,59,59,59,59,59,53,53,47,47,47,39,39,39,32,32,52,22,57,46,40,40,42,42,42,0,0],"gold":194,"neow_bonus":"","is_daily":false,"chose_seed":false,"campfire_upgraded":3,"win_rate":0.0,"timestamp":1613471833,"path_taken":["M","M","PTL","PTL","?","?","?","R","E","?","T","E","R","?","M","?","R","BOSS","M","M","?","?","$","R","E"],"items_purchased_type":["Card","Card","Relic","Card","Card","Potion"],"build_version":"2020-12-22","purchased_purges":1,"victory":false,"max_hp_per_floor":[75,75,75,75,75,75,75,75,75,75,75,75,75,75,75,69,69,69,69,69,69,69,69,69,69,69,69],"card_choices":[{"not_picked":["Panic Button","Steam"],"picked":"Coolheaded","floor":1},{"not_picked":["Steam","Stack"],"picked":"Leap","floor":2},{"not_picked":["Reboot","Barrage"],"picked":"Chill","floor":7},{"not_picked":["Compile Driver","Reinforced Body"],"picked":"Cold Snap","floor":9},{"not_picked":["Blizzard","Scrape"],"picked":"hubris:PowerSurge","floor":12},{"not_picked":["hubris:SpecializedCircuitry","Force Field"],"picked":"ReplayTheSpireMod:GoodbyeWorld","floor":14},{"not_picked":["Fusion","Compile Driver"],"picked":"Self Repair","floor":15},{"not_picked":["All For One","Fission"],"picked":"hubris:DoWhile","floor":18},{"not_picked":["Skim","Gash+1","Reprogram"],"picked":"SKIP","floor":20},{"not_picked":["Beam Cell+1","Rip and Tear+1"],"picked":"Barrage","floor":21},{"not_picked":["Cold Snap","Static Discharge+1"],"picked":"Heatsinks","floor":23}],"player_experience":838395,"relics_obtained":[{"floor":9,"key":"Happy Flower"},{"floor":11,"key":"MawBank"},{"floor":12,"key":"ReplayTheSpireMod:Ninjato"},{"floor":23,"key":"Red Mask"}],"event_choices":[{"damage_healed":0,"gold_gain":0,"player_choice":"1 cards matched","damage_taken":0,"max_hp_gain":0,"max_hp_loss":0,"event_name":"Match and Keep!","floor":6,"gold_loss":0,"cards_obtained":["Dramatic Entrance"]},{"damage_healed":0,"gold_gain":0,"player_choice":"Lose Max HP","damage_taken":0,"relics_obtained":["Golden Idol"],"max_hp_gain":0,"max_hp_loss":6,"event_name":"Golden Idol","floor":16,"gold_loss":0},{"damage_healed":0,"gold_gain":0,"player_choice":"Stole Relic","damage_taken":0,"relics_obtained":["hubris:Metronome"],"max_hp_gain":0,"max_hp_loss":0,"event_name":"Addict","floor":22,"gold_loss":0,"cards_obtained":["Shame"]},{"damage_healed":0,"gold_gain":0,"player_choice":"Fought Bandits","damage_taken":0,"max_hp_gain":0,"max_hp_loss":0,"event_name":"Masked Bandits","floor":23,"gold_loss":0}],"is_beta":false,"boss_relics":[{"not_picked":["Black Star","Pandora\u0027s Box"],"picked":"construct:WeddingRing"}],"items_purged_floors":[24],"is_endless":false,"potions_floor_spawned":[1,2,14,18,21],"killed_by":"Gremlin Leader","ascension_level":10}}