{"host":"9m8ch47vcmem52nv","time":1613518941,"event":{"mods":["2.2 Compatiblity","AchievementEnabler","Act Like it!","Aspiration","BaseMod","BetterRewards","CatGirl Mod","DeckTracker","Downfall","Fiend Mod","Friendly Minions","Gensokyo","Googly Eyes","Gremlin Mod","Hermit","Hubris","Infinite Spire","Kiyohime????","Koishi","Marisa????????","Minty Spire (QoL Compilation)","Reimu??????","Remilia??????","Shop Mod","StSLib","The Construct","The Cursed","The Disciple","The Mystic","The Necromancer","The Servant 0.9.4","Unceasing Turn Reminder","Yuri Mod"],"gold_per_floor":[115,115,136,136,154,188,188,202,202,202,43,43,43,67,67,186,186,201,476,476,491,491,527,527,540,563,587,606,631,652,677,677,805,805,820,122,122,122,122,122],"floor_reached":39,"language":"ENG","playtime":1795,"items_purged":["Pain","Regret"],"score":478,"play_id":"517f1479-5e0f-4f17-9f44-9ee91888fefe","local_time":"20210216154221","is_ascension_mode":false,"campfire_choices":[{"floor":7.0,"key":"REST"},{"data":"Gremlin:RageBreak","floor":10.0,"key":"SMITH"},{"floor":12.0,"key":"REST"},{"data":"Gremlin:ArmsTheft","floor":15.0,"key":"SMITH"},{"data":"infinitespire:Collect","floor":24,"key":"SMITH"}],"circlet_count":0,"master_deck":["Gremlin:Strike","Gremlin:Strike","Gremlin:Strike","Gremlin:Strike","Gremlin:Defend","Gremlin:Defend","Gremlin:Defend","Gremlin:Defend","Gremlin:TagTeam","Gremlin:GremlinDance+1","Gremlin:DaggerDance+1","Gremlin:Polish","Gremlin:RageBreak+1","Gremlin:ArmsTheft+1","Injury","Gremlin:Glimmer+1","Gremlin:GremlinArms","Gremlin:Pretaliation+1","Gremlin:Glimmer+1","Gremlin:FlipOut+1","Gremlin:FeelTheAudience+1","Gremlin:Unforgiving","Gremlin:CounterStrike+1","infinitespire:Collect+1","Gremlin:Patsy+1","Gremlin:MakeshiftArmor","Gremlin:Presto+1","Clumsy","Writhe","Gremlin:GremlinOffensive+1","Gremlin:CatScratch+1","Gremlin:Scatter","Gremlin:CatScratch+1","Gremlin:Glimmer+1","Gremlin:Fury+1","Gremlin:GlitterGuard+1","Gremlin:Pickpocket+1","Gremlin:Heckle","Gremlin:GremlinArms","Gremlin:TwistTheKnife+1"],"relics":["Gremlin:GremlinKnob","Molten Egg 2","hubris:Zylophone","Golden Idol","Ancient Tea Set","PreservedInsect","downfall:ExtraCursedKey","Sozu","Calipers","SlaversCollar","Peace Pipe","hubris:TenFootPole","hubris:TerracottaHorce","ClockworkSouvenir","Pantograph"],"acts_visited":["Exordium","TheCity","TheBeyond"],"potions_floor_usage":[],"damage_taken":[{"damage":0.0,"enemies":"2 Louse","floor":1.0,"turns":2.0},{"damage":12.0,"enemies":"Jaw Worm","floor":3.0,"turns":4.0},{"damage":2.0,"enemies":"Cultist","floor":5.0,"turns":4.0},{"damage":23.0,"enemies":"3 Sentries","floor":6.0,"turns":7.0},{"damage":0.0,"enemies":"3 Louse","floor":8.0,"turns":1.0},{"damage":6.0,"enemies":"Large Slime","floor":14.0,"turns":3.0},{"damage":2.0,"enemies":"Slime Boss","floor":16.0,"turns":5.0},{"damage":1.0,"enemies":"Chosen","floor":18.0,"turns":3.0},{"damage":11,"enemies":"3 Byrds","floor":21,"turns":3},{"damage":18,"enemies":"Nightmare","floor":23,"turns":6},{"damage":4,"enemies":"Snecko","floor":25,"turns":4},{"damage":17,"enemies":"Shelled Parasite and Fungi","floor":27,"turns":4},{"damage":0,"enemies":"Centurion and Healer","floor":28,"turns":4},{"damage":11,"enemies":"Snecko","floor":29,"turns":3},{"damage":19,"enemies":"Snake Plant","floor":30,"turns":6},{"damage":10,"enemies":"Centurion and Healer","floor":31,"turns":2},{"damage":56,"enemies":"hubris:MusketHawk","floor":33,"turns":11},{"damage":12,"enemies":"3 Shapes","floor":35,"turns":2},{"damage":5,"enemies":"3 Darklings","floor":39,"turns":1}],"seed_played":"-8132278437976780384","potions_obtained":[{"floor":3.0,"key":"Block Potion"},{"floor":6.0,"key":"BlessingOfTheForge"}],"is_trial":false,"path_per_floor":["M","?","M","?","M","E","R","M","T","R","$","R","?","M","R","B",null,"M","?","AVR","M","?","NM","R","M","T","M","M","M","M","M","R","B",null,"M","$","?","?","M"],"character_chosen":"GREMLIN","items_purchased":["Molten Egg 2","Gremlin:DaggerDance+1","Gremlin:Polish","Gremlin:RageBreak","Gremlin:FlipOut+1","Gremlin:Pickpocket+1","ClockworkSouvenir","Pantograph","Gremlin:Heckle","Gremlin:GremlinArms","Gremlin:TwistTheKnife+1"],"campfire_rested":2,"item_purchase_floors":[0,0,0,0,11,36,36,36,36,36,36],"current_hp_per_floor":[20,20,13,13,11,20,20,8,8,8,8,14,15,21,21,21,21,20,20,20,11,11,21,21,20,20,11,17,6,4,3,3,3,16,4,4,4,4,0,0],"gold":122,"neow_bonus":"","is_daily":false,"chose_seed":false,"campfire_upgraded":3,"win_rate":0.0,"timestamp":1613518941,"path_taken":["M","?","M","?","?","E","R","M","T","R","$","R","?","M","R","BOSS","M","?","AVR","?","?","NM","R","M","T","M","?","M","?","M","R","BOSS","M","$","?","?","M"],"items_purchased_type":["Relic","Card","Card","Card","Card","Card","Relic","Relic","Card","Card","Card"],"build_version":"2020-12-22","purchased_purges":2,"victory":false,"max_hp_per_floor":[20,20,20,20,20,20,20,20,20,20,20,20,21,21,21,21,21,21,21,21,21,21,21,21,21,21,21,21,21,21,21,20,20,20,20,20,20,20,20,20],"card_choices":[{"not_picked":["Gremlin:Presto+1","Gremlin:Tadah"],"picked":"Gremlin:ArmsTheft","floor":1.0},{"not_picked":["Gremlin:Changeo","Gremlin:Pinprick+1"],"picked":"Gremlin:Glimmer+1","floor":3.0},{"not_picked":["Gremlin:CatScratch+1","Gremlin:Rhythm"],"picked":"Gremlin:GremlinArms","floor":5.0},{"not_picked":["Gremlin:Mockery","Gremlin:Pinprick+1"],"picked":"Gremlin:Pretaliation+1","floor":6.0},{"not_picked":["Gremlin:DaggerDance+1","Gremlin:FollowThrough+1"],"picked":"Gremlin:Glimmer+1","floor":8.0},{"not_picked":["Gremlin:Dazzle+1","Gremlin:GremlinArms"],"picked":"Gremlin:FeelTheAudience+1","floor":14.0},{"not_picked":["Gremlin:ShowStopper+1","Gremlin:Exacerbate+1"],"picked":"Gremlin:Unforgiving","floor":16.0},{"not_picked":["Gremlin:Polish","Gremlin:ShowOfHands"],"picked":"Gremlin:CounterStrike+1","floor":18.0},{"not_picked":["Gremlin:GremlinMeal","Gremlin:Enthusiasm"],"picked":"Gremlin:Patsy+1","floor":21},{"not_picked":["Gremlin:BulkUp","Gremlin:Tadah"],"picked":"Gremlin:MakeshiftArmor","floor":23},{"not_picked":["Gremlin:Dazzle+1","Gremlin:ToeStub+1"],"picked":"Gremlin:Presto+1","floor":25},{"not_picked":["Gremlin:Irritability+1","Gremlin:PartyStick"],"picked":"Gremlin:GremlinOffensive+1","floor":27},{"not_picked":["Gremlin:GremlinMeal","Gremlin:GlitterGuard"],"picked":"Gremlin:CatScratch+1","floor":28},{"not_picked":["Gremlin:FairyDust","Gremlin:Dazzle+1"],"picked":"Gremlin:Scatter","floor":29},{"not_picked":["Gremlin:Jeer+1","Gremlin:Pinprick+1"],"picked":"Gremlin:CatScratch+1","floor":30},{"not_picked":["Gremlin:TwistTheKnife+1","Gremlin:DaggerDance+1"],"picked":"Gremlin:Glimmer+1","floor":31},{"not_picked":["Gremlin:SecondVolley+1","Gremlin:Unforgiving"],"picked":"Gremlin:Fury+1","floor":33},{"not_picked":["Gremlin:CatScratch+1","Gremlin:Whiz"],"picked":"Gremlin:GlitterGuard+1","floor":35}],"player_experience":347834,"relics_obtained":[{"floor":4.0,"key":"Ancient Tea Set"},{"floor":6.0,"key":"PreservedInsect"},{"floor":23,"key":"Peace Pipe"},{"floor":26,"key":"hubris:TenFootPole"}],"event_choices":[{"damage_healed":0.0,"max_hp_gain":0.0,"max_hp_loss":0.0,"gold_gain":0.0,"event_name":"Golden Idol","player_choice":"Take Wound","floor":2.0,"gold_loss":0.0,"damage_taken":0.0,"relics_obtained":["Golden Idol"],"cards_obtained":["Injury"]},{"damage_healed":0.0,"max_hp_gain":0.0,"max_hp_loss":0.0,"gold_gain":0.0,"event_name":"Wheel of Change","player_choice":"Relic","floor":4.0,"gold_loss":0.0,"damage_taken":0.0},{"damage_healed":0.0,"max_hp_gain":0.0,"max_hp_loss":0.0,"gold_gain":275.0,"event_name":"Golden Shrine","player_choice":"Desecrate","floor":19.0,"gold_loss":0.0,"damage_taken":0.0,"cards_obtained":["Regret"]},{"damage_healed":0,"gold_gain":0,"player_choice":"Forge","damage_taken":0,"max_hp_gain":0,"max_hp_loss":0,"event_name":"Accursed Blacksmith","floor":22,"gold_loss":0,"cards_upgraded":["Gremlin:GremlinDance"]},{"damage_healed":0,"gold_gain":0,"player_choice":"Ignored","damage_taken":0,"max_hp_gain":0,"max_hp_loss":0,"event_name":"Mysterious Sphere","floor":37,"gold_loss":0}],"is_beta":false,"boss_relics":[{"not_picked":["Ectoplasm","RedLine:ReiMu"],"picked":"Sozu"},{"not_picked":["aspiration:RunicSpoon","SacredBark"],"picked":"hubris:TerracottaHorce"}],"items_purged_floors":[20,36],"is_endless":true,"potions_floor_spawned":[3,6,18,27,31],"killed_by":"3 Darklings","ascension_level":0}}