{"host":"0z6l31g9ps0v9zzp","time":1613489829,"event":{"mods":["Act Like it!","BaseMod","CapriCore","Minty Spire (QoL Compilation)","MostiFishMod","StSLib"],"gold_per_floor":[118,118,41,41,59,59,86,104,104,134,-1266,-1236,-1236,-1211,-1211,-1135,-1135,-1115,-1115,-1115,-1104,-1069,-1044,-994,-968,-968,-935,-918,-918,-918,-898,-898,-821,-821,-811,-797,-797,-777,-777,-744,-744,-709,-709,-678,-678,-653,-602,-552,-552,-552,-552,-552,-552,-522,-522],"floor_reached":56,"language":"ZHS","playtime":933,"items_purged":[],"score":3264,"play_id":"400bac48-b203-45f9-a4b9-84043a97b505","local_time":"20210216233709","is_ascension_mode":true,"campfire_choices":[{"data":"Eruption","floor":6,"key":"SMITH"},{"data":"TalkToTheHand","floor":13,"key":"SMITH"},{"data":"Tantrum","floor":15,"key":"SMITH"},{"data":"TalkToTheHand","floor":30,"key":"SMITH"},{"data":"DevaForm","floor":32,"key":"SMITH"},{"floor":41,"key":"RECALL"},{"data":"FearNoEvil","floor":45,"key":"SMITH"},{"data":"BowlingBash","floor":49,"key":"SMITH"},{"data":"Strike_P","floor":52,"key":"SMITH"}],"circlet_count":0,"master_deck":["AscendersBane","Strike_P","Strike_P","Strike_P+1","Defend_P","Defend_P","Defend_P+1","Defend_P","Eruption+1","Vigilance+1","FearNoEvil+1","TalkToTheHand+1","Tantrum+1","BowlingBash+1","MostiFishMod:StarWish+1","Omniscience+1","TalkToTheHand+1","DevaForm+1","MostiFishMod:KamiSmash+1","MostiFishMod:PathToVictory+1"],"relics":["PureWater","DaveBox","ExusiaiGun","NeowsBlessing","SynthV:TestCard","WingedGreaves","Prayer Wheel","SynthV:MejaisSoulstealer","Toxic Egg 2","War Paint","Runic Pyramid","CultistMask","Red Mask","MealTicket","Happy Flower","Toy Ornithopter","OneHitWonderSystem","Oddly Smooth Stone","Vajra","Boot","Torii","DianDianMeat","Incense Burner","Pen Nib"],"acts_visited":["Exordium","TheCity","TheBeyond","TheEnding"],"potions_floor_usage":[55],"damage_taken":[{"damage":0,"enemies":"Small Slimes","floor":1,"turns":1},{"damage":0,"enemies":"Cultist","floor":5,"turns":1},{"damage":0,"enemies":"Lagavulin","floor":7,"turns":1},{"damage":0,"enemies":"Jaw Worm","floor":8,"turns":1},{"damage":0,"enemies":"Gremlin Nob","floor":10,"turns":1},{"damage":10,"enemies":"3 Sentries","floor":12,"turns":3},{"damage":0,"enemies":"Lagavulin","floor":14,"turns":1},{"damage":0,"enemies":"Hexaghost","floor":16,"turns":2},{"damage":0,"enemies":"3 Byrds","floor":18,"turns":2},{"damage":0,"enemies":"Shell Parasite","floor":21,"turns":1},{"damage":0,"enemies":"Masked Bandits","floor":22,"turns":2},{"damage":0,"enemies":"Slavers","floor":23,"turns":1},{"damage":0,"enemies":"Gremlin Leader","floor":25,"turns":1},{"damage":0,"enemies":"Book of Stabbing","floor":27,"turns":1},{"damage":0,"enemies":"Chosen and Byrds","floor":28,"turns":1},{"damage":0,"enemies":"Snake Plant","floor":31,"turns":1},{"damage":0,"enemies":"Collector","floor":33,"turns":2},{"damage":0,"enemies":"Orb Walker","floor":35,"turns":2},{"damage":0,"enemies":"3 Shapes","floor":36,"turns":1},{"damage":0,"enemies":"Transient","floor":38,"turns":1},{"damage":0,"enemies":"Reptomancer","floor":40,"turns":1},{"damage":0,"enemies":"Nemesis","floor":42,"turns":1},{"damage":0,"enemies":"Reptomancer","floor":44,"turns":1},{"damage":0,"enemies":"Giant Head","floor":46,"turns":1},{"damage":0,"enemies":"2 Orb Walkers","floor":47,"turns":2},{"damage":0,"enemies":"Time Eater","floor":50,"turns":1},{"damage":0,"enemies":"Shield and Spear","floor":54,"turns":2},{"damage":0,"enemies":"The Heart","floor":55,"turns":6}],"seed_played":"-3757350468350168339","potions_obtained":[{"floor":5,"key":"BottledMiracle"},{"floor":7,"key":"DuplicationPotion"},{"floor":10,"key":"AttackPotion"},{"floor":36,"key":"PowerPotion"}],"is_trial":false,"path_per_floor":["M","?","$","$","M","R","E","M","T","E","$","E","R","E","R","B",null,"M","?","?","M","?","E","?","E","T","E","M","$","R","M","R","B",null,"M","M","?","M","$","E","R","E","T","E","R","E","?","?","R","B",null,"R","$","E","B",null],"character_chosen":"WATCHER","items_purchased":["FearNoEvil","SynthV:MejaisSoulstealer"],"campfire_rested":0,"item_purchase_floors":[3,11],"current_hp_per_floor":[61,61,61,61,61,61,61,61,61,61,61,51,51,51,51,51,64,64,64,64,64,64,64,64,64,64,64,64,68,68,68,68,68,1,1,1,1,1,1,1,1,1,1,1,1,1,1,1,1,1,1,1,1,1,1],"gold":-522,"neow_bonus":"THREE_ENEMY_KILL","is_daily":false,"chose_seed":false,"campfire_upgraded":8,"win_rate":0.0,"timestamp":1613489829,"path_taken":["M","?","?","$","M","R","E","?","T","E","$","E","R","E","R","BOSS","M","?","?","?","?","E","?","E","T","E","M","$","R","M","R","BOSS","M","M","?","?","$","E","R","E","T","E","R","E","?","?","R","BOSS","R","$","E","BOSS"],"items_purchased_type":["Card","Relic"],"build_version":"2020-12-22","purchased_purges":0,"victory":true,"max_hp_per_floor":[68,68,68,68,68,68,68,68,68,68,68,68,68,68,68,68,68,68,68,68,68,68,68,68,68,68,68,68,68,68,68,68,68,1,1,1,1,1,1,1,1,1,1,1,1,1,1,1,1,1,1,1,1,1,1],"card_choices":[{"not_picked":["SashWhip","EmptyFist","JustLucky"],"picked":"SKIP","floor":1},{"not_picked":["FlyingSleeves","MostiFishMod:LegendTransform","CutThroughFate","Sanctity"],"picked":"TalkToTheHand","floor":5},{"not_picked":["FlyingSleeves","Swivel","Crescendo","Halt","Fasting2"],"picked":"SKIP","floor":7},{"not_picked":["SandsOfTime","EmptyMind","FlurryOfBlows","EmptyBody"],"picked":"Tantrum","floor":8},{"not_picked":["Worship","Meditate","Wallop","PathToVictory","EmptyBody"],"picked":"SKIP","floor":10},{"not_picked":["EmptyBody+1","Consecrate","ClearTheMind+1","DeceiveReality+1","EmptyFist"],"picked":"SKIP","floor":12},{"not_picked":["EmptyFist","ReachHeaven","Adaptation","FollowUp"],"picked":"BowlingBash","floor":14},{"not_picked":["MostiFishMod:DustFall","MostiFishMod:Pointsdynamics","MostiFishMod:Moonprays+1","MostiFishMod:Unraveling+1"],"picked":"MostiFishMod:StarWish+1","floor":16},{"not_picked":["FlyingSleeves","WindmillStrike+1","Fasting2","SashWhip","CutThroughFate"],"picked":"SKIP","floor":18},{"not_picked":["JustLucky","WindmillStrike","MostiFishMod:ScryFuture+1","CutThroughFate","WheelKick"],"picked":"SKIP","floor":18},{"not_picked":["FollowUp+1","LikeWater","Weave","Evaluate+1","Prostrate+1"],"picked":"SKIP","floor":21},{"not_picked":["Nirvana","EmptyFist+1","Consecrate","PathToVictory+1","SpiritShield+1"],"picked":"SKIP","floor":21},{"not_picked":["CutThroughFate","MostiFishMod:FlowState+1","BowlingBash","EmptyBody+1","Wallop"],"picked":"SKIP","floor":23},{"not_picked":["MostiFishMod:Pointsdynamics","ClearTheMind+1","PathToVictory+1","ThirdEye+1"],"picked":"Omniscience+1","floor":25},{"not_picked":["BowlingBash","Weave","CutThroughFate+1","CrushJoints"],"picked":"TalkToTheHand","floor":27},{"not_picked":["SandsOfTime","MostiFishMod:Nomercy","CarveReality","EmptyBody+1","EmptyMind+1"],"picked":"SKIP","floor":28},{"not_picked":["Halt+1","Indignation+1","PathToVictory+1","Protect+1","BowlingBash"],"picked":"SKIP","floor":28},{"not_picked":["BowlingBash","Sanctity+1","BattleHymn","MostiFishMod:Speedup+1"],"picked":"DevaForm","floor":31},{"not_picked":["MostiFishMod:FlowState+1","EmptyMind+1","FollowUp","DeceiveReality+1","WindmillStrike+1"],"picked":"SKIP","floor":31},{"not_picked":["MostiFishMod:Dust","ConjureBlade+1","Establishment","Alpha+1"],"picked":"MostiFishMod:KamiSmash","floor":33},{"not_picked":["ClearTheMind+1","PathToVictory+1","CutThroughFate","EmptyBody+1","Collect+1"],"picked":"SKIP","floor":35},{"not_picked":["DeceiveReality+1","Protect+1","ClearTheMind+1","Prostrate+1","Crescendo+1"],"picked":"SKIP","floor":35},{"not_picked":["Pray+1","LikeWater","EmptyBody+1","FollowUp","ForeignInfluence+1"],"picked":"SKIP","floor":36},{"not_picked":["MostiFishMod:PathToVictory+1","FlurryOfBlows","PathToVictory+1","FollowUp","Evaluate+1"],"picked":"SKIP","floor":36},{"not_picked":["Indignation+1","Consecrate+1","FollowUp","MostiFishMod:Moonprays+1","Wireheading"],"picked":"SKIP","floor":38},{"not_picked":["Halt+1","PathToVictory+1","FlurryOfBlows+1","CutThroughFate+1","ThirdEye+1"],"picked":"SKIP","floor":38},{"not_picked":["MentalFortress","FlyingSleeves+1","InnerPeace+1","CrushJoints","ClearTheMind+1"],"picked":"SKIP","floor":40},{"not_picked":["MostiFishMod:Nomercy+1","EmptyBody+1","MostiFishMod:Moonprays+1","Worship+1"],"picked":"MostiFishMod:PathToVictory+1","floor":42},{"not_picked":["EmptyBody+1","ThirdEye+1","DeceiveReality+1","Tantrum","Halt+1"],"picked":"SKIP","floor":44},{"not_picked":["BattleHymn+1","Prostrate+1","JustLucky","CrushJoints","Adaptation"],"picked":"SKIP","floor":46},{"not_picked":["Meditate+1","MostiFishMod:FlowState+1","FollowUp+1","BowlingBash","FlyingSleeves"],"picked":"SKIP","floor":54}],"player_experience":284795,"relics_obtained":[{"floor":1,"key":"SynthV:TestCard"},{"floor":7,"key":"WingedGreaves"},{"floor":9,"key":"Prayer Wheel"},{"floor":12,"key":"Toxic Egg 2"},{"floor":14,"key":"War Paint"},{"floor":22,"key":"Red Mask"},{"floor":23,"key":"MealTicket"},{"floor":25,"key":"Happy Flower"},{"floor":27,"key":"Toy Ornithopter"},{"floor":40,"key":"Oddly Smooth Stone"},{"floor":42,"key":"Vajra"},{"floor":43,"key":"Boot"},{"floor":44,"key":"Torii"},{"floor":46,"key":"DianDianMeat"},{"floor":47,"key":"Incense Burner"},{"floor":54,"key":"Pen Nib"}],"event_choices":[{"cards_removed":["Strike_P"],"damage_healed":0,"gold_gain":0,"player_choice":"Offered Basic","damage_taken":0,"max_hp_gain":0,"max_hp_loss":0,"event_name":"Bonfire Elementals","floor":2,"gold_loss":0},{"damage_healed":0,"gold_gain":0,"player_choice":"Ignored","damage_taken":0,"max_hp_gain":0,"max_hp_loss":0,"event_name":"Ghosts","floor":19,"gold_loss":0},{"damage_healed":0,"gold_gain":0,"player_choice":"Trade","damage_taken":0,"relics_obtained":["CultistMask"],"max_hp_gain":0,"max_hp_loss":0,"event_name":"FaceTrader","floor":20,"gold_loss":0},{"damage_healed":0,"gold_gain":0,"player_choice":"Fought Bandits","damage_taken":0,"max_hp_gain":0,"max_hp_loss":0,"event_name":"Masked Bandits","floor":22,"gold_loss":0},{"damage_healed":0,"gold_gain":50,"player_choice":"Stole From Cult","damage_taken":0,"max_hp_gain":0,"max_hp_loss":0,"event_name":"Nest","floor":24,"gold_loss":0},{"damage_healed":0,"gold_gain":0,"player_choice":"Upgraded","damage_taken":0,"max_hp_gain":0,"max_hp_loss":0,"event_name":"Upgrade Shrine","floor":37,"gold_loss":0,"cards_upgraded":["MostiFishMod:KamiSmash"]},{"damage_healed":0,"gold_gain":0,"player_choice":"Fight","damage_taken":0,"max_hp_gain":0,"max_hp_loss":0,"event_name":"Mysterious Sphere","floor":47,"gold_loss":0},{"damage_healed":0,"gold_gain":50,"player_choice":"Pray","damage_taken":0,"max_hp_gain":0,"max_hp_loss":0,"event_name":"Golden Shrine","floor":48,"gold_loss":0}],"is_beta":false,"boss_relics":[{"not_picked":["Runic Dome","Empty Cage"],"picked":"Runic Pyramid"},{"not_picked":["Coffee Dripper","Fusion Hammer"],"picked":"OneHitWonderSystem"}],"items_purged_floors":[],"is_endless":false,"potions_floor_spawned":[5,7,10,14,21,22,25,31,36,38,54],"ascension_level":19}}