{"host":"fh846irws14avpr7","time":1613486647,"event":{"mods":["AchievementEnabler","Aspiration","BaseMod","Better Match","Conspire","Curses Come First","Downfall","GifTheSpireLib","GungeonMod","Halation","Hubris","Infinite Spire","Kratos Character Expansion","Minty Spire (QoL Compilation)","Poor People Problems","Quick Restart","Reliquary","Shop Mod","Small Relic Pack","Spikes Relics","StSLib","Stuff the Spire","The Saiyan","??????REMEMod"],"gold_per_floor":[149,165,165,165,180,208,243,268,268,294,306,336,356,371,371,371,371],"floor_reached":16,"language":"ENG","playtime":593,"items_purged":[],"score":167,"play_id":"c48da13f-48db-4023-bade-827d4a6daba5","local_time":"20210216094407","daily_mods":["Heirloom","DeadlyEvents","Elite Swarm"],"is_ascension_mode":false,"campfire_choices":[{"floor":15,"key":"REST"}],"circlet_count":0,"master_deck":["KratosMod:Strike_K","KratosMod:Strike_K","KratosMod:Strike_K","KratosMod:Strike_K","KratosMod:Defend_K","KratosMod:Defend_K","KratosMod:Defend_K","KratosMod:Defend_K","KratosMod:cyclone","KratosMod:AthenaBane","champ:HoldFirm+1","KratosMod:Tempor","KratosMod:BladeWhip","KratosMod:ShieldBash","KratosMod:blades","KratosMod:kBerserk","KratosMod:Revenge","KratosMod:blades","KratosMod:Endure","KratosMod:Revenge+1","KratosMod:Tempor+1","KratosMod:blades"],"relics":["KratosMod:eagle","REME_ComplimentaryCards","Torii","aspiration:BabyByrd","hubris:SlimyHat","halation:TwoAmDonut","halation:OrihimeAndHikoboshiSamaAndTears","Darkstone Periapt","hubris:AstralHammer","Toxic Egg 2"],"acts_visited":["Exordium"],"potions_floor_usage":[6,7,8,10,16],"damage_taken":[{"damage":0,"enemies":"Small Slimes","floor":1,"turns":4},{"damage":0,"enemies":"2 Louse","floor":2,"turns":2},{"damage":10,"enemies":"conspire:RoseBush","floor":5,"turns":2},{"damage":0,"enemies":"Gremlin Nob","floor":6,"turns":2},{"damage":7,"enemies":"3 Sentries","floor":7,"turns":5},{"damage":7,"enemies":"Lagavulin","floor":8,"turns":5},{"damage":19,"enemies":"Gremlin Nob","floor":10,"turns":4},{"damage":9,"enemies":"2 Fungi Beasts","floor":11,"turns":4},{"damage":9,"enemies":"Lagavulin","floor":12,"turns":10},{"damage":0,"enemies":"Exordium Wildlife","floor":13,"turns":3},{"damage":8,"enemies":"Red Slaver","floor":14,"turns":3},{"damage":18,"enemies":"The Guardian","floor":16,"turns":5}],"seed_played":"-5883591182877271144","potions_obtained":[{"floor":1,"key":"AttackPotion"},{"floor":5,"key":"SteroidPotion"},{"floor":7,"key":"ColorlessPotion"},{"floor":8,"key":"conspire:TimeTravelPotion"},{"floor":14,"key":"Block Potion"}],"is_trial":true,"path_per_floor":["M","M","?","?","M","E","E","E","T","E","M","E","M","M","R","B"],"character_chosen":"KRATOS","items_purchased":[],"campfire_rested":1,"item_purchase_floors":[],"current_hp_per_floor":[60,60,60,60,50,50,43,36,36,17,14,10,10,2,18,0,0],"gold":371,"neow_bonus":"","is_daily":false,"chose_seed":false,"campfire_upgraded":0,"win_rate":0.0,"timestamp":1613486647,"path_taken":["M","M","?","?","M","E","?","E","T","E","M","E","M","M","R","BOSS"],"items_purchased_type":[],"build_version":"2020-12-22","purchased_purges":0,"victory":false,"max_hp_per_floor":[60,60,60,60,60,60,60,60,60,60,60,56,56,56,56,56,56],"card_choices":[{"not_picked":["KratosMod:rattle","KratosMod:Roll"],"picked":"KratosMod:Tempor","floor":1},{"not_picked":["KratosMod:SmashStone","KratosMod:Tempor"],"picked":"KratosMod:BladeWhip","floor":2},{"not_picked":["KratosMod:kBerserk","KratosMod:conjuresoul"],"picked":"KratosMod:ShieldBash","floor":5},{"not_picked":["KratosMod:ablockalypse","KratosMod:tartarusrage"],"picked":"KratosMod:blades","floor":6},{"not_picked":["KratosMod:styx","KratosMod:ablockalypse"],"picked":"KratosMod:kBerserk","floor":7},{"not_picked":["KratosMod:kBerserk","KratosMod:ablockalypse"],"picked":"KratosMod:Revenge","floor":8},{"not_picked":["KratosMod:kBerserk","KratosMod:styx"],"picked":"KratosMod:blades","floor":10},{"not_picked":["KratosMod:BladeWhip","KratosMod:settle"],"picked":"KratosMod:Endure","floor":11},{"not_picked":["KratosMod:kBerserk","KratosMod:tartarusrage"],"picked":"KratosMod:Revenge+1","floor":12},{"not_picked":["KratosMod:SmashStone+1","KratosMod:Roll+1"],"picked":"KratosMod:Tempor+1","floor":13},{"not_picked":["KratosMod:conjuresoul","KratosMod:rattle"],"picked":"KratosMod:blades","floor":14}],"player_experience":287167,"relics_obtained":[{"floor":6,"key":"hubris:SlimyHat"},{"floor":7,"key":"halation:TwoAmDonut"},{"floor":8,"key":"halation:OrihimeAndHikoboshiSamaAndTears"},{"floor":9,"key":"Darkstone Periapt"},{"floor":10,"key":"hubris:AstralHammer"},{"floor":12,"key":"Toxic Egg 2"}],"event_choices":[{"damage_healed":0,"gold_gain":0,"player_choice":"Upgraded","damage_taken":0,"max_hp_gain":0,"max_hp_loss":0,"event_name":"Upgrade Shrine","floor":4,"gold_loss":0,"cards_upgraded":["champ:HoldFirm"]}],"is_beta":false,"boss_relics":[],"items_purged_floors":[],"is_endless":false,"potions_floor_spawned":[1,5,7,8,14],"killed_by":"The Guardian","ascension_level":0}}