{"host":"n5x0e04y88v3omrc","time":1613479895,"event":{"mods":["Aspiration","BaseMod","Colored Powertips","Downfall","Minty Spire (QoL Compilation)","Reimu£®≤©¿ˆ¡È√Œ£©","Remilia£®¿Ÿ√◊¿Ú—«£©","Replay The Spire","Shop Mod","StSLib","The Animator"],"gold_per_floor":[110,110,60,75,75,75,100,123,123,123,146,169,169,27,27,27,27],"floor_reached":16,"language":"ZHS","playtime":1187,"items_purged":[],"score":90,"play_id":"dabd24c7-46e1-486c-ab90-55d4c34d0c67","local_time":"20210216205135","is_ascension_mode":false,"campfire_choices":[{"floor":6,"key":"RECALL"},{"data":"Genetic Algorithm","floor":10,"key":"SMITH"},{"floor":13,"key":"REST"},{"data":"Rainbow","floor":15,"key":"SMITH"}],"circlet_count":0,"master_deck":["Strike_B","Strike_B","Defend_B","Defend_B","Defend_B","Zap","Dualcast","BasicCrystalCard","Doom and Gloom","Mirror Shield","Panic Button","Genetic Algorithm+1","Beam Cell","Biased Cognition","Rainbow+1"],"relics":["Nuclear Battery","Golden Idol","Replay:PocketPolymizer","Dream Catcher"],"acts_visited":["Exordium"],"potions_floor_usage":[16],"damage_taken":[{"damage":0,"enemies":"Small Slimes","floor":1,"turns":4},{"damage":10,"enemies":"Jaw Worm","floor":4,"turns":4},{"damage":0,"enemies":"Cultist","floor":7,"turns":2},{"damage":3,"enemies":"Exordium Thugs","floor":8,"turns":2},{"damage":15,"enemies":"Exordium Wildlife","floor":11,"turns":5},{"damage":62,"enemies":"Hexaghost","floor":16,"turns":11}],"seed_played":"-8052360808855815486","potions_obtained":[{"floor":1,"key":"ZuzhouPotion:ReiMu"}],"is_trial":false,"path_per_floor":["M","?","?","M","T","R","M","M","T","R","M","T","R","$","R","B"],"character_chosen":"DEFECT","items_purchased":["Biased Cognition"],"campfire_rested":1,"item_purchase_floors":[14],"current_hp_per_floor":[75,69,69,59,59,59,59,56,56,56,41,41,61,61,61,0,0],"gold":27,"neow_bonus":"BOSS_RELIC","is_daily":false,"chose_seed":false,"campfire_upgraded":2,"win_rate":0.0,"timestamp":1613479895,"path_taken":["M","?","?","M","?","R","M","?","T","R","M","?","R","?","R","BOSS"],"items_purchased_type":["Card"],"build_version":"2020-12-22","purchased_purges":0,"victory":false,"max_hp_per_floor":[75,69,69,69,69,69,69,69,69,69,69,69,69,69,69,69,69],"card_choices":[{"not_picked":["Fusion","Go for the Eyes"],"picked":"BasicCrystalCard","floor":1},{"not_picked":["Melter","Panic Button"],"picked":"Doom and Gloom","floor":4},{"not_picked":["Barrage","Heatsinks"],"picked":"Mirror Shield","floor":7},{"not_picked":["Fusion","Gash"],"picked":"Panic Button","floor":8},{"not_picked":["Undo","Go for the Eyes"],"picked":"Beam Cell","floor":11}],"player_experience":69025,"relics_obtained":[{"floor":9,"key":"Replay:PocketPolymizer"},{"floor":12,"key":"Dream Catcher"}],"event_choices":[{"damage_healed":0,"gold_gain":0,"player_choice":"Lose Max HP","damage_taken":0,"relics_obtained":["Golden Idol"],"max_hp_gain":0,"max_hp_loss":6,"event_name":"Golden Idol","floor":2,"gold_loss":0},{"cards_removed":["Defend_B"],"damage_healed":0,"gold_gain":0,"player_choice":"Card Removal","damage_taken":0,"max_hp_gain":0,"max_hp_loss":0,"event_name":"The Cleric","floor":3,"gold_loss":50}],"is_beta":false,"boss_relics":[],"items_purged_floors":[],"is_endless":false,"potions_floor_spawned":[1],"killed_by":"Hexaghost","ascension_level":0}}