{"host":"0s686iw3hprdrk8c","time":1613434814,"event":{"mods":["BaseMod","Bestiary","Downfall","Marisa????????","Minty Spire (QoL Compilation)","Replay The Spire","StSLib","The Hierophant","The Servant 0.9.4"],"gold_per_floor":[115,127,142,142,157,157,177,197,220,249,249,249,266,296,296,399,399,381,393,668,681,70,70,70,70],"floor_reached":24,"language":"ENG","playtime":1812,"items_purged":["Regret"],"score":259,"play_id":"2c079975-704b-4554-ba92-c5428d8d39a3","local_time":"20210215192014","is_ascension_mode":true,"campfire_choices":[{"floor":6.0,"key":"RECALL"},{"floor":12.0,"key":"REST"},{"floor":23,"key":"REST"}],"circlet_count":0,"master_deck":["Strike_B","Strike_B","Strike_B","Defend_B","Defend_B","Defend_B","Defend_B","Zap","Dualcast","Darkness","Beam Cell","ReplayTheSpireMod:Reroute Power","Streamline","Lockon","Gash","Conserve Battery","Redo","Streamline","Capacitor","Machine Learning","Defragment","Leap","Hologram+1"],"relics":["FrozenCore","Lantern","Incense Burner","Geode","Pantograph","Replay:Antivirus Software","PrismaticShard","Toy Ornithopter","Frozen Egg 2"],"acts_visited":["Exordium","TheCity"],"potions_floor_usage":[24],"damage_taken":[{"damage":1.0,"enemies":"Cultist","floor":1.0,"turns":3.0},{"damage":7.0,"enemies":"Jaw Worm","floor":2.0,"turns":3.0},{"damage":2.0,"enemies":"2 Louse","floor":3.0,"turns":2.0},{"damage":15.0,"enemies":"Gremlin Gang","floor":5.0,"turns":3.0},{"damage":0.0,"enemies":"Blue Slaver","floor":7.0,"turns":1.0},{"damage":23.0,"enemies":"Exordium Wildlife","floor":8.0,"turns":4.0},{"damage":0.0,"enemies":"Replay:BlueRogue","floor":10.0,"turns":4.0},{"damage":5.0,"enemies":"Large Slime","floor":13.0,"turns":4.0},{"damage":1.0,"enemies":"Gremlin Nob","floor":14.0,"turns":3.0},{"damage":42.0,"enemies":"Fading Forest","floor":16.0,"turns":11.0},{"damage":4.0,"enemies":"2 Thieves","floor":18.0,"turns":4.0},{"damage":8.0,"enemies":"Spheric Guardian","floor":19.0,"turns":5.0},{"damage":55,"enemies":"Cultist and Chosen","floor":21,"turns":9},{"damage":0,"enemies":"Gremlin Leader","floor":24,"turns":2}],"seed_played":"7647096758136968765","potions_obtained":[{"floor":2.0,"key":"hexamod:SoulburnPotion"},{"floor":3.0,"key":"Explosive Potion"},{"floor":5.0,"key":"SpeedPotion"},{"floor":13.0,"key":"SpeedPotion"},{"floor":16.0,"key":"Guardian:BlockOnCardUsePotion"},{"floor":21,"key":"LiquidMemories"}],"is_trial":false,"path_per_floor":["M","M","M","T","M","R","M","M","T","E","T","R","M","E","R","B",null,"M","M","?","M","$","R","E"],"character_chosen":"DEFECT","items_purchased":["PrismaticShard","Toy Ornithopter","Frozen Egg 2"],"campfire_rested":2,"item_purchase_floors":[22,22,22],"current_hp_per_floor":[74,67,65,65,50,50,50,27,27,27,27,49,44,43,43,50,75,71,63,63,8,8,30,35,35],"gold":70,"neow_bonus":"RANDOM_COMMON_RELIC","is_daily":false,"chose_seed":false,"campfire_upgraded":0,"win_rate":0.0,"timestamp":1613434814,"path_taken":["M","M","?","?","M","R","M","M","T","E","?","R","M","E","R","BOSS","M","M","?","?","$","R","E"],"items_purchased_type":["Relic","Relic","Relic"],"build_version":"2020-12-22","purchased_purges":1,"victory":false,"max_hp_per_floor":[75,75,75,75,75,75,75,75,75,75,75,75,75,75,75,75,75,75,75,75,75,75,75,75,75],"card_choices":[{"not_picked":["Panic Button","Rebound"],"picked":"Darkness","floor":1.0},{"not_picked":["Heatsinks","Barrage"],"picked":"Beam Cell","floor":2.0},{"not_picked":["Go for the Eyes","Sweeping Beam"],"picked":"ReplayTheSpireMod:Reroute Power","floor":3.0},{"not_picked":["Seek","Ball Lightning"],"picked":"Streamline","floor":5.0},{"not_picked":["Beam Cell","Streamline"],"picked":"Lockon","floor":7.0},{"not_picked":["Scrape","Barrage"],"picked":"Gash","floor":8.0},{"not_picked":["Gash","Go for the Eyes"],"picked":"Conserve Battery","floor":10.0},{"not_picked":["Gash","Doom and Gloom"],"picked":"Redo","floor":13.0},{"not_picked":["Sunder","Reboot"],"picked":"Streamline","floor":14.0},{"not_picked":["ReplayRNGCard","Meteor Strike"],"picked":"Machine Learning","floor":16.0},{"not_picked":["ReplaySort","Go for the Eyes"],"picked":"Defragment","floor":18.0},{"not_picked":["Rebound","Steam Power"],"picked":"Leap","floor":19.0},{"not_picked":["Reprogram","Streamline"],"picked":"Hologram+1","floor":21}],"player_experience":246826,"relics_obtained":[{"floor":4.0,"key":"Incense Burner"},{"floor":9.0,"key":"Geode"},{"floor":10.0,"key":"Pantograph"},{"floor":14.0,"key":"Replay:Antivirus Software"}],"event_choices":[{"damage_healed":0.0,"max_hp_gain":0.0,"max_hp_loss":0.0,"gold_gain":275.0,"event_name":"Golden Shrine","player_choice":"Desecrate","floor":20.0,"gold_loss":0.0,"damage_taken":0.0,"cards_obtained":["Regret"]}],"is_beta":false,"boss_relics":[{"not_picked":["Calling Bell","Cursed Key"],"picked":"FrozenCore"}],"items_purged_floors":[22],"is_endless":false,"potions_floor_spawned":[2,3,5,13,16,21],"killed_by":"Gremlin Leader","ascension_level":2}}