{"host":"43wsnxh97mgjl5zw","time":1613497935,"event":{"mods":["Aspiration","BaseMod","Colored Map","Colored Powertips","Conspire","Downfall","Halation","Hubris","Minty Spire (QoL Compilation)","Quick Restart","Rare Cards Sparkle","Relic Sorter","Replay The Spire","StSLib"],"gold_per_floor":[117,42,42,54,66,66,123,154,208,208,224,242,242,271,271,345,345,359,359,377,120,138,138,173,173,173,173,173,206,206,237,237,237,237],"floor_reached":33,"language":"ENG","playtime":4619,"items_purged":["Strike_R","Doubt"],"score":672,"play_id":"4c08a955-a90a-4728-a57a-54113377b0be","local_time":"20210216195215","is_ascension_mode":true,"campfire_choices":[{"data":"Cleave","floor":6.0,"key":"SMITH"},{"data":"Uppercut","floor":13.0,"key":"SMITH"},{"floor":15.0,"key":"REST"},{"data":"Bludgeon","floor":23.0,"key":"SMITH"},{"data":"Clumsy","floor":25.0,"key":"PURGE"},{"data":"Evaluate","floor":32,"key":"SMITH"}],"circlet_count":0,"master_deck":["AscendersBane","Strike_R+1","Defend_R+1","Defend_R+1","Defend_R+1","Defend_R+1","Bash","Cleave+1","Strike_G+1","Underhanded Strike","Flying Knee","Headbutt","Fire Breathing","Shrug It Off","Disarm+1","Uppercut+1","Bludgeon+1","Clumsy","Metallicize+1","Exhume","Evaluate+1","Riddle With Holes","champ:ShieldWall"],"relics":["Burning Blood","NeowsBlessing","Pet Ghost","Thread and Needle","Gremlin Food","Red Skull","conspire:Flyswatter","Replay:Ancient Bell","War Paint","Chameleon Ring","Peace Pipe","PrismaticShard","Anchor","hubris:Towel","Letter Opener","Replay:Bottled Snecko","Mummified Hand"],"acts_visited":["Exordium","TheCity"],"potions_floor_usage":[],"damage_taken":[{"damage":3.0,"enemies":"conspire:RoseBush","floor":1.0,"turns":1.0},{"damage":0.0,"enemies":"Cultist","floor":4.0,"turns":1.0},{"damage":0.0,"enemies":"Jaw Worm","floor":5.0,"turns":1.0},{"damage":12.0,"enemies":"Gremlin Nob","floor":7.0,"turns":2.0},{"damage":32.0,"enemies":"Gremlin Nob","floor":8.0,"turns":4.0},{"damage":3.0,"enemies":"Large Slime","floor":11.0,"turns":6.0},{"damage":6.0,"enemies":"conspire:2 RoseBushes","floor":12.0,"turns":7.0},{"damage":6.0,"enemies":"3 Sentries","floor":14.0,"turns":5.0},{"damage":28.0,"enemies":"The Guardian","floor":16.0,"turns":16.0},{"damage":20.0,"enemies":"Chosen","floor":18.0,"turns":5.0},{"damage":15.0,"enemies":"Spheric Guardian","floor":20.0,"turns":4.0},{"damage":8.0,"enemies":"3 Cultists","floor":22.0,"turns":5.0},{"damage":3.0,"enemies":"Replay:Snechameleon","floor":24.0,"turns":7.0},{"damage":22,"enemies":"Gremlin Leader","floor":29,"turns":11},{"damage":0,"enemies":"conspire:Head Lice","floor":31,"turns":4},{"damage":40,"enemies":"conspire:MysteriousRune","floor":33,"turns":6}],"seed_played":"-6737320115394662005","potions_obtained":[{"floor":4.0,"key":"BlessingOfTheForge"},{"floor":5.0,"key":"Death Potion"},{"floor":14.0,"key":"Ancient Potion"},{"floor":16.0,"key":"Energy Potion"},{"floor":31,"key":"Swift Potion"}],"is_trial":false,"path_per_floor":["M","$","?","M","M","R","?","E","T","T","M","M","R","E","R","B",null,"M","?","M","$","M","R","E","R","T","?","?","E","T","E","R","B"],"character_chosen":"IRONCLAD","items_purchased":["PrismaticShard"],"campfire_rested":1,"item_purchase_floors":[21],"current_hp_per_floor":[71,71,71,75,75,75,69,43,43,43,46,46,46,46,68,46,68,54,54,45,45,43,43,46,46,46,46,46,30,30,36,36,0,0],"gold":237,"neow_bonus":"THREE_ENEMY_KILL","is_daily":false,"chose_seed":false,"campfire_upgraded":4,"win_rate":0.0,"timestamp":1613497935,"path_taken":["M","$","?","M","?","R","?","E","T","?","M","M","R","E","R","BOSS","M","?","M","$","M","R","E","R","T","?","?","E","?","E","R","BOSS"],"items_purchased_type":["Relic"],"build_version":"2020-12-22","purchased_purges":2,"victory":false,"max_hp_per_floor":[75,75,75,75,75,75,75,75,75,75,75,75,75,75,75,75,75,75,75,75,75,75,75,75,75,75,75,75,75,75,75,75,75,75],"card_choices":[{"not_picked":["Clothesline","Shockwave"],"picked":"Cleave","floor":1.0},{"not_picked":["Havoc","Clothesline"],"picked":"Headbutt","floor":4.0},{"not_picked":["Shockwave","Twin Strike"],"picked":"Fire Breathing","floor":5.0},{"not_picked":["Run Through","Replay:Undeath\u0027s Touch"],"picked":"Shrug It Off","floor":7.0},{"not_picked":["Shrug It Off","Immolate"],"picked":"Disarm","floor":8.0},{"not_picked":["Clothesline","Replay:Undeath\u0027s Touch"],"picked":"Uppercut","floor":11.0},{"not_picked":["Body Slam","hubris:ReadiedAction","Replay:Undeath\u0027s Touch"],"picked":"SKIP","floor":12.0},{"not_picked":["Body Slam","Wild Strike","hubris:ReadiedAction"],"picked":"SKIP","floor":14.0},{"not_picked":["Demonic Infusion","Double Tap"],"picked":"Bludgeon","floor":16.0},{"not_picked":["Pain","hubris:Greed"],"picked":"Doubt","floor":17.0},{"not_picked":["Regret","downfall:Malfunctioning"],"picked":"Clumsy","floor":17.0},{"not_picked":["conspire:NecroticWound","Spreading Infection"],"picked":"Clumsy","floor":17.0},{"not_picked":["Warcry","Cleave"],"picked":"Metallicize+1","floor":18.0},{"not_picked":["Massacre","Warcry"],"picked":"Exhume","floor":20.0},{"not_picked":["Guardian:Planning","CutThroughFate"],"picked":"Evaluate","floor":22.0},{"not_picked":["Wild Strike","Slimebound:Schlurp","Purity"],"picked":"SKIP","floor":24.0},{"not_picked":["ReplayTheSpireMod:Repulse","Slimebound:SplitMire"],"picked":"Riddle With Holes","floor":29},{"not_picked":["Slimebound:FlameTackle","bronze:Return"],"picked":"champ:ShieldWall","floor":31}],"player_experience":1253371,"relics_obtained":[{"floor":7.0,"key":"Pet Ghost"},{"floor":8.0,"key":"Thread and Needle"},{"floor":9.0,"key":"Gremlin Food"},{"floor":10.0,"key":"Red Skull"},{"floor":14.0,"key":"conspire:Flyswatter"},{"floor":24.0,"key":"Anchor"},{"floor":29,"key":"Letter Opener"},{"floor":30,"key":"Replay:Bottled Snecko"},{"floor":31,"key":"Mummified Hand"}],"event_choices":[{"damage_healed":0.0,"max_hp_gain":0.0,"max_hp_loss":0.0,"gold_gain":0.0,"event_name":"Dead Adventurer","player_choice":"Searched \u00271\u0027 times","floor":7.0,"gold_loss":0.0,"damage_taken":0.0},{"damage_healed":0.0,"max_hp_gain":0.0,"max_hp_loss":0.0,"gold_gain":0.0,"event_name":"Back to Basics","player_choice":"Simplicity","floor":27.0,"gold_loss":0.0,"damage_taken":0.0,"cards_upgraded":["Strike_R","Defend_R","Defend_R","Strike_G"]}],"is_beta":false,"boss_relics":[{"not_picked":["halation:SmartPhone","bronze:MakeshiftBattery"],"picked":"Replay:Ancient Bell"},{"not_picked":["Art of War","King of Hearts"],"picked":"War Paint"},{"not_picked":["hubris:DuctTape","hubris:DeckOfHolding"],"picked":"Chameleon Ring"},{"not_picked":["hubris:BundleOfHerbs","hubris:Teleporter"],"picked":"Peace Pipe"}],"items_purged_floors":[2,21],"is_endless":false,"potions_floor_spawned":[4,5,14,16,18,31],"killed_by":"conspire:MysteriousRune","ascension_level":20}}