{"host":"72n3jwtrlpjobydj","time":1613514592,"event":{"mods":["BaseMod","CapriCore","DeckTracker","Hermit","Koishi","KomeijiMod","Lobotomy","Marisa£¨Ùöéë¡¡Øª×âÞÞ£©","Minty Spire (QoL Compilation)","Permanent Neow","StSLib","SuperFastMode","The Cursed","The Hierophant","The Immortal"],"gold_per_floor":[115,129,6,81,97,129,129,159,209,59,59,59,75,90,90,90,90],"floor_reached":16,"language":"KOR","playtime":639,"items_purged":["Defend_R","Strike_R"],"score":110,"play_id":"3f31790b-4831-4947-985f-4e02ac1b5eac","local_time":"20210217072952","is_ascension_mode":false,"campfire_choices":[{"floor":7,"key":"REST"},{"floor":11,"key":"REST"},{"data":"Barricade","floor":15,"key":"SMITH"}],"circlet_count":0,"master_deck":["Strike_R","Strike_R","Strike_R","Strike_R","Defend_R","Defend_R","Defend_R","Bash","Wild Strike","Twin Strike","Barricade+1","True Grit","Body Slam"],"relics":["Burning Blood","Pantograph","MealTicket","Anchor","GremlinMask"],"acts_visited":["Exordium"],"potions_floor_usage":[2,6,6,13,16,16,16],"damage_taken":[{"damage":19,"enemies":"Small Slimes","floor":1,"turns":5},{"damage":3,"enemies":"Jaw Worm","floor":2,"turns":4},{"damage":1,"enemies":"Cultist","floor":5,"turns":3},{"damage":47,"enemies":"3 Sentries","floor":6,"turns":10},{"damage":44,"enemies":"Lagavulin","floor":8,"turns":8},{"damage":12,"enemies":"2 Fungi Beasts","floor":13,"turns":5},{"damage":0,"enemies":"Looter","floor":14,"turns":4},{"damage":94,"enemies":"The Guardian","floor":16,"turns":13}],"seed_played":"-4047483353133710140","potions_obtained":[{"floor":0,"key":"ColorlessPotion"},{"floor":0,"key":"ColorlessPotion"},{"floor":0,"key":"ColorlessPotion"},{"floor":5,"key":"LiquidMemories"},{"floor":6,"key":"SteroidPotion"},{"floor":8,"key":"Ancient Potion"},{"floor":14,"key":"Regen Potion"}],"is_trial":false,"path_per_floor":["M","M","$","?","M","E","R","E","T","$","R","?","M","M","R","B"],"character_chosen":"IRONCLAD","items_purchased":["Twin Strike","True Grit"],"campfire_rested":2,"item_purchase_floors":[3,10],"current_hp_per_floor":[67,70,70,59,64,23,47,9,9,24,48,48,42,48,48,0,0],"gold":90,"neow_bonus":"THREE_SMALL_POTIONS","is_daily":false,"chose_seed":false,"campfire_upgraded":1,"win_rate":0.0,"timestamp":1613514592,"path_taken":["M","M","$","?","M","E","R","E","T","$","R","?","M","?","R","BOSS"],"items_purchased_type":["Card","Card"],"build_version":"2020-12-22","purchased_purges":2,"victory":false,"max_hp_per_floor":[80,80,80,80,80,80,80,80,80,80,80,80,80,80,80,80,80],"card_choices":[{"not_picked":["Sword Boomerang","Hemokinesis"],"picked":"Wild Strike","floor":1},{"not_picked":["True Grit","Reckless Charge","Pummel"],"picked":"SKIP","floor":2},{"not_picked":["Iron Wave","Thunderclap","Burning Pact"],"picked":"SKIP","floor":5},{"not_picked":["Clothesline","Sword Boomerang"],"picked":"Barricade","floor":6},{"not_picked":["Sword Boomerang","Burning Pact","Flex"],"picked":"SKIP","floor":8},{"not_picked":["Headbutt","Spot Weakness","Warcry"],"picked":"SKIP","floor":13},{"not_picked":["True Grit","Flame Barrier"],"picked":"Body Slam","floor":14}],"player_experience":61281,"relics_obtained":[{"floor":6,"key":"Pantograph"},{"floor":8,"key":"MealTicket"},{"floor":9,"key":"Anchor"}],"event_choices":[{"damage_healed":0,"gold_gain":75,"player_choice":"Gather Gold","damage_taken":11,"max_hp_gain":0,"max_hp_loss":0,"event_name":"World of Goop","floor":4,"gold_loss":0},{"damage_healed":0,"gold_gain":0,"player_choice":"Trade","damage_taken":0,"relics_obtained":["GremlinMask"],"max_hp_gain":0,"max_hp_loss":0,"event_name":"FaceTrader","floor":12,"gold_loss":0}],"is_beta":false,"boss_relics":[],"items_purged_floors":[3,10],"is_endless":false,"potions_floor_spawned":[5,6,8,14],"killed_by":"The Guardian","ascension_level":0}}