{"host":"5h6e4l6hpn0p5lap","time":1613447029,"event":{"mods":["AchievementEnabler","BaseMod","Better Altar","Better Match","Better Sensory Stone","Better Skull","Better Third Choice","Colored Map","Filter the Spire","Minty Spire (QoL Compilation)","StSLib"],"gold_per_floor":[218,234,252,22,35,67,67,67,93,106,106,147,147,47,47,47,47],"floor_reached":16,"language":"ENG","playtime":555,"items_purged":["Strike_G","Strike_G"],"score":160,"play_id":"4225e1bf-92e1-4fc2-8753-bcdb46ac2d46","local_time":"20210215224349","is_ascension_mode":true,"campfire_choices":[{"floor":7,"key":"REST"},{"floor":11,"key":"REST"},{"floor":15,"key":"REST"}],"circlet_count":0,"master_deck":["Strike_G","Strike_G","Strike_G","Defend_G","Defend_G","Defend_G","Defend_G","Defend_G","Survivor","Neutralize","Blade Dance","Bane","Deadly Poison","Corpse Explosion","Phantasmal Killer","Deflect","Slice","Poisoned Stab"],"relics":["Ring of the Snake","Potion Belt","Golden Idol","Strawberry","Omamori"],"acts_visited":["Exordium"],"potions_floor_usage":[6,12,16],"damage_taken":[{"damage":6,"enemies":"Jaw Worm","floor":1,"turns":8},{"damage":4,"enemies":"2 Louse","floor":2,"turns":4},{"damage":0,"enemies":"Small Slimes","floor":3,"turns":3},{"damage":12,"enemies":"3 Louse","floor":5,"turns":3},{"damage":30,"enemies":"3 Sentries","floor":6,"turns":7},{"damage":4,"enemies":"2 Fungi Beasts","floor":10,"turns":3},{"damage":25,"enemies":"Lagavulin","floor":12,"turns":6},{"damage":56,"enemies":"Hexaghost","floor":16,"turns":9}],"seed_played":"-8953593684491124645","potions_obtained":[{"floor":2,"key":"Weak Potion"},{"floor":5,"key":"PowerPotion"},{"floor":12,"key":"Strength Potion"}],"is_trial":false,"path_per_floor":["M","M","M","$","M","E","R","?","T","M","R","E","?","$","R","B"],"character_chosen":"THE_SILENT","items_purchased":["Corpse Explosion"],"campfire_rested":3,"item_purchase_floors":[4],"current_hp_per_floor":[57,53,53,53,41,11,32,32,39,35,56,31,31,31,52,0,0],"gold":47,"neow_bonus":"HUNDRED_GOLD","is_daily":false,"chose_seed":false,"campfire_upgraded":0,"win_rate":0.0,"timestamp":1613447029,"path_taken":["M","M","M","$","M","E","R","?","T","M","R","E","?","$","R","BOSS"],"items_purchased_type":["Card"],"build_version":"2020-12-22","purchased_purges":2,"victory":false,"max_hp_per_floor":[70,70,70,70,70,70,70,65,72,72,72,72,72,72,72,72,72],"card_choices":[{"not_picked":["Outmaneuver","Tactician"],"picked":"Blade Dance","floor":1},{"not_picked":["PiercingWail","Underhanded Strike"],"picked":"Bane","floor":2},{"not_picked":["Flechettes","Choke"],"picked":"Deadly Poison","floor":3},{"not_picked":["Sucker Punch","Dash"],"picked":"Phantasmal Killer","floor":5},{"not_picked":["Flying Knee","Caltrops"],"picked":"Deflect","floor":6},{"not_picked":["Tactician","Bane"],"picked":"Slice","floor":10},{"not_picked":["Cloak And Dagger","Masterful Stab"],"picked":"Poisoned Stab","floor":12}],"player_experience":1123006,"relics_obtained":[{"floor":6,"key":"Potion Belt"},{"floor":9,"key":"Strawberry"},{"floor":12,"key":"Omamori"}],"event_choices":[{"damage_healed":0,"gold_gain":0,"player_choice":"Lose Max HP","damage_taken":0,"relics_obtained":["Golden Idol"],"max_hp_gain":0,"max_hp_loss":5,"event_name":"Golden Idol","floor":8,"gold_loss":0},{"damage_healed":0,"gold_gain":0,"player_choice":"Ignored","damage_taken":0,"max_hp_gain":0,"max_hp_loss":0,"event_name":"Golden Wing","floor":13,"gold_loss":0}],"is_beta":false,"boss_relics":[],"items_purged_floors":[4,14],"is_endless":false,"potions_floor_spawned":[2,5,12],"killed_by":"Hexaghost","ascension_level":9}}