{"host":"txhhdwa0hqfs4jhb","time":1613510461,"event":{"mods":["BaseMod","Better Third Choice","Filter the Spire","Minty Spire (QoL Compilation)","Relic Filter Mod","Relic Stats","Reliquary","StSLib","Thieving Mod"],"gold_per_floor":[117,131,1,20,20,45,62,91,136,136,150,184,202,227,227,328,328,338,338,129,129,59,93,121,121,121,121,153,153,55,55,55,182,182,194,209,222,222,37,5,65,83,108,125,125,159,159,174,174,174],"floor_reached":51,"language":"ENG","playtime":2635,"items_purged":[],"score":1535,"play_id":"a90546df-748c-4811-abd7-053da0a328a2","local_time":"20210216212101","is_ascension_mode":true,"campfire_choices":[{"floor":10.0,"key":"REST"},{"floor":15.0,"key":"REST"},{"floor":25,"key":"REST"},{"data":"Mind Blast","floor":27,"key":"SMITH"},{"data":"Scrawl","floor":29,"key":"SMITH"},{"data":"1","floor":32,"key":"LIFT"},{"data":"2","floor":47,"key":"LIFT"},{"data":"3","floor":49,"key":"LIFT"}],"circlet_count":0,"master_deck":["Strike_P","Strike_P","Strike_P","Defend_P","Defend_P","Defend_P","Defend_P","Vigilance","CutThroughFate","SashWhip+1","Mind Blast+1","EmptyMind","Conclude+1","Consecrate","WheelKick","DeusExMachina","CutThroughFate+1","EmptyFist+1","Devotion","Worship","LessonLearned+1","Wallop+1","Pray","ThirdEye","FearNoEvil","EmptyBody","FlurryOfBlows+1","ClearTheMind","Perseverance+1","Prostrate+1","FollowUp","Scrawl+1","Wallop","CrushJoints+1","Wish","CrushJoints","ThirdEye","FlurryOfBlows+1","Scrawl","Worship+1","FlurryOfBlows+1","Prostrate","MentalFortress","ForeignInfluence","TalkToTheHand+1","FlurryOfBlows+1","Clumsy","SashWhip+1","Madness","Madness","ForeignInfluence+1","DeceiveReality+1"],"relics":["Cursed Key","CloakClasp","reliquary:PartyBalloon","Blue Candle","Bronze Scales","Centennial Puzzle","reliquary:Firecrackers","reliquary:WritOfMandamus","Dead Branch","reliquary:TatteredRug","Orrery","reliquary:FerryPass","Pocketwatch","Red Mask","reliquary:Firecrackers","Mango","Orichalcum","Sling","Girya","betterThird:NestCultRelic","VioletLotus","Membership Card","Mummified Hand","HornCleat","Bag of Preparation","PreservedInsect","reliquary:Buckler","reliquary:NewFriend"],"acts_visited":["Exordium","TheCity","TheBeyond"],"potions_floor_usage":[30,33,50,50],"damage_taken":[{"damage":0.0,"enemies":"2 Louse","floor":1.0,"turns":4.0},{"damage":0.0,"enemies":"Cultist","floor":2.0,"turns":2.0},{"damage":0.0,"enemies":"Small Slimes","floor":4.0,"turns":2.0},{"damage":38.0,"enemies":"Lagavulin","floor":6.0,"turns":4.0},{"damage":7.0,"enemies":"Blue Slaver","floor":7.0,"turns":3.0},{"damage":8.0,"enemies":"Gremlin Nob","floor":8.0,"turns":3.0},{"damage":10.0,"enemies":"Looter","floor":11.0,"turns":3.0},{"damage":12.0,"enemies":"3 Sentries","floor":12.0,"turns":3.0},{"damage":1.0,"enemies":"Large Slime","floor":13.0,"turns":2.0},{"damage":1.0,"enemies":"Lagavulin","floor":14.0,"turns":2.0},{"damage":1.0,"enemies":"Slime Boss","floor":16.0,"turns":1.0},{"damage":35.0,"enemies":"3 Byrds","floor":18.0,"turns":4.0},{"damage":2,"enemies":"Gremlin Leader","floor":23,"turns":7},{"damage":8,"enemies":"Masked Bandits","floor":24,"turns":2},{"damage":12,"enemies":"Slavers","floor":28,"turns":4},{"damage":0,"enemies":"Automaton","floor":33,"turns":4},{"damage":3,"enemies":"3 Darklings","floor":35,"turns":3},{"damage":2,"enemies":"Orb Walker","floor":36,"turns":4},{"damage":0,"enemies":"Jaw Worm Horde","floor":37,"turns":2},{"damage":0,"enemies":"Nemesis","floor":41,"turns":3},{"damage":2,"enemies":"Writhing Mass","floor":42,"turns":3},{"damage":6,"enemies":"Sphere and 2 Shapes","floor":44,"turns":2},{"damage":8,"enemies":"Reptomancer","floor":46,"turns":2},{"damage":0,"enemies":"3 Darklings","floor":48,"turns":3},{"damage":15,"enemies":"Donu and Deca","floor":50,"turns":4}],"seed_played":"-4188896589371599117","potions_obtained":[{"floor":1.0,"key":"Regen Potion"},{"floor":2.0,"key":"BlessingOfTheForge"},{"floor":5.0,"key":"FairyPotion"},{"floor":5.0,"key":"CultistPotion"},{"floor":12.0,"key":"EssenceOfSteel"},{"floor":14.0,"key":"Ambrosia"},{"floor":24,"key":"FearPotion"},{"floor":33,"key":"SpeedPotion"},{"floor":37,"key":"EssenceOfSteel"},{"floor":41,"key":"PowerPotion"},{"floor":42,"key":"Regen Potion"},{"floor":44,"key":"Explosive Potion"}],"is_trial":false,"path_per_floor":["M","M","$","M","?","E","M","E","T","R","M","E","M","E","R","B",null,"M","?","$","?","$","E","?","R","T","R","E","R","$","?","R","B",null,"M","M","M","?","$","$","E","M","T","M","?","E","R","M","R","B",null],"character_chosen":"WATCHER","items_purchased":["Mind Blast","EmptyMind","reliquary:TatteredRug","FearNoEvil","EmptyBody","Orrery","Strength Potion","AttackPotion","Scrawl","ThievingMod:ThievingPotion","Membership Card","Mummified Hand","MentalFortress","DistilledChaos","DuplicationPotion","DistilledChaos","HornCleat","Dexterity Potion","AttackPotion","Explosive Potion","Bag of Preparation","ForeignInfluence"],"campfire_rested":3,"item_purchase_floors":[3,3,20,20,20,20,20,20,22,30,39,39,39,39,39,39,39,40,40,40,40,40],"current_hp_per_floor":[65,65,65,65,65,27,20,21,21,42,32,20,19,18,39,38,64,29,29,29,29,29,27,19,40,40,40,42,42,42,42,42,42,75,72,70,70,70,70,70,70,68,68,62,52,44,44,44,44,41],"gold":174,"neow_bonus":"BOSS_RELIC","is_daily":false,"chose_seed":false,"campfire_upgraded":2,"win_rate":0.0,"timestamp":1613510461,"path_taken":["M","M","$","M","?","E","M","E","T","R","M","E","?","E","R","BOSS","M","?","$","?","$","E","?","R","T","R","E","R","$","?","R","BOSS","M","M","M","?","?","$","E","M","T","?","?","E","R","M","R","BOSS"],"items_purchased_type":["Card","Card","Relic","Card","Card","Relic","Potion","Potion","Card","Potion","Relic","Relic","Card","Potion","Potion","Potion","Relic","Potion","Potion","Potion","Relic","Card"],"build_version":"2020-12-22","purchased_purges":0,"victory":true,"max_hp_per_floor":[72,72,72,72,72,72,72,72,72,72,72,72,72,72,72,72,72,72,72,72,72,72,72,72,72,72,72,86,86,86,86,86,86,86,86,86,86,83,83,83,83,83,83,83,83,83,83,83,83,83],"relic_stats":{"counters":[25,76],"Blue Candle":[8],"Dead Branch":[181],"PreservedInsect":61,"CloakClasp":[165],"Bag of Preparation":[0],"Orichalcum":[24],"Cursed Key":3,"Centennial Puzzle":[37],"Mummified Hand":[30],"Bronze Scales":[149],"VioletLotus":[5],"obtain_stats":[{"reliquary:PartyBalloon":6,"reliquary:Firecrackers":14,"Mango":28,"CloakClasp":3,"Bag of Preparation":40,"Cursed Key":0,"Sling":30,"reliquary:FerryPass":22,"Centennial Puzzle":12,"HornCleat":39,"Mummified Hand":39,"reliquary:Buckler":43,"reliquary:NewFriend":46,"VioletLotus":34,"Red Mask":24,"Girya":30,"Blue Candle":8,"Dead Branch":20,"reliquary:TatteredRug":20,"betterThird:NestCultRelic":31,"PreservedInsect":41,"Orichalcum":30,"Bronze Scales":9,"Orrery":20,"reliquary:SculptingSteel":26,"Membership Card":39,"PureWater":0,"reliquary:WritOfMandamus":17,"Pocketwatch":23},{"reliquary:PartyBalloon":4,"reliquary:Firecrackers":10,"Mango":15,"CloakClasp":2,"Bag of Preparation":19,"Cursed Key":0,"Sling":15,"reliquary:FerryPass":12,"Centennial Puzzle":8,"HornCleat":19,"Mummified Hand":19,"reliquary:Buckler":21,"reliquary:NewFriend":23,"VioletLotus":16,"Red Mask":14,"Girya":15,"Blue Candle":6,"Dead Branch":12,"reliquary:TatteredRug":12,"betterThird:NestCultRelic":15,"PreservedInsect":20,"Orichalcum":15,"Bronze Scales":6,"Orrery":12,"reliquary:SculptingSteel":14,"Membership Card":19,"PureWater":0,"reliquary:WritOfMandamus":11,"Pocketwatch":13},{"reliquary:PartyBalloon":12,"reliquary:Firecrackers":28,"Mango":46,"CloakClasp":6,"Bag of Preparation":59,"Cursed Key":0,"Sling":46,"reliquary:FerryPass":33,"Centennial Puzzle":24,"HornCleat":59,"Mummified Hand":59,"reliquary:Buckler":65,"reliquary:NewFriend":69,"VioletLotus":50,"Red Mask":42,"Girya":46,"Blue Candle":18,"Dead Branch":33,"reliquary:TatteredRug":33,"betterThird:NestCultRelic":46,"PreservedInsect":62,"Orichalcum":46,"Bronze Scales":18,"Orrery":33,"reliquary:SculptingSteel":42,"Membership Card":59,"PureWater":0,"reliquary:WritOfMandamus":29,"Pocketwatch":40}],"Pocketwatch":[0]},"card_choices":[{"not_picked":["Indignation","MentalFortress"],"picked":"CutThroughFate","floor":1.0},{"not_picked":["Evaluate","WindmillStrike"],"picked":"SashWhip","floor":2.0},{"not_picked":["Halt","Worship"],"picked":"Conclude","floor":4.0},{"not_picked":["Blasphemy","Worship"],"picked":"Consecrate","floor":6.0},{"not_picked":["Crescendo","Consecrate"],"picked":"WheelKick","floor":7.0},{"not_picked":["SignatureMove","Prostrate"],"picked":"DeusExMachina","floor":8.0},{"not_picked":["Halt","Meditate"],"picked":"CutThroughFate","floor":11.0},{"not_picked":["SashWhip","JustLucky"],"picked":"EmptyFist","floor":12.0},{"not_picked":["SashWhip","FlyingSleeves"],"picked":"Devotion","floor":13.0},{"not_picked":["Crescendo","Indignation"],"picked":"Worship","floor":14.0},{"not_picked":["DevaForm","Wish"],"picked":"LessonLearned","floor":16.0},{"not_picked":["Halt","CarveReality"],"picked":"Wallop","floor":18.0},{"not_picked":["ClearTheMind","BowlingBash"],"picked":"FlurryOfBlows+1","floor":20.0},{"not_picked":["BattleHymn","JustLucky"],"picked":"ClearTheMind","floor":20.0},{"not_picked":["Conclude","PathToVictory"],"picked":"Perseverance+1","floor":20.0},{"not_picked":["Nirvana","CutThroughFate"],"picked":"Prostrate+1","floor":20.0},{"not_picked":["PathToVictory","BattleHymn"],"picked":"FollowUp","floor":20.0},{"not_picked":["PathToVictory+1","Prostrate"],"picked":"Wallop","floor":23},{"not_picked":["FollowUp","Halt"],"picked":"CrushJoints+1","floor":24},{"not_picked":["WreathOfFlame+1","ReachHeaven"],"picked":"Wish","floor":28},{"not_picked":["Omniscience","Devotion"],"picked":"Scrawl","floor":33},{"not_picked":["ThirdEye","FlyingSleeves+1"],"picked":"Worship+1","floor":35},{"not_picked":["WaveOfTheHand+1","PathToVictory+1"],"picked":"FlurryOfBlows+1","floor":36},{"not_picked":["JustLucky","Nirvana"],"picked":"Prostrate","floor":37},{"not_picked":["LikeWater","Study"],"picked":"TalkToTheHand+1","floor":41},{"not_picked":["Consecrate","ClearTheMind"],"picked":"FlurryOfBlows+1","floor":42},{"not_picked":["Consecrate","Indignation"],"picked":"SashWhip+1","floor":44},{"not_picked":["JustLucky+1","WreathOfFlame+1"],"picked":"ForeignInfluence+1","floor":46},{"not_picked":["Prostrate","LessonLearned"],"picked":"DeceiveReality+1","floor":48}],"player_experience":316931,"relics_obtained":[{"floor":6.0,"key":"reliquary:PartyBalloon"},{"floor":8.0,"key":"Blue Candle"},{"floor":9.0,"key":"Bronze Scales"},{"floor":12.0,"key":"Centennial Puzzle"},{"floor":14.0,"key":"reliquary:Firecrackers"},{"floor":23,"key":"Pocketwatch"},{"floor":24,"key":"Red Mask"},{"floor":26,"key":"reliquary:SculptingSteel"},{"floor":28,"key":"Mango"},{"floor":41,"key":"PreservedInsect"},{"floor":43,"key":"reliquary:Buckler"},{"floor":46,"key":"reliquary:NewFriend"}],"event_choices":[{"damage_healed":0.0,"max_hp_gain":0.0,"max_hp_loss":0.0,"gold_gain":0.0,"event_name":"Lab","player_choice":"Got Potions","floor":5.0,"gold_loss":0.0,"damage_taken":0.0},{"damage_healed":0.0,"max_hp_gain":0.0,"max_hp_loss":0.0,"gold_gain":0.0,"cards_transformed":["Eruption","Strike_P"],"event_name":"Drug Dealer","player_choice":"Became Test Subject","floor":19.0,"gold_loss":0.0,"damage_taken":0.0,"cards_obtained":["Pray","ThirdEye"]},{"damage_healed":0.0,"max_hp_gain":0.0,"max_hp_loss":0.0,"gold_gain":0.0,"event_name":"Forgotten Altar","player_choice":"Smashed Altar","floor":21.0,"gold_loss":0.0,"damage_taken":0.0,"cards_obtained":["Decay"]},{"damage_healed":0,"gold_gain":0,"player_choice":"Fought Bandits","damage_taken":0,"max_hp_gain":0,"max_hp_loss":0,"event_name":"Masked Bandits","floor":24,"gold_loss":0},{"damage_healed":0,"gold_gain":0,"player_choice":"Madness","damage_taken":0,"relics_obtained":["betterThird:NestCultRelic"],"max_hp_gain":0,"max_hp_loss":0,"event_name":"betterThird:BetterNest","floor":31,"gold_loss":0},{"cards_removed":["Injury","Decay","Parasite"],"damage_healed":0,"gold_gain":0,"player_choice":"Removed Curses","damage_taken":0,"max_hp_gain":0,"max_hp_loss":0,"event_name":"Fountain of Cleansing","floor":38,"gold_loss":0},{"damage_healed":0,"gold_gain":0,"player_choice":"Embrace Madness","damage_taken":10,"max_hp_gain":0,"max_hp_loss":0,"event_name":"Winding Halls","floor":45,"gold_loss":0,"cards_obtained":["Madness","Madness"]}],"is_beta":false,"boss_relics":[{"not_picked":["Fusion Hammer","SlaversCollar"],"picked":"reliquary:WritOfMandamus"},{"not_picked":["Astrolabe","Sozu"],"picked":"VioletLotus"}],"items_purged_floors":[],"is_endless":false,"potions_floor_spawned":[1,2,12,13,14,24,33,37,41,42,44,48],"ascension_level":9}}