{"host":"Jedit","time":1613511937,"event":{"mods":["BaseMod","Minty Spire (QoL Compilation)","Relic Stats","StSLib"],"gold_per_floor":[119,138,154,154,29,64,75,101,101,128,93,105,105,119,119,192,192,202,202,221,233,40,75,75,75,75,75,103,115,115,115],"floor_reached":30,"language":"ENG","playtime":1527,"items_purged":["Pain","Writhe"],"score":680,"play_id":"66713377-31ec-43fa-8ed8-81f69887b5cb","local_time":"20210216214537","is_ascension_mode":true,"campfire_choices":[{"data":"Malaise","floor":13.0,"key":"SMITH"},{"data":"Footwork","floor":15.0,"key":"SMITH"},{"data":"Burst","floor":24.0,"key":"SMITH"},{"data":"Dagger Spray","floor":27.0,"key":"SMITH"}],"circlet_count":0,"master_deck":["AscendersBane","Strike_G","Strike_G","Strike_G","Strike_G","Defend_G","Defend_G","Defend_G","Defend_G","Defend_G","Survivor","Neutralize","Sucker Punch","Footwork+1","Malaise+1","Poisoned Stab","Dodge and Roll","Cloak And Dagger","Blur","Slice","Leg Sweep","Dodge and Roll","Burst+1","Finisher","Footwork+1","Caltrops","Bouncing Flask","Dagger Spray+1","Distraction","Expertise","Caltrops","Dodge and Roll+1","Poisoned Stab"],"relics":["Ring of the Snake","NeowsBlessing","WarpedTongs","CaptainsWheel","MealTicket","White Beast Statue","Coffee Dripper","Bronze Scales","The Courier","InkBottle","Prayer Wheel"],"acts_visited":["Exordium","TheCity"],"potions_floor_usage":[30],"damage_taken":[{"damage":0.0,"enemies":"Cultist","floor":1.0,"turns":1.0},{"damage":0.0,"enemies":"Small Slimes","floor":2.0,"turns":1.0},{"damage":0.0,"enemies":"Jaw Worm","floor":3.0,"turns":1.0},{"damage":28.0,"enemies":"Gremlin Nob","floor":6.0,"turns":5.0},{"damage":0.0,"enemies":"Large Slime","floor":7.0,"turns":9.0},{"damage":0.0,"enemies":"Lagavulin","floor":8.0,"turns":9.0},{"damage":26.0,"enemies":"Gremlin Nob","floor":10.0,"turns":6.0},{"damage":3.0,"enemies":"2 Fungi Beasts","floor":12.0,"turns":4.0},{"damage":0.0,"enemies":"Gremlin Gang","floor":14.0,"turns":8.0},{"damage":13.0,"enemies":"Hexaghost","floor":16.0,"turns":21.0},{"damage":7.0,"enemies":"Chosen","floor":18.0,"turns":9.0},{"damage":10.0,"enemies":"3 Byrds","floor":20.0,"turns":4.0},{"damage":0.0,"enemies":"Centurion and Healer","floor":21.0,"turns":12.0},{"damage":20.0,"enemies":"Gremlin Leader","floor":23.0,"turns":8.0},{"damage":0.0,"enemies":"Book of Stabbing","floor":28.0,"turns":5.0},{"damage":14.0,"enemies":"Shelled Parasite and Fungi","floor":29.0,"turns":8.0},{"damage":4,"enemies":"Slavers","floor":30,"turns":4}],"seed_played":"-7880349260912343766","potions_obtained":[{"floor":2.0,"key":"SneckoOil"},{"floor":8.0,"key":"SpeedPotion"},{"floor":12.0,"key":"FearPotion"},{"floor":16.0,"key":"Weak Potion"},{"floor":18.0,"key":"CunningPotion"},{"floor":21.0,"key":"Dexterity Potion"},{"floor":23.0,"key":"Poison Potion"},{"floor":28.0,"key":"Dexterity Potion"},{"floor":29.0,"key":"Fruit Juice"}],"is_trial":false,"path_per_floor":["M","M","M","?","$","E","M","E","T","E","?","M","R","M","R","B",null,"M","?","M","M","$","E","R","?","T","R","E","M","E"],"character_chosen":"THE_SILENT","items_purchased":["Poisoned Stab","Bouncing Flask","Dagger Spray"],"campfire_rested":0,"item_purchase_floors":[5,22,22],"current_hp_per_floor":[59,59,59,59,59,31,31,31,31,5,21,18,18,18,18,5,51,44,44,34,34,49,29,29,29,29,29,29,20,16,16],"gold":115,"neow_bonus":"THREE_ENEMY_KILL","is_daily":false,"chose_seed":false,"campfire_upgraded":4,"win_rate":0.0,"timestamp":1613511937,"path_taken":["M","M","?","?","$","E","?","E","T","E","?","M","R","M","R","BOSS","M","?","M","M","$","E","R","?","T","R","E","?","E"],"items_purchased_type":["Card","Card","Card"],"build_version":"2020-12-18","purchased_purges":2,"victory":false,"max_hp_per_floor":[66,66,66,66,66,66,66,66,66,66,66,66,66,66,66,66,66,66,66,66,66,66,66,66,66,66,66,66,71,71,71],"relic_stats":{"counters":[17,115],"Bronze Scales":[185],"MealTicket":15,"Prayer Wheel":1,"obtain_stats":[{"CaptainsWheel":6,"NeowsBlessing":0,"Bronze Scales":19,"MealTicket":8,"Prayer Wheel":28,"The Courier":23,"Coffee Dripper":17,"White Beast Statue":10,"InkBottle":26,"Ring of the Snake":0,"WarpedTongs":4},{"CaptainsWheel":4,"NeowsBlessing":0,"Bronze Scales":11,"MealTicket":6,"Prayer Wheel":15,"The Courier":14,"Coffee Dripper":10,"White Beast Statue":7,"InkBottle":14,"Ring of the Snake":0,"WarpedTongs":3},{"CaptainsWheel":8,"NeowsBlessing":0,"Bronze Scales":74,"MealTicket":26,"Prayer Wheel":103,"The Courier":98,"Coffee Dripper":65,"White Beast Statue":32,"InkBottle":98,"Ring of the Snake":0,"WarpedTongs":3}],"InkBottle":[7],"Ring of the Snake":[34],"WarpedTongs":[111]},"card_choices":[{"not_picked":["Cloak And Dagger","Slice"],"picked":"Sucker Punch","floor":1.0},{"not_picked":["Acrobatics","Flying Knee"],"picked":"Footwork","floor":2.0},{"not_picked":["Poisoned Stab","Underhanded Strike"],"picked":"Malaise","floor":3.0},{"not_picked":["Flying Knee","Outmaneuver"],"picked":"Dodge and Roll","floor":6.0},{"not_picked":["Dagger Throw","Expertise"],"picked":"Cloak And Dagger","floor":7.0},{"not_picked":["Storm of Steel","Flying Knee"],"picked":"Blur","floor":8.0},{"not_picked":["Outmaneuver","Flying Knee"],"picked":"Slice","floor":10.0},{"not_picked":["Noxious Fumes","Outmaneuver"],"picked":"Leg Sweep","floor":12.0},{"not_picked":["Backflip","Flying Knee"],"picked":"Dodge and Roll","floor":14.0},{"not_picked":["Adrenaline","Tools of the Trade"],"picked":"Burst","floor":16.0},{"not_picked":["Outmaneuver","Distraction"],"picked":"Finisher","floor":18.0},{"not_picked":["PiercingWail","Prepared"],"picked":"Footwork+1","floor":20.0},{"not_picked":["Dagger Throw","Expertise"],"picked":"Caltrops","floor":21.0},{"not_picked":["Deadly Poison","Predator"],"picked":"Distraction","floor":23.0},{"not_picked":["Setup","Slice"],"picked":"Caltrops","floor":28.0},{"not_picked":["Grand Finale","Deadly Poison"],"picked":"Dodge and Roll+1","floor":29.0},{"not_picked":["Deflect","Underhanded Strike+1"],"picked":"Poisoned Stab","floor":29.0}],"player_experience":3484438,"relics_obtained":[{"floor":6.0,"key":"CaptainsWheel"},{"floor":8.0,"key":"MealTicket"},{"floor":10.0,"key":"White Beast Statue"},{"floor":23.0,"key":"The Courier"},{"floor":26.0,"key":"InkBottle"},{"floor":28.0,"key":"Prayer Wheel"}],"event_choices":[{"damage_healed":0.0,"max_hp_gain":0.0,"max_hp_loss":0.0,"gold_gain":0.0,"event_name":"Accursed Blacksmith","player_choice":"Rummage","floor":4.0,"gold_loss":0.0,"damage_taken":0.0,"relics_obtained":["WarpedTongs"],"cards_obtained":["Pain"]},{"damage_healed":16.0,"max_hp_gain":0.0,"max_hp_loss":0.0,"gold_gain":0.0,"event_name":"The Cleric","player_choice":"Healed","floor":11.0,"gold_loss":35.0,"damage_taken":0.0},{"damage_healed":0.0,"max_hp_gain":0.0,"max_hp_loss":0.0,"gold_gain":0.0,"event_name":"The Mausoleum","player_choice":"Opened","floor":19.0,"gold_loss":0.0,"damage_taken":0.0,"relics_obtained":["Bronze Scales"],"cards_obtained":["Writhe"]},{"damage_healed":0.0,"max_hp_gain":0.0,"max_hp_loss":0.0,"gold_gain":0.0,"cards_transformed":["Strike_G"],"event_name":"Transmorgrifier","player_choice":"Transformed","floor":25.0,"gold_loss":0.0,"damage_taken":0.0,"cards_obtained":["Expertise"]}],"is_beta":true,"boss_relics":[{"not_picked":["Sozu","SlaversCollar"],"picked":"Coffee Dripper"}],"items_purged_floors":[5,22],"is_endless":false,"potions_floor_spawned":[2,8,12,14,16,18,20,21,23,28,29],"killed_by":"Slavers","ascension_level":20}}