{"host":"w4ub8crw9ou4a5am","time":1613506469,"event":{"mods":["2.2 Compatiblity","BaseMod","Challenge The Spire","Colored Powertips","Hermit","Hubris","Jorbs\u0027s Wanderer Trilogy","KinomotoSakuraMod(????)","Koishi","Marisa????????","Minty Spire (QoL Compilation)","Quick Restart","Rare Cards Sparkle","Remilia??????","StSLib","The Administrix","The Animator","The Bug Knight","The Cursed","The Disciple","The Hierophant","The Jungle","The Marked","The Necromancer","The Senshi","The Servant 0.9.4","WarShipGirlsR/????R mod"],"gold_per_floor":[112,212,222,232,87,114,127,138,190,190,217,235,235,253,253,354,354,374,390,405,115,115,115,145,145,168,168,178,192,192,142,142,243,243,262,8,27,38,38,68,68,85,110,137,137,137,166,184,184,184,184,184,9,38,38,38],"floor_reached":55,"language":"ENG","playtime":5826,"items_purged":[],"score":838,"play_id":"7ab30a2a-ded7-465a-8c69-f461fdd9f727","local_time":"20210216151429","is_ascension_mode":false,"campfire_choices":[{"floor":10,"key":"RECALL"},{"floor":15,"key":"REST"},{"floor":23,"key":"REST"},{"floor":32,"key":"REST"},{"floor":41,"key":"REST"},{"floor":45,"key":"REST"},{"floor":49,"key":"REST"},{"data":"TheCursedMod:VoidForm","floor":52,"key":"SMITH"}],"circlet_count":0,"master_deck":["TheCursedMod:Strike_TheCursed","TheCursedMod:Strike_TheCursed","TheCursedMod:Strike_TheCursed+1","TheCursedMod:Strike_TheCursed","TheCursedMod:Defend_TheCursed","TheCursedMod:Defend_TheCursed","TheCursedMod:Defend_TheCursed","TheCursedMod:Defend_TheCursed","TheCursedMod:CursedWand","TheCursedMod:CleanUpWorkshop","TheCursedMod:AbyssShockwave","TheCursedMod:Stretching","TheCursedMod:WearCloak","TheCursedMod:LuckyCharm","TheCursedMod:LuckyCharm+1","TheCursedMod:SpitefulPray","TheCursedMod:SpitefulPlan","TheCursedMod:SpitefulStrike","TheCursedMod:CursedBlade","TheCursedMod:CircleOfFlame","TheCursedMod:AntiAging","TheCursedMod:Obscuration+1","TheCursedMod:VitalStrike","TheCursedMod:CursedStaff","Dramatic Entrance","Panache","TheCursedMod:ForbiddenAlchemy","TheCursedMod:Hemoplague","TheCursedMod:SoulReap","TheCursedMod:ParallelWorld","TheCursedMod:SmokeScreen","TheCursedMod:HellfireBreathing","TheCursedMod:Torture","TheCursedMod:ManaBullet","TheCursedMod:CursedShiv+1","TheCursedMod:VitalStrike","TheCursedMod:CircleOfAbyss","TheCursedMod:TacticalStrike+1","TheCursedMod:VoidForm+1","TheCursedMod:CursedShiv+1","TheCursedMod:Wield+1"],"relics":["TheCursedMod:BlackMagic101","Orichalcum","AntiCross","Akabeko","Peace Pipe","Busted Crown","TheCursedMod:CrystalBall","theJungle:SpiritDisease","Spirit Poop","SlaversCollar","Membership Card","Blood Vial","Bottled Flame","hubris:DeckOfHolding","hubris:Towel","Mango","Lee\u0027s Waffle","Art of War","hubris:PeanutButter"],"acts_visited":["Exordium","Exordium","TheBeyond","TheEnding"],"potions_floor_usage":[6,6,6,6,16,18,29,33,33,37,38,38,38,38,38,38,38,40,40,47,50,50,54,54,54,55,55],"damage_taken":[{"damage":0,"enemies":"2 Louse","floor":1,"turns":2},{"damage":1,"enemies":"Cultist","floor":3,"turns":4},{"damage":9,"enemies":"Jaw Worm","floor":4,"turns":4},{"damage":5,"enemies":"3 Sentries","floor":6,"turns":7},{"damage":1,"enemies":"Blue Slaver","floor":7,"turns":4},{"damage":0,"enemies":"Exordium Thugs","floor":8,"turns":2},{"damage":3,"enemies":"HollowMod:MossKnight","floor":11,"turns":5},{"damage":8,"enemies":"Looter","floor":12,"turns":3},{"damage":0,"enemies":"Gremlin Gang","floor":14,"turns":3},{"damage":9,"enemies":"The Guardian","floor":16,"turns":6},{"damage":11,"enemies":"theJungle:Flameango_and_Byrd","floor":18,"turns":3},{"damage":7,"enemies":"theJungle:MUSHROOMGANG","floor":19,"turns":2},{"damage":5,"enemies":"theJungle:Snecko_Cultist_And_Trap","floor":20,"turns":3},{"damage":0,"enemies":"theJungle:2_Phrogs","floor":24,"turns":5},{"damage":19,"enemies":"theJungle:SlimyTreeVines","floor":28,"turns":5},{"damage":21,"enemies":"theJungle:JungleHuntersEncounter","floor":29,"turns":3},{"damage":45,"enemies":"theJungle:FunGuy","floor":33,"turns":10},{"damage":21,"enemies":"3 Shapes","floor":35,"turns":3},{"damage":18,"enemies":"Orb Walker","floor":37,"turns":4},{"damage":9,"enemies":"Transient","floor":38,"turns":5},{"damage":46,"enemies":"Nemesis","floor":40,"turns":5},{"damage":13,"enemies":"3 Darklings","floor":42,"turns":4},{"damage":17,"enemies":"HollowMod:StalkingDevout","floor":44,"turns":6},{"damage":43,"enemies":"Reptomancer","floor":47,"turns":5},{"damage":18,"enemies":"4 Shapes","floor":48,"turns":1},{"damage":54,"enemies":"hubris:GrandSnecko","floor":50,"turns":9},{"damage":59,"enemies":"Shield and Spear","floor":54,"turns":6},{"damage":107,"enemies":"The Heart","floor":55,"turns":6}],"seed_played":"8663998359498079540","potions_obtained":[{"floor":1,"key":"AttackPotion"},{"floor":4,"key":"EntropicBrew"},{"floor":6,"key":"Weak Potion"},{"floor":8,"key":"LiquidMemories"},{"floor":16,"key":"Energy Potion"},{"floor":18,"key":"PowerPotion"},{"floor":29,"key":"ColorlessPotion"},{"floor":35,"key":"FearPotion"},{"floor":38,"key":"Swift Potion"},{"floor":40,"key":"DuplicationPotion"},{"floor":42,"key":"Fire Potion"},{"floor":48,"key":"Block Potion"}],"is_trial":false,"path_per_floor":["M","?","M","M","$","E","M","M","T","R","E","M","?","M","R","B",null,"M","M","M","$","?","R","E","?","T","?","M","M","?","?","R","B",null,"M","$","M","M","?","E","R","M","T","E","R","?","E","M","R","B",null,"R","$","E","B"],"character_chosen":"THE_CURSED","items_purchased":["TheCursedMod:LuckyCharm","TheCursedMod:Neurasthenia","TheCursedMod:CursedStaff","Dramatic Entrance","Panache","Membership Card","TheCursedMod:HellfireBreathing","TheCursedMod:Torture","TheCursedMod:ManaBullet","ColorlessPotion","Lee\u0027s Waffle","Art of War","SteroidPotion"],"campfire_rested":6,"item_purchase_floors":[5,5,21,21,21,36,36,36,36,36,53,53,53],"current_hp_per_floor":[75,75,74,65,65,60,59,59,59,59,56,48,33,33,55,46,75,64,57,54,54,38,61,63,63,63,58,47,28,31,31,58,30,93,83,83,67,80,80,37,66,55,55,51,80,80,60,44,77,36,113,113,120,84,0,0],"gold":38,"neow_bonus":"RANDOM_COMMON_RELIC","is_daily":false,"chose_seed":false,"campfire_upgraded":1,"win_rate":0.0,"timestamp":1613506469,"path_taken":["M","?","?","M","$","E","M","M","T","R","E","M","?","M","R","BOSS","M","M","M","$","?","R","E","?","T","?","M","M","?","?","R","BOSS","M","$","M","M","?","E","R","?","T","E","R","?","E","M","R","BOSS","R","$","E","BOSS"],"items_purchased_type":["Card","Card","Card","Card","Card","Relic","Card","Card","Card","Potion","Relic","Relic","Potion"],"build_version":"2020-12-22","purchased_purges":0,"victory":false,"max_hp_per_floor":[75,75,75,75,75,75,75,75,75,75,75,75,75,75,75,75,75,75,75,77,77,77,77,79,79,79,84,86,88,91,91,91,93,93,95,95,97,97,97,97,97,97,97,97,97,97,111,111,111,113,113,113,120,122,124,124],"card_choices":[{"not_picked":["TheCursedMod:ManaBullet","TheCursedMod:CircleOfAmplification"],"picked":"TheCursedMod:AbyssShockwave","floor":1},{"not_picked":["TheCursedMod:AshesToAshes","TheCursedMod:TacticalStrike"],"picked":"TheCursedMod:Stretching","floor":3},{"not_picked":["TheCursedMod:CircleOfWindfury","TheCursedMod:VitalStrike"],"picked":"TheCursedMod:WearCloak","floor":4},{"not_picked":["TheCursedMod:SmokeScreen","TheCursedMod:Stretching"],"picked":"TheCursedMod:LuckyCharm","floor":6},{"not_picked":["TheCursedMod:SmokeScreen","TheCursedMod:CircleOfFocus"],"picked":"TheCursedMod:SpitefulPray","floor":7},{"not_picked":["TheCursedMod:RavingStaff","TheCursedMod:Wield"],"picked":"TheCursedMod:SpitefulPlan","floor":8},{"not_picked":["TheCursedMod:RapidMovement","TheCursedMod:UltimatePain"],"picked":"TheCursedMod:SpitefulStrike","floor":11},{"not_picked":["TheCursedMod:SurpriseAttack","TheCursedMod:SpitefulStrike"],"picked":"TheCursedMod:CursedBlade","floor":12},{"not_picked":["TheCursedMod:WearCloak","TheCursedMod:CircleOfAmplification"],"picked":"TheCursedMod:CircleOfFlame","floor":14},{"not_picked":["TheCursedMod:Neurasthenia","TheCursedMod:ForbiddenAlchemy"],"picked":"TheCursedMod:AntiAging","floor":16},{"not_picked":[],"picked":"TheCursedMod:PrepareRite","floor":18},{"not_picked":[],"picked":"TheCursedMod:Obscuration+1","floor":19},{"not_picked":[],"picked":"TheCursedMod:VitalStrike","floor":20},{"not_picked":[],"picked":"TheCursedMod:ForbiddenAlchemy","floor":24},{"not_picked":[],"picked":"TheCursedMod:Hemoplague","floor":28},{"not_picked":[],"picked":"TheCursedMod:SoulReap","floor":29},{"not_picked":[],"picked":"TheCursedMod:ParallelWorld","floor":33},{"not_picked":[],"picked":"TheCursedMod:SmokeScreen","floor":35},{"not_picked":[],"picked":"TheCursedMod:CursedShiv+1","floor":37},{"not_picked":[],"picked":"TheCursedMod:VitalStrike","floor":38},{"not_picked":[],"picked":"TheCursedMod:CircleOfAbyss","floor":40},{"not_picked":[],"picked":"TheCursedMod:TacticalStrike+1","floor":42},{"not_picked":[],"picked":"TheCursedMod:VoidForm","floor":44},{"not_picked":[],"picked":"TheCursedMod:CursedShiv+1","floor":47},{"not_picked":["TheCursedMod:SoulCrush"],"picked":"SKIP","floor":48},{"not_picked":[],"picked":"TheCursedMod:Wield+1","floor":54}],"player_experience":1728511,"relics_obtained":[{"floor":6,"key":"AntiCross"},{"floor":9,"key":"Akabeko"},{"floor":11,"key":"Peace Pipe"},{"floor":24,"key":"TheCursedMod:CrystalBall"},{"floor":26,"key":"Spirit Poop"},{"floor":40,"key":"Bottled Flame"},{"floor":44,"key":"hubris:DeckOfHolding"},{"floor":47,"key":"Mango"},{"floor":54,"key":"hubris:PeanutButter"}],"event_choices":[{"damage_healed":0,"gold_gain":100,"player_choice":"Gold","damage_taken":0,"max_hp_gain":0,"max_hp_loss":0,"event_name":"Wheel of Change","floor":2,"gold_loss":0},{"damage_healed":0,"gold_gain":0,"player_choice":"Entered Light","damage_taken":15,"max_hp_gain":0,"max_hp_loss":0,"event_name":"Shining Light","floor":13,"gold_loss":0,"cards_upgraded":["TheCursedMod:LuckyCharm","TheCursedMod:Strike_TheCursed"]},{"damage_healed":0,"gold_gain":0,"player_choice":"Gave Potion","damage_taken":0,"relics_obtained":["Blood Vial"],"max_hp_gain":0,"max_hp_loss":0,"event_name":"WeMeetAgain","floor":39,"gold_loss":0}],"is_beta":false,"boss_relics":[{"not_picked":["hubris:ScarierMask","Snecko Eye"],"picked":"Busted Crown"},{"not_picked":["Runic Pyramid","Velvet Choker"],"picked":"SlaversCollar"}],"items_purged_floors":[],"is_endless":false,"potions_floor_spawned":[1,4,6,8,14,16,18,19,29,35,38,40,42,48],"killed_by":"The Heart","ascension_level":0}}