{"host":"9l1knhxfturzliqa","time":1613450256,"event":{"mods":["AchievementEnabler","BaseMod","Colored Map","Colored Powertips","DeckTracker","Highlight Path","Keyboard Shortcuts","Minty Spire (QoL Compilation)","Random Character Button"],"gold_per_floor":[119,135,148,160,175,175,175,175,175,207,223,235,250,250,250,350,350,368,388,406,321,341,341,354,369,369,388,388,419,436,446,446,548,848,865,865,910,920,920,955,970,1005,1005,1005,756,406,426,426,426,426,426,426,65,95,95,95],"floor_reached":55,"language":"KOR","playtime":3967,"items_purged":[],"score":1323,"play_id":"9a2186f3-e5d2-423c-9ece-8c760c80570e","local_time":"20210216133736","is_ascension_mode":true,"campfire_choices":[{"data":"Creative AI","floor":6.0,"key":"SMITH"},{"data":"Zap","floor":8.0,"key":"SMITH"},{"floor":15.0,"key":"REST"},{"data":"Sunder","floor":23.0,"key":"SMITH"},{"data":"Hologram","floor":28.0,"key":"SMITH"},{"floor":32.0,"key":"REST"},{"floor":49.0,"key":"RECALL"},{"floor":52.0,"key":"REST"}],"circlet_count":0,"master_deck":["AscendersBane","Strike_B+1","Strike_B+1","Strike_B+1","Defend_B+1","Defend_B+1","Defend_B+1","Defend_B+1","Zap+1","Dualcast+1","Coolheaded+1","Ball Lightning+1","Hologram+1","Leap+1","Conserve Battery+1","Turbo+1","Creative AI+1","Aggregate+1","Gash+1","BootSequence+1","Sunder+1","Sweeping Beam+1","Go for the Eyes+1","Hologram+1","White Noise+1","Rebound+1","Echo Form+1","Stack+1","Steam+1","Reinforced Body+1","Streamline+1","Rebound+1","Hologram+1","Go for the Eyes+1","Cold Snap+1","Beam Cell+1","Skim+1","Sweeping Beam+1","Scrape+1","Fusion+1","Compile Driver+1","Go for the Eyes+1","Chill+1","All For One+1","Rebound+1","Echo Form+1","CurseOfTheBell","Conserve Battery+1","Beam Cell+1","Skim+1","Go for the Eyes+1","Reboot+1","Discovery+1","Mind Blast+1","Leap+1","Melter+1","Hologram+1","Hyperbeam+1","Madness+1","Madness+1","Enlightenment+1","Rebound+1","Stack+1","Lockon+1","Hologram+1"],"relics":["Cracked Core","Prayer Wheel","Oddly Smooth Stone","Orichalcum","Nuclear Battery","Molten Egg 2","Art of War","Centennial Puzzle","Calling Bell","Akabeko","Mercury Hourglass","Old Coin","Du-Vu Doll","Dream Catcher","Bag of Preparation","Nunchaku","Gremlin Horn","Mark of the Bloom","Calipers","Letter Opener"],"acts_visited":["Exordium","TheCity","TheBeyond","TheEnding"],"potions_floor_usage":[55],"damage_taken":[{"damage":5.0,"enemies":"Cultist","floor":1.0,"turns":4.0},{"damage":4.0,"enemies":"Small Slimes","floor":2.0,"turns":4.0},{"damage":2.0,"enemies":"Jaw Worm","floor":3.0,"turns":4.0},{"damage":6.0,"enemies":"Looter","floor":4.0,"turns":4.0},{"damage":0.0,"enemies":"Large Slime","floor":5.0,"turns":7.0},{"damage":13.0,"enemies":"Gremlin Nob","floor":10.0,"turns":4.0},{"damage":10.0,"enemies":"Exordium Thugs","floor":11.0,"turns":6.0},{"damage":0.0,"enemies":"2 Fungi Beasts","floor":12.0,"turns":2.0},{"damage":0.0,"enemies":"Exordium Wildlife","floor":13.0,"turns":3.0},{"damage":28.0,"enemies":"Slime Boss","floor":16.0,"turns":8.0},{"damage":0.0,"enemies":"Shell Parasite","floor":18.0,"turns":4.0},{"damage":1.0,"enemies":"3 Byrds","floor":19.0,"turns":5.0},{"damage":0.0,"enemies":"3 Cultists","floor":20.0,"turns":5.0},{"damage":11.0,"enemies":"Centurion and Healer","floor":22.0,"turns":7.0},{"damage":14.0,"enemies":"Snake Plant","floor":24.0,"turns":4.0},{"damage":0.0,"enemies":"Snecko","floor":25.0,"turns":4.0},{"damage":1.0,"enemies":"Sentry and Sphere","floor":27.0,"turns":3.0},{"damage":12.0,"enemies":"Book of Stabbing","floor":29.0,"turns":7.0},{"damage":7.0,"enemies":"Snake Plant","floor":30.0,"turns":2.0},{"damage":0.0,"enemies":"Snecko","floor":31.0,"turns":3.0},{"damage":22.0,"enemies":"Collector","floor":33.0,"turns":8.0},{"damage":1.0,"enemies":"3 Darklings","floor":35.0,"turns":4.0},{"damage":6.0,"enemies":"2 Orb Walkers","floor":37.0,"turns":3.0},{"damage":0.0,"enemies":"Orb Walker","floor":38.0,"turns":1.0},{"damage":1.0,"enemies":"Nemesis","floor":40.0,"turns":3.0},{"damage":0.0,"enemies":"Jaw Worm Horde","floor":41.0,"turns":2.0},{"damage":0.0,"enemies":"Giant Head","floor":42.0,"turns":5.0},{"damage":0.0,"enemies":"3 Darklings","floor":47.0,"turns":2.0},{"damage":11.0,"enemies":"Awakened One","floor":50.0,"turns":6.0},{"damage":0.0,"enemies":"Shield and Spear","floor":54.0,"turns":6.0},{"damage":29,"enemies":"The Heart","floor":55,"turns":2}],"seed_played":"378471967233019630","potions_obtained":[{"floor":1.0,"key":"Block Potion"},{"floor":3.0,"key":"SpeedPotion"},{"floor":10.0,"key":"Weak Potion"},{"floor":18.0,"key":"Block Potion"},{"floor":22.0,"key":"Strength Potion"},{"floor":24.0,"key":"LiquidBronze"},{"floor":30.0,"key":"DuplicationPotion"},{"floor":31.0,"key":"Explosive Potion"},{"floor":33.0,"key":"Dexterity Potion"},{"floor":37.0,"key":"DuplicationPotion"},{"floor":40.0,"key":"Dexterity Potion"},{"floor":41.0,"key":"SteroidPotion"},{"floor":42.0,"key":"FearPotion"},{"floor":47.0,"key":"Swift Potion"}],"is_trial":false,"path_per_floor":["M","M","M","M","M","R","?","R","T","E","M","M","M","?","R","B",null,"M","M","M","?","M","R","M","M","T","M","R","E","M","M","R","B",null,"M","?","?","M","?","E","M","E","T","?","$","$","M","?","R","B",null,"R","$","E","B"],"character_chosen":"DEFECT","items_purchased":["Nunchaku","FairyPotion","Gremlin Horn","Enlightenment","Calipers","Block Potion"],"campfire_rested":3,"item_purchase_floors":[45,45,46,46,53,53],"current_hp_per_floor":[45,41,39,33,33,33,33,33,33,20,10,10,10,10,32,4,57,57,56,56,56,45,45,31,31,31,30,30,18,11,11,33,11,59,58,58,52,52,42,41,41,41,41,32,32,32,32,32,32,21,21,21,21,21,0,0],"gold":95,"neow_bonus":"ONE_RARE_RELIC","is_daily":false,"chose_seed":false,"campfire_upgraded":4,"win_rate":0.0,"timestamp":1613450256,"path_taken":["M","M","M","M","M","R","?","R","T","E","M","M","M","?","R","BOSS","M","M","M","?","M","R","M","M","T","M","R","E","M","M","R","BOSS","M","?","?","M","?","E","?","E","T","?","?","$","M","?","R","BOSS","R","$","E","BOSS"],"items_purchased_type":["Relic","Potion","Relic","Card","Relic","Potion"],"build_version":"2020-12-22","purchased_purges":0,"victory":false,"max_hp_per_floor":[75,75,75,75,75,75,75,75,75,75,75,75,75,75,75,75,75,75,75,75,75,75,75,75,75,75,75,75,75,75,75,75,75,75,75,75,75,75,75,75,75,75,75,75,75,75,75,75,75,75,75,75,75,75,75,75],"card_choices":[{"not_picked":["Reinforced Body","Recycle"],"picked":"Coolheaded","floor":1.0},{"not_picked":["Redo","Hologram"],"picked":"Ball Lightning","floor":1.0},{"not_picked":["Loop","Ball Lightning"],"picked":"Hologram","floor":2.0},{"not_picked":["Streamline","FTL"],"picked":"Leap","floor":2.0},{"not_picked":["Leap","Steam"],"picked":"Conserve Battery","floor":3.0},{"not_picked":["Reinforced Body","Scrape","Chaos"],"picked":"SKIP","floor":3.0},{"not_picked":["Undo","Coolheaded"],"picked":"Turbo","floor":4.0},{"not_picked":["Conserve Battery","Sweeping Beam"],"picked":"Creative AI","floor":4.0},{"not_picked":["Scrape","Chaos"],"picked":"Aggregate","floor":5.0},{"not_picked":["Recycle","Steam"],"picked":"Gash","floor":5.0},{"not_picked":["Fusion","Darkness"],"picked":"BootSequence","floor":10.0},{"not_picked":["Compile Driver","Melter"],"picked":"Sunder","floor":11.0},{"not_picked":["Chaos","Cold Snap"],"picked":"Sweeping Beam","floor":11.0},{"not_picked":["Steam","Blizzard"],"picked":"Go for the Eyes","floor":12.0},{"not_picked":["Rebound","Sunder"],"picked":"Hologram","floor":12.0},{"not_picked":["Conserve Battery","Redo"],"picked":"White Noise","floor":13.0},{"not_picked":["Conserve Battery","Loop"],"picked":"Rebound","floor":13.0},{"not_picked":["Buffer","Meteor Strike"],"picked":"Echo Form","floor":16.0},{"not_picked":["Melter","Ball Lightning"],"picked":"Stack","floor":18.0},{"not_picked":["Genetic Algorithm","Leap"],"picked":"Steam+1","floor":18.0},{"not_picked":["Cold Snap","Sweeping Beam+1"],"picked":"Sunder","floor":19.0},{"not_picked":["Creative AI","Barrage"],"picked":"Reinforced Body+1","floor":19.0},{"not_picked":["Lockon","Turbo"],"picked":"Streamline","floor":20.0},{"not_picked":["Turbo","Leap"],"picked":"Rebound","floor":20.0},{"not_picked":["Steam","Barrage+1"],"picked":"Hologram","floor":22.0},{"not_picked":["Conserve Battery","Coolheaded"],"picked":"Go for the Eyes+1","floor":22.0},{"not_picked":["Reprogram+1","Ball Lightning+1"],"picked":"Cold Snap+1","floor":24.0},{"not_picked":["Conserve Battery","Echo Form"],"picked":"Beam Cell+1","floor":24.0},{"not_picked":["Leap+1","Gash+1"],"picked":"Skim+1","floor":25.0},{"not_picked":["Steam","Streamline+1"],"picked":"Sweeping Beam+1","floor":25.0},{"not_picked":["Recycle","Beam Cell+1"],"picked":"Scrape+1","floor":27.0},{"not_picked":["Blizzard+1","Turbo"],"picked":"Fusion+1","floor":27.0},{"not_picked":["Darkness","Auto Shields"],"picked":"Compile Driver+1","floor":29.0},{"not_picked":["Cold Snap+1","Streamline+1"],"picked":"Go for the Eyes+1","floor":30.0},{"not_picked":["Consume","Conserve Battery"],"picked":"Chill","floor":30.0},{"not_picked":["Steam","Darkness"],"picked":"All For One+1","floor":31.0},{"not_picked":["Turbo+1","Streamline+1"],"picked":"Rebound+1","floor":31.0},{"not_picked":["Multi-Cast","Fission"],"picked":"Echo Form","floor":33.0},{"not_picked":["Sweeping Beam+1","Stack"],"picked":"Conserve Battery+1","floor":35.0},{"not_picked":["Cold Snap+1","Chill"],"picked":"Beam Cell+1","floor":35.0},{"not_picked":["Leap+1","Force Field"],"picked":"Skim+1","floor":37.0},{"not_picked":["Cold Snap+1","Compile Driver+1"],"picked":"Go for the Eyes+1","floor":38.0},{"not_picked":["Turbo","Compile Driver+1"],"picked":"Reboot","floor":38.0},{"not_picked":["Madness","Impatience"],"picked":"Discovery","floor":39.0},{"not_picked":["Sadistic Nature","Purity"],"picked":"Mind Blast+1","floor":39.0},{"not_picked":["Go for the Eyes+1","Streamline+1"],"picked":"Leap+1","floor":40.0},{"not_picked":["BootSequence+1","Leap+1"],"picked":"Melter+1","floor":41.0},{"not_picked":["Coolheaded","Undo+1"],"picked":"Hologram+1","floor":41.0},{"not_picked":["Barrage+1","Coolheaded"],"picked":"Hyperbeam+1","floor":42.0},{"not_picked":["Blizzard+1","Doom and Gloom+1"],"picked":"Rebound+1","floor":47.0},{"not_picked":["Reprogram","Cold Snap+1"],"picked":"Stack+1","floor":47.0},{"not_picked":["Ball Lightning+1","Rebound+1"],"picked":"Lockon+1","floor":52.0},{"not_picked":["Ball Lightning+1","Auto Shields"],"picked":"Hologram+1","floor":54.0}],"player_experience":686244,"relics_obtained":[{"floor":9.0,"key":"Oddly Smooth Stone"},{"floor":10.0,"key":"Orichalcum"},{"floor":26.0,"key":"Art of War"},{"floor":29.0,"key":"Centennial Puzzle"},{"floor":34.0,"key":"Akabeko"},{"floor":34.0,"key":"Mercury Hourglass"},{"floor":34.0,"key":"Old Coin"},{"floor":37.0,"key":"Du-Vu Doll"},{"floor":40.0,"key":"Dream Catcher"},{"floor":42.0,"key":"Bag of Preparation"},{"floor":54.0,"key":"Letter Opener"}],"event_choices":[{"cards_removed":["Strike_B"],"damage_healed":0.0,"max_hp_gain":0.0,"max_hp_loss":0.0,"gold_gain":0.0,"event_name":"Purifier","player_choice":"Purged","floor":7.0,"gold_loss":0.0,"damage_taken":0.0},{"damage_healed":0.0,"max_hp_gain":0.0,"max_hp_loss":0.0,"gold_gain":0.0,"event_name":"Dead Adventurer","player_choice":"Searched \u00270\u0027 times","floor":14.0,"gold_loss":0.0,"damage_taken":0.0},{"damage_healed":0.0,"max_hp_gain":0.0,"max_hp_loss":0.0,"gold_gain":0.0,"event_name":"Addict","player_choice":"Obtained Relic","floor":21.0,"gold_loss":85.0,"damage_taken":0.0,"relics_obtained":["Molten Egg 2"]},{"cards_removed":["Sunder"],"damage_healed":0.0,"max_hp_gain":0.0,"max_hp_loss":0.0,"gold_gain":0.0,"event_name":"Falling","player_choice":"Removed Attack","floor":36.0,"gold_loss":0.0,"damage_taken":0.0},{"damage_healed":0.0,"max_hp_gain":0.0,"max_hp_loss":0.0,"gold_gain":0.0,"event_name":"Mysterious Sphere","player_choice":"Fight","floor":37.0,"gold_loss":0.0,"damage_taken":0.0},{"damage_healed":0.0,"max_hp_gain":0.0,"max_hp_loss":0.0,"gold_gain":0.0,"event_name":"SensoryStone","player_choice":"Memory 3","floor":39.0,"gold_loss":0.0,"damage_taken":10.0},{"damage_healed":0.0,"max_hp_gain":0.0,"max_hp_loss":0.0,"gold_gain":0.0,"event_name":"Winding Halls","player_choice":"Embrace Madness","floor":44.0,"gold_loss":0.0,"damage_taken":9.0,"cards_obtained":["Madness","Madness"]},{"damage_healed":0.0,"max_hp_gain":0.0,"max_hp_loss":0.0,"gold_gain":0.0,"event_name":"MindBloom","player_choice":"Upgrade","floor":48.0,"gold_loss":0.0,"damage_taken":0.0,"cards_upgraded":["Strike_B","Strike_B","Strike_B","Defend_B","Defend_B","Defend_B","Defend_B","Dualcast","Coolheaded","Ball Lightning","Hologram","Leap","Conserve Battery","Turbo","Aggregate","Gash","BootSequence","Sweeping Beam","Go for the Eyes","White Noise","Rebound","Echo Form","Stack","Streamline","Rebound","Hologram","Chill","Echo Form","Reboot","Discovery","Madness","Madness","Enlightenment"],"relics_obtained":["Mark of the Bloom"]}],"is_beta":false,"boss_relics":[{"not_picked":["Coffee Dripper","Runic Pyramid"],"picked":"Nuclear Battery"},{"not_picked":["SacredBark","Inserter"],"picked":"Calling Bell"}],"items_purged_floors":[],"is_endless":false,"potions_floor_spawned":[1,3,10,18,22,24,25,30,31,33,37,40,41,42,47],"killed_by":"The Heart","ascension_level":11}}