{"host":"snn1c4qsf0fj7fzf","time":1613456081,"event":{"mods":["AchievementEnabler","Act Like it!","Aspiration","Astrologer","BaseMod","Colored Powertips","Downfall","Gensokyo","Hermit","Infinite Spire","Lobotomy","Minty Spire (QoL Compilation)","Random Character Button","Rare Cards Sparkle","Reimu??????","Reliquary","Replay The Spire","Shop Mod","Spire Arcade","StSLib","The Administrix","The Cursed","The Gatherer","The Hierophant","The Poker Player","The Runesmith"],"gold_per_floor":[110,129,129,146,2,37,37,68,68,102,102,116,150,75,75,177,177,187,187,213,113,113,145,161,191,191,191,222,97,97,111,111,221,221,253,253,103,125,150,194,194,241,241,273,273,273,273,273,273,273],"floor_reached":51,"language":"ENG","playtime":2643,"items_purged":["Pain","TheCursedMod:AshesToAshes","TheCursedMod:SpitefulPlan+1","TheCursedMod:NeowsMight+1","TheCursedMod:AshesToAshes"],"score":1600,"play_id":"6d1ec95d-b5f9-4782-a0cd-c5d78c17354c","local_time":"20210216141441","is_ascension_mode":true,"campfire_choices":[{"data":"TheCursedMod:SpitefulPlan","floor":15,"key":"SMITH"},{"floor":32,"key":"DIG"},{"data":"1","floor":41,"key":"LIFT"},{"data":"TheCursedMod:CursedShiv","floor":45,"key":"PURGE"},{"data":"TheCursedMod:CircleOfFlame","floor":47,"key":"PURGE"},{"data":"TheCursedMod:SurpriseAttack","floor":49,"key":"PURGE"}],"circlet_count":0,"master_deck":["TheCursedMod:Stigma","TheCursedMod:Mangle","Flash of Steel+1","TheCursedMod:CircleOfFlame","infinitespire:Collect"],"relics":["TheCursedMod:Tack","Gensokyo:LunaticRedEyes","Sling","War Paint","Gensokyo:Mercy","infinitespire:Broken Mirror","Meat on the Bone","reliquary:RosewoodLute","Happy Flower","reliquary:TuningFork","aspiration:RunesmithSkillbook","ReplayFunnel","CrazyTorch:ReiMu","Replay:Kaleidoscope","Prayer Wheel","aspiration:StickyExplosives_weak","Juzu Bracelet","Empty Cage","Whetstone","Girya","infinitespire:EvilPickle","SlaversCollar","Gensokyo:DualWield","Blood Vial","Peace Pipe","Chameleon Ring"],"acts_visited":["Gensokyo:Gensokyo","TheCity","Gensokyo:Gensokyoest"],"potions_floor_usage":[16,51,51,51],"damage_taken":[{"damage":0,"enemies":"Gensokyo:2_Kodama","floor":1,"turns":1},{"damage":0,"enemies":"Gensokyo:Gryphon","floor":2,"turns":1},{"damage":3,"enemies":"Gensokyo:3_Fairies","floor":4,"turns":3},{"damage":13,"enemies":"Gensokyo:Mamizou","floor":6,"turns":5},{"damage":5,"enemies":"Gensokyo:Aya","floor":8,"turns":1},{"damage":1,"enemies":"Gensokyo:Cirno","floor":10,"turns":4},{"damage":1,"enemies":"Gensokyo:LivingMonolith","floor":12,"turns":1},{"damage":1,"enemies":"Gensokyo:Aya","floor":13,"turns":1},{"damage":0,"enemies":"Gensokyo:Reimu","floor":16,"turns":1},{"damage":0,"enemies":"3 Byrds","floor":18,"turns":1},{"damage":0,"enemies":"Nightmare","floor":23,"turns":1},{"damage":0,"enemies":"Spheric Guardian","floor":24,"turns":2},{"damage":0,"enemies":"Book of Stabbing","floor":25,"turns":1},{"damage":0,"enemies":"Slavers","floor":28,"turns":1},{"damage":0,"enemies":"Shelled Parasite and Fungi","floor":31,"turns":1},{"damage":0,"enemies":"Pondfish","floor":33,"turns":2},{"damage":0,"enemies":"Gensokyo:AncientGuardian","floor":35,"turns":1},{"damage":0,"enemies":"Gensokyo:3_Boulders","floor":38,"turns":1},{"damage":0,"enemies":"Gensokyo:Dusk_and_Dawn","floor":39,"turns":1},{"damage":0,"enemies":"Gensokyo:Doremy","floor":40,"turns":1},{"damage":0,"enemies":"Nightmare","floor":42,"turns":1},{"damage":0,"enemies":"Gensokyo:Sharpion","floor":44,"turns":1},{"damage":0,"enemies":"Gensokyo:Sharpion","floor":48,"turns":5},{"damage":0,"enemies":"Gensokyo:Scarlet_Devils","floor":50,"turns":1}],"seed_played":"-7247415970015708556","potions_obtained":[{"floor":0,"key":"SneckoOil"},{"floor":0,"key":"DistilledChaos"},{"floor":0,"key":"DuplicationPotion"},{"floor":1,"key":"TheCursedMod:DregsPotion"},{"floor":16,"key":"Block Potion"},{"floor":18,"key":"SkillPotion"},{"floor":44,"key":"AttackPotion"}],"is_trial":false,"path_per_floor":["M","M","?","M","COS","E","?","E","T","E","?","M","E","$","R","B",null,"M","?","T","$","?","NM","M","E","T","AVR","E","$","?","M","R","B",null,"M","?","$","M","M","E","R","NM","T","M","R","?","R","?","R","B",null],"character_chosen":"THE_CURSED","items_purchased":[],"campfire_rested":0,"item_purchase_floors":[],"current_hp_per_floor":[75,75,75,72,72,59,59,54,54,53,53,52,51,51,51,51,75,75,75,75,75,75,75,75,75,75,75,75,75,75,75,75,75,75,75,75,75,75,75,75,75,75,75,75,75,75,75,75,75,75],"gold":273,"neow_bonus":"THREE_SMALL_POTIONS","is_daily":false,"chose_seed":false,"campfire_upgraded":1,"win_rate":0.0,"timestamp":1613456081,"path_taken":["M","M","?","M","COS","E","?","E","T","E","?","M","E","$","R","BOSS","M","?","?","$","?","NM","M","E","T","AVR","E","?","?","M","R","BOSS","M","?","$","M","M","E","R","NM","T","M","R","?","R","?","R","BOSS"],"items_purchased_type":[],"build_version":"2020-12-22","purchased_purges":5,"victory":true,"max_hp_per_floor":[75,75,75,75,75,75,75,75,75,75,75,75,75,75,75,75,75,75,75,75,75,75,75,75,75,75,75,75,75,75,75,75,75,75,75,75,75,75,75,75,75,75,75,75,75,75,75,75,75,75],"card_choices":[{"not_picked":["TheCursedMod:SoulReap","TheCursedMod:HellfireBreathing","TheCursedMod:DoubleShield"],"picked":"SKIP","floor":1},{"not_picked":["TheCursedMod:CursedBlade","TheCursedMod:CircleOfCorruption"],"picked":"TheCursedMod:SurpriseAttack","floor":2},{"not_picked":["TheCursedMod:WearCloak","TheCursedMod:Evocation","TheCursedMod:SpreadPlague"],"picked":"SKIP","floor":4},{"not_picked":["TheCursedMod:WearCloak","TheCursedMod:Evocation","TheCursedMod:SpreadPlague"],"picked":"SKIP","floor":4},{"not_picked":["TheCursedMod:CursedAmulet","TheCursedMod:Hemoplague"],"picked":"TheCursedMod:CursedShiv","floor":6},{"not_picked":["TheCursedMod:CursedAmulet","TheCursedMod:Wield","TheCursedMod:Evocation"],"picked":"SKIP","floor":8},{"not_picked":["TheCursedMod:CursedShiv","TheCursedMod:SpitefulStrike"],"picked":"TheCursedMod:AshesToAshes","floor":10},{"not_picked":["TheCursedMod:Obscuration","TheCursedMod:Stretching","TheCursedMod:Torture"],"picked":"SKIP","floor":12},{"not_picked":["TheCursedMod:CursedMace","TheCursedMod:CursedShiv"],"picked":"TheCursedMod:SpitefulPlan","floor":13},{"not_picked":["Runesmith:CraftProtectio","Runesmith:Discharge","TheCursedMod:CursedBlade","TheCursedMod:CursedMace"],"picked":"SKIP","floor":18},{"not_picked":["TheCursedMod:Wield","Runesmith:Malloc","Runesmith:CraftReservo","Runesmith:DoubleUp"],"picked":"SKIP","floor":23},{"not_picked":["TheCursedMod:Wield","Runesmith:Malloc","Runesmith:CraftReservo","Runesmith:DoubleUp"],"picked":"SKIP","floor":23},{"not_picked":["Runesmith:RuneHurl","Runesmith:BackupBattery","Runesmith:CraftProtectio+1","TheCursedMod:CircleOfAmplification"],"picked":"SKIP","floor":24},{"not_picked":["Runesmith:Overpower+1","Runesmith:NegativeSpace","TheCursedMod:CursedMace","Runesmith:FieryHammer"],"picked":"SKIP","floor":25},{"not_picked":["TheCursedMod:TacticalStrike","Runesmith:HeatedChisel+1","Runesmith:Empowerment","Runesmith:PoweredAnvil"],"picked":"SKIP","floor":28},{"not_picked":["Runesmith:Accelerate+1","TheCursedMod:CircleOfAmplification+1","TheCursedMod:SpitefulPlan","TheCursedMod:CursedArmor"],"picked":"SKIP","floor":31},{"not_picked":["Runesmith:EarthShield","TheCursedMod:StunningStrike","Runesmith:StaticCage","TheCursedMod:AshesToAshes"],"picked":"SKIP","floor":31},{"not_picked":["Runesmith:CraftMagma","Runesmith:HeatExchange","TheCursedMod:SpitefulStrike","TheCursedMod:CircleOfFlame"],"picked":"SKIP","floor":35},{"not_picked":["Runesmith:CraftSpiculum+1","TheCursedMod:VitalStrike","TheCursedMod:RapidMovement+1","TheCursedMod:Grudge"],"picked":"SKIP","floor":35},{"not_picked":["Runesmith:HeatedChisel","Runesmith:Repurpose+1","Runesmith:MakeshiftArmor+1","Runesmith:Overpower"],"picked":"SKIP","floor":38},{"not_picked":["TheCursedMod:ReleasedStrength","TheCursedMod:Wield+1","TheCursedMod:CursedMace+1","TheCursedMod:CircleOfCorruption"],"picked":"SKIP","floor":38},{"not_picked":["Runesmith:HeatedChisel+1","Runesmith:ArcReactor","TheCursedMod:BlessingInDisguise+1","Runesmith:Grindstone+1"],"picked":"SKIP","floor":39},{"not_picked":["TheCursedMod:SpitefulPlan","TheCursedMod:Wield","TheCursedMod:TacticalStrike","Runesmith:RunicBlueprint"],"picked":"SKIP","floor":39},{"not_picked":["TheCursedMod:WearCloak","Runesmith:CraftIncendium","Runesmith:DuctTape","TheCursedMod:HellsGateOpen+1"],"picked":"SKIP","floor":40},{"not_picked":["TheCursedMod:FleshFromBone+1","Runesmith:ShiftingStrike+1","Runesmith:CraftObretio","TheCursedMod:CursedMace"],"picked":"SKIP","floor":42},{"not_picked":["Runesmith:Retool+1","Runesmith:CraftObretio","Runesmith:Firestorm+1","Runesmith:MakeshiftArmor"],"picked":"SKIP","floor":44},{"not_picked":["Runesmith:ShiftingStrike","Runesmith:Terraform","TheCursedMod:Wield","TheCursedMod:FleshFromBone"],"picked":"SKIP","floor":44}],"player_experience":402763,"relics_obtained":[{"floor":6,"key":"War Paint"},{"floor":8,"key":"infinitespire:Broken Mirror"},{"floor":9,"key":"Meat on the Bone"},{"floor":10,"key":"reliquary:RosewoodLute"},{"floor":13,"key":"reliquary:TuningFork"},{"floor":20,"key":"ReplayFunnel"},{"floor":23,"key":"Replay:Kaleidoscope"},{"floor":25,"key":"Prayer Wheel"},{"floor":26,"key":"aspiration:StickyExplosives_weak"},{"floor":28,"key":"Whetstone"},{"floor":32,"key":"Girya"},{"floor":40,"key":"Blood Vial"},{"floor":42,"key":"Peace Pipe"},{"floor":43,"key":"Chameleon Ring"}],"event_choices":[{"damage_healed":0,"gold_gain":0,"player_choice":"Read","damage_taken":0,"max_hp_gain":0,"max_hp_loss":0,"event_name":"The Library","floor":19,"gold_loss":0,"cards_obtained":["TheCursedMod:CircleOfFlame"]},{"damage_healed":0,"gold_gain":0,"player_choice":"Opened","damage_taken":0,"relics_obtained":["CrazyTorch:ReiMu"],"max_hp_gain":0,"max_hp_loss":0,"event_name":"The Mausoleum","floor":22,"gold_loss":0,"cards_obtained":["Writhe"]}],"is_beta":false,"boss_relics":[{"not_picked":["Coffee Dripper","Kintsugi"],"picked":"aspiration:RunesmithSkillbook"},{"not_picked":["aspiration:RunicSpoon","Replay:Drink Me"],"picked":"SlaversCollar"}],"items_purged_floors":[14,21,27,29,37],"is_endless":false,"potions_floor_spawned":[1,4,16,18,24,25,31,33,39,40,44],"ascension_level":3}}