{"host":"4rvakrj1idbgia3f","time":1613484246,"event":{"mods":["BaseMod","Colored Map","Colored Powertips","DeckTracker","Highlight Path","Minty Spire (QoL Compilation)","Random Character Button","StSLib"],"gold_per_floor":[115,115,131,152,54,94,94,110,110,131,131,156,175,189,189,278,278,296,296,296,320,166,166,191,191,215,215,229,51,69,83,83,173,173,193,212,236,236,236,236,98,98,98,139,472,502,502,228,228,228,228],"floor_reached":50,"language":"JPN","playtime":6490,"items_purged":["Barrage","Darkness+1"],"score":1075,"play_id":"acb7fa7f-e8fe-4ef1-9ff6-ce759460917c","local_time":"20210216230406","is_ascension_mode":true,"campfire_choices":[{"data":"Darkness","floor":7,"key":"SMITH"},{"data":"Zap","floor":11,"key":"SMITH"},{"data":"Glacier","floor":15,"key":"SMITH"},{"data":"Defragment","floor":23,"key":"SMITH"},{"data":"Scrape","floor":25,"key":"SMITH"},{"data":"Glacier","floor":27,"key":"SMITH"},{"data":"Scrape","floor":32,"key":"SMITH"},{"data":"Madness","floor":40,"key":"SMITH"},{"data":"Madness","floor":42,"key":"SMITH"},{"data":"Defragment","floor":47,"key":"SMITH"},{"floor":49,"key":"RECALL"}],"circlet_count":0,"master_deck":["AscendersBane","Zap+1","Dualcast","Reinforced Body","Auto Shields","FTL","Glacier+1","FTL","Glacier+1","Go for the Eyes","Coolheaded","Electrodynamics","Hello World","Scrape+1","Capacitor","BootSequence","Steam Power","Static Discharge","Steam Power","Gash","Gash","FTL","Defragment+1","Steam","Scrape+1","Beam Cell","Reboot","Steam","Blind","Dark Shackles","Madness+1","Madness+1","Defragment+1","Defragment","Panacea"],"relics":["SacredBark","FossilizedHelix","Question Card","Lantern","Pandora\u0027s Box","MealTicket","Anchor","Coffee Dripper","Gremlin Horn","Boot","Bronze Scales"],"acts_visited":["Exordium","TheCity","TheBeyond"],"potions_floor_usage":[6,33,33,44],"damage_taken":[{"damage":8,"enemies":"2 Louse","floor":1,"turns":4},{"damage":12,"enemies":"Jaw Worm","floor":3,"turns":5},{"damage":0,"enemies":"Small Slimes","floor":4,"turns":4},{"damage":2,"enemies":"Lagavulin","floor":6,"turns":5},{"damage":8,"enemies":"3 Louse","floor":8,"turns":6},{"damage":0,"enemies":"Blue Slaver","floor":10,"turns":4},{"damage":0,"enemies":"Red Slaver","floor":13,"turns":4},{"damage":0,"enemies":"3 Louse","floor":14,"turns":5},{"damage":10,"enemies":"The Guardian","floor":16,"turns":16},{"damage":0,"enemies":"Chosen","floor":18,"turns":4},{"damage":0,"enemies":"Spheric Guardian","floor":21,"turns":3},{"damage":0,"enemies":"Centurion and Healer","floor":28,"turns":7},{"damage":9,"enemies":"Snecko","floor":30,"turns":9},{"damage":0,"enemies":"Shelled Parasite and Fungi","floor":31,"turns":5},{"damage":4,"enemies":"Automaton","floor":33,"turns":8},{"damage":0,"enemies":"3 Darklings","floor":35,"turns":5},{"damage":0,"enemies":"3 Shapes","floor":36,"turns":5},{"damage":0,"enemies":"Spire Growth","floor":37,"turns":4},{"damage":0,"enemies":"Reptomancer","floor":44,"turns":9},{"damage":41,"enemies":"Nemesis","floor":46,"turns":13},{"damage":33,"enemies":"Awakened One","floor":50,"turns":11}],"seed_played":"-1602104106548173033","potions_obtained":[{"floor":1,"key":"BlessingOfTheForge"},{"floor":6,"key":"Weak Potion"},{"floor":13,"key":"Explosive Potion"},{"floor":16,"key":"Explosive Potion"},{"floor":37,"key":"FocusPotion"},{"floor":46,"key":"DuplicationPotion"}],"is_trial":false,"path_per_floor":["M","?","M","M","$","E","R","M","T","M","R","T","M","M","R","B",null,"M","?","?","M","$","R","T","R","T","R","M","$","M","M","R","B",null,"M","M","M","?","?","R","$","R","T","E","?","E","R","$","R","B"],"character_chosen":"DEFECT","items_purchased":["FTL","Dexterity Potion","Defragment","Scrape","Defragment","Strength Potion","Panacea","Bronze Scales"],"campfire_rested":0,"item_purchase_floors":[5,5,22,29,41,41,48,48],"current_hp_per_floor":[56,56,44,44,44,42,42,34,34,34,34,34,34,34,34,24,54,54,54,54,54,54,54,54,54,54,54,54,64,55,55,55,51,61,61,61,61,56,44,44,59,59,59,59,59,18,18,33,33,0,0],"gold":228,"neow_bonus":"BOSS_RELIC","is_daily":false,"chose_seed":false,"campfire_upgraded":10,"win_rate":0.0,"timestamp":1613484246,"path_taken":["M","?","M","M","$","E","R","M","T","M","R","?","M","M","R","BOSS","M","?","?","M","$","R","?","R","T","R","M","?","M","?","R","BOSS","M","M","M","?","?","R","$","R","T","E","?","E","R","?","R","BOSS"],"items_purchased_type":["Card","Potion","Card","Card","Card","Potion","Card","Relic"],"build_version":"2020-12-22","purchased_purges":2,"victory":false,"max_hp_per_floor":[71,64,64,64,64,64,64,64,64,64,64,64,64,64,64,64,64,64,64,64,64,64,64,64,64,64,64,64,64,64,64,64,64,64,64,64,64,64,64,64,64,64,64,64,64,64,64,64,64,64,64],"card_choices":[{"not_picked":["Blizzard","Undo"],"picked":"Reinforced Body","floor":1},{"not_picked":["Hello World","Stack"],"picked":"Darkness","floor":3},{"not_picked":["Blizzard","Hello World"],"picked":"Auto Shields","floor":4},{"not_picked":["Hologram","Rip and Tear"],"picked":"Glacier","floor":6},{"not_picked":["Redo","Genetic Algorithm"],"picked":"FTL","floor":8},{"not_picked":["Hello World","Conserve Battery","Hologram"],"picked":"Glacier","floor":10},{"not_picked":["Compile Driver","Genetic Algorithm","Redo"],"picked":"Go for the Eyes","floor":13},{"not_picked":["Stack","Static Discharge","Go for the Eyes"],"picked":"Coolheaded","floor":14},{"not_picked":["Fission","Hyperbeam","Machine Learning"],"picked":"Electrodynamics","floor":16},{"not_picked":["Ball Lightning","Leap","Sweeping Beam"],"picked":"Gash","floor":18},{"not_picked":["Scrape","Cold Snap","Loop"],"picked":"FTL","floor":21},{"not_picked":["Sweeping Beam","Conserve Battery","Lockon"],"picked":"Steam","floor":28},{"not_picked":["Stack","Meteor Strike","Go for the Eyes","Force Field"],"picked":"SKIP","floor":30},{"not_picked":["Tempest","Double Energy","Turbo"],"picked":"Beam Cell","floor":31},{"not_picked":["Seek","Core Surge","Buffer"],"picked":"Reboot","floor":33},{"not_picked":["Cold Snap","Darkness+1","Tempest"],"picked":"Steam","floor":35},{"not_picked":["Redo","Rebound","Turbo","Conserve Battery"],"picked":"SKIP","floor":36},{"not_picked":["Glacier","Streamline","Redo","Electrodynamics"],"picked":"SKIP","floor":37},{"not_picked":["Bandage Up","Mind Blast","Impatience"],"picked":"Blind","floor":38},{"not_picked":["Swift Strike","Bandage Up","Mind Blast"],"picked":"Dark Shackles","floor":38},{"not_picked":["Turbo","Coolheaded","Beam Cell"],"picked":"Defragment","floor":44},{"not_picked":["Storm","Stack","Buffer","Rebound"],"picked":"SKIP","floor":46}],"player_experience":2398326,"relics_obtained":[{"floor":6,"key":"FossilizedHelix"},{"floor":9,"key":"Question Card"},{"floor":12,"key":"Lantern"},{"floor":24,"key":"MealTicket"},{"floor":26,"key":"Anchor"},{"floor":44,"key":"Gremlin Horn"},{"floor":46,"key":"Boot"}],"event_choices":[{"damage_healed":0,"gold_gain":0,"player_choice":"Lose Max HP","damage_taken":0,"relics_obtained":["Golden Idol"],"max_hp_gain":0,"max_hp_loss":7,"event_name":"Golden Idol","floor":2,"gold_loss":0},{"damage_healed":0,"gold_gain":0,"player_choice":"Ignored","damage_taken":0,"max_hp_gain":0,"max_hp_loss":0,"event_name":"The Mausoleum","floor":19,"gold_loss":0},{"damage_healed":0,"gold_gain":0,"player_choice":"Read","damage_taken":0,"max_hp_gain":0,"max_hp_loss":0,"event_name":"The Library","floor":20,"gold_loss":0,"cards_obtained":["Gash"]},{"damage_healed":0,"gold_gain":0,"player_choice":"Memory 2","damage_taken":5,"max_hp_gain":0,"max_hp_loss":0,"event_name":"SensoryStone","floor":38,"gold_loss":0},{"damage_healed":0,"gold_gain":0,"player_choice":"Embrace Madness","damage_taken":12,"max_hp_gain":0,"max_hp_loss":0,"event_name":"Winding Halls","floor":39,"gold_loss":0,"cards_obtained":["Madness","Madness"]},{"damage_healed":0,"gold_gain":333,"player_choice":"Gave Idol","damage_taken":0,"max_hp_gain":0,"max_hp_loss":0,"event_name":"The Moai Head","floor":45,"relics_lost":["Golden Idol"],"gold_loss":0}],"is_beta":false,"boss_relics":[{"not_picked":["Nuclear Battery","Empty Cage"],"picked":"Pandora\u0027s Box"},{"not_picked":["Snecko Eye","Cursed Key"],"picked":"Coffee Dripper"}],"items_purged_floors":[22,29],"is_endless":false,"potions_floor_spawned":[1,6,8,13,16,28,30,31,37,46],"killed_by":"Awakened One","ascension_level":20}}