{"host":"ix07nhfx4o3nf6kx","time":1613475971,"event":{"mods":["BaseMod","Hermit","Minty Spire (QoL Compilation)","StSLib","The Bug Knight","The Cursed","The Dragon Tamer","The Hierophant","The Jungle","The Runesmith"],"gold_per_floor":[118,133,147,147,165,165,195,370,424,499,518,538,503,232,232,232,232],"floor_reached":16,"language":"KOR","playtime":2550,"items_purged":[],"score":102,"play_id":"67d58d0c-d320-4d7c-954e-067716e84388","local_time":"20210216204611","is_ascension_mode":false,"campfire_choices":[{"data":"HollowMod:BrokenVessel","floor":6,"key":"SMITH"},{"floor":15,"key":"REST"}],"circlet_count":0,"master_deck":["HollowMod:NailStrikeStart","HollowMod:NailStrikeStart","HollowMod:NailStrikeStart","HollowMod:NailStrikeStart","HollowMod:QuickDashStart","HollowMod:QuickDashStart","HollowMod:QuickDashStart","HollowMod:QuickDashStart","HollowMod:FocusHealStart","HollowMod:PogoStrike","HollowMod:InfectedCysts","HollowMod:BrokenVessel+1","HollowMod:ChannelNail","HollowMod:NewJinnsSoul","HollowMod:NewGlowingWomb","Doubt","HollowMod:LuriensSpire","HollowMod:CycloneSlash","HollowMod:InfectedCysts","HollowMod:NewGlowingWomb"],"relics":["HollowMod:VesselMask","Runesmith:Nanobots","MealTicket","Bronze Scales"],"acts_visited":["Exordium"],"potions_floor_usage":[7,12,16],"damage_taken":[{"damage":1,"enemies":"Cultist","floor":1,"turns":4},{"damage":3,"enemies":"Jaw Worm","floor":2,"turns":3},{"damage":4,"enemies":"Small Slimes","floor":3,"turns":2},{"damage":18,"enemies":"Looter","floor":5,"turns":4},{"damage":46,"enemies":"3 Sentries","floor":7,"turns":10},{"damage":0,"enemies":"3 Louse","floor":11,"turns":1},{"damage":18,"enemies":"Large Slime","floor":12,"turns":12},{"damage":78,"enemies":"Hexaghost","floor":16,"turns":11}],"seed_played":"-9214867985656517645","potions_obtained":[{"floor":2,"key":"Strength Potion"},{"floor":7,"key":"SpeedPotion"},{"floor":12,"key":"LiquidMemories"}],"is_trial":false,"path_per_floor":["M","M","M","$","M","R","E","?","T","?","M","M","?","$","R","B"],"character_chosen":"THE_BUGKNIGHT","items_purchased":["Bronze Scales","HollowMod:InfectedCysts","HollowMod:NewGlowingWomb"],"campfire_rested":1,"item_purchase_floors":[14,14,14],"current_hp_per_floor":[77,74,70,70,58,58,24,24,24,13,13,7,29,44,70,0,0],"gold":232,"neow_bonus":"TWENTY_PERCENT_HP_BONUS","is_daily":false,"chose_seed":false,"campfire_upgraded":1,"win_rate":0.0,"timestamp":1613475971,"path_taken":["M","M","M","$","?","R","E","?","T","?","M","M","?","$","R","BOSS"],"items_purchased_type":["Relic","Card","Card"],"build_version":"2020-12-22","purchased_purges":0,"victory":false,"max_hp_per_floor":[89,89,89,89,89,89,89,89,89,89,89,89,89,89,89,89,89],"card_choices":[{"not_picked":["HollowMod:VengefulVoid","HollowMod:NewGlowingWomb"],"picked":"HollowMod:InfectedCysts","floor":1},{"not_picked":["HollowMod:HeavyBlow","HollowMod:PerfectDash"],"picked":"HollowMod:BrokenVessel","floor":2},{"not_picked":["HollowMod:WraithStrike","HollowMod:MawleksShell"],"picked":"HollowMod:ChannelNail","floor":3},{"not_picked":["HollowMod:SoulShaman","HollowMod:Grubsong"],"picked":"HollowMod:NewJinnsSoul","floor":5},{"not_picked":["HollowMod:ChannelNail","HollowMod:LifebloodCocoon"],"picked":"HollowMod:NewGlowingWomb","floor":7},{"not_picked":["HollowMod:InfectedCysts","HollowMod:SiblingsSouls"],"picked":"HollowMod:LuriensSpire","floor":11},{"not_picked":["HollowMod:RecoilStrike","HollowMod:SharpenedNail"],"picked":"HollowMod:CycloneSlash","floor":12}],"player_experience":316476,"relics_obtained":[{"floor":7,"key":"Runesmith:Nanobots"},{"floor":9,"key":"MealTicket"}],"event_choices":[{"damage_healed":0,"gold_gain":175,"player_choice":"AGREE","damage_taken":0,"max_hp_gain":0,"max_hp_loss":0,"event_name":"Liars Game","floor":8,"gold_loss":0,"cards_obtained":["Doubt"]},{"damage_healed":0,"gold_gain":75,"player_choice":"Gather Gold","damage_taken":11,"max_hp_gain":0,"max_hp_loss":0,"event_name":"World of Goop","floor":10,"gold_loss":0},{"damage_healed":22,"gold_gain":0,"player_choice":"Healed","damage_taken":0,"max_hp_gain":0,"max_hp_loss":0,"event_name":"The Cleric","floor":13,"gold_loss":35}],"is_beta":false,"boss_relics":[],"items_purged_floors":[],"is_endless":false,"potions_floor_spawned":[2,7,12],"killed_by":"Hexaghost","ascension_level":0}}