{"host":"fdyek91c29vizs79","time":1613498932,"event":{"mods":["AchievementEnabler","Aspiration","BaseMod","Conspire","Downfall","Halation","Hero for Fun","Hubris","Lobotomy","Minty Spire (QoL Compilation)","Replay The Spire","Shop Mod","StSLib","The Administrix","The Animator","TheBandit","Waifu the Spire","everything is the same but u backflip on backflip"],"gold_per_floor":[110,124,151,166,177,210,118,118,118,193,193,193,193,208,208,208,208],"floor_reached":16,"language":"FRA","playtime":1069,"items_purged":[],"score":102,"play_id":"c73bcddc-be11-4d1e-b923-fb7669935e7a","local_time":"20210216190852","is_ascension_mode":false,"campfire_choices":[{"data":"animator:Aqua","floor":8,"key":"SMITH"},{"data":"animator:Kaijin","floor":11,"key":"SMITH"},{"data":"animator:YunYun","floor":13,"key":"SMITH"},{"floor":15,"key":"RECALL"}],"circlet_count":0,"master_deck":["animator:Strike_Konosuba","animator:Defend_Konosuba","animator:Kazuma","animator:Aqua+1","animator:IchigoKurosaki","animator:MadokaKaname","animator:YunYun+1","animator:Megumin+3","animator:Kaijin+1","animator:Strike_Katanagatari+1","animator:Strike_Konosuba","animator:Strike_Fate","animator:Defend_Fate","animator:Defend_GATE","animator:Defend_OwariNoSeraph"],"relics":["animator:LivingPicture","animator:TheMissingPiece","animator:PurgingStone","HornCleat","Quantum Egg"],"acts_visited":["Exordium"],"potions_floor_usage":[6,16],"damage_taken":[{"damage":2,"enemies":"Small Slimes","floor":1,"turns":4},{"damage":0,"enemies":"2 Louse","floor":2,"turns":3},{"damage":0,"enemies":"Jaw Worm","floor":3,"turns":8},{"damage":8,"enemies":"Exordium Thugs","floor":4,"turns":5},{"damage":0,"enemies":"Exordium Wildlife","floor":5,"turns":2},{"damage":36,"enemies":"Lagavulin","floor":6,"turns":8},{"damage":6,"enemies":"Blue Slaver","floor":14,"turns":3},{"damage":29,"enemies":"Slime Boss","floor":16,"turns":3}],"seed_played":"8682167353435346799","potions_obtained":[{"floor":2,"key":"Adrenaline Potion"},{"floor":14,"key":"BlessingOfTheForge"}],"is_trial":false,"path_per_floor":["M","M","M","M","M","E","?","R","T","?","R","?","R","M","R","B"],"character_chosen":"THE_ANIMATOR","items_purchased":[],"campfire_rested":0,"item_purchase_floors":[],"current_hp_per_floor":[64,66,66,61,61,27,27,27,27,16,16,16,16,13,13,0,0],"gold":208,"neow_bonus":"RANDOM_COLORLESS","is_daily":false,"chose_seed":false,"campfire_upgraded":3,"win_rate":0.0,"timestamp":1613498932,"path_taken":["M","M","M","M","M","E","?","R","T","?","R","?","R","M","R","BOSS"],"items_purchased_type":[],"build_version":"2020-12-22","purchased_purges":0,"victory":false,"max_hp_per_floor":[66,66,66,67,67,67,67,67,67,67,67,67,67,67,67,67,67],"card_choices":[{"not_picked":["animator:Canti","animator:Kagari"],"picked":"animator:IchigoKurosaki","floor":0},{"not_picked":["animator:Guy","animator:ElricAlphonse","animator:DwarfShaman"],"picked":"SKIP","floor":1},{"not_picked":["animator:SayakaMiki","animator:Assassin"],"picked":"animator:MadokaKaname","floor":2},{"not_picked":["animator:Spearman","animator:Souei"],"picked":"animator:YunYun","floor":3},{"not_picked":["animator:Verdia","animator:Vanir"],"picked":"animator:Megumin","floor":4},{"not_picked":["animator:SilverFang","animator:YachiyoNanami"],"picked":"animator:Kaijin","floor":5},{"not_picked":["animator:Witch","animator:Fredrika","animator:GuildGirl"],"picked":"SKIP","floor":6},{"not_picked":["animator:ShinjiMatou","animator:TukaLunaMarceau","animator:Genos"],"picked":"SKIP","floor":14}],"player_experience":288392,"relics_obtained":[{"floor":6,"key":"HornCleat"},{"floor":9,"key":"Quantum Egg"}],"event_choices":[{"damage_healed":0,"gold_gain":75,"player_choice":"Gather Gold","damage_taken":11,"max_hp_gain":0,"max_hp_loss":0,"event_name":"World of Goop","floor":10,"gold_loss":0}],"is_beta":false,"boss_relics":[],"items_purged_floors":[],"is_endless":false,"potions_floor_spawned":[2,14],"killed_by":"Slime Boss","ascension_level":0}}