{"host":"qp7xs8nuzfsyommi","time":1613443983,"event":{"mods":["2.2 Compatiblity","BaseMod","Colored Powertips","DeckTracker","Highlight Path","Minty Spire (QoL Compilation)","Permanent Neow","Quick Restart","StSLib"],"gold_per_floor":[111,125,125,142,161,192,192,221,245,7,7,7,7,26,26,102,152,152,14,64,64,83,83,30,30,30,47,47,65,115,132,132,209,209,225,250,250,29,29,60,60,79,102,112,112,112,112,129,129,129,129,129],"floor_reached":51,"language":"ENG","playtime":2079,"items_purged":[],"score":1416,"play_id":"f08839e5-aa39-43d2-9cf6-ebb76e6f3242","local_time":"20210215215303","is_ascension_mode":true,"campfire_choices":[{"floor":7.0,"key":"REST"},{"floor":13.0,"key":"REST"},{"data":"Dualcast","floor":15.0,"key":"SMITH"},{"floor":23,"key":"RECALL"},{"data":"Biased Cognition","floor":25,"key":"SMITH"},{"floor":28,"key":"REST"},{"floor":32,"key":"REST"},{"floor":41,"key":"REST"},{"floor":49,"key":"REST"}],"circlet_count":0,"master_deck":["AscendersBane","Strike_B","Strike_B","Strike_B","Strike_B","Defend_B","Defend_B","Defend_B+1","Zap+1","Dualcast+1","CurseOfTheBell","Turbo","Ball Lightning","Coolheaded","Rainbow","Go for the Eyes+1","Loop","All For One+1","All For One+1","Biased Cognition+1","Lockon+1","Chill","Turbo","Steam","Sweeping Beam+1","Leap","White Noise","Doom and Gloom+1","All For One+1","Redo+1","Gash+1","Forethought","Beam Cell+1","Fission","Streamline+1","Doubt","Self Repair+1"],"relics":["Calling Bell","Orichalcum","Blue Candle","Dead Branch","Molten Egg 2","Anchor","Strawberry","ClockworkSouvenir","Tiny House","Ornamental Fan","SlaversCollar","Boot","Toolbox","Regal Pillow","Nunchaku","Ice Cream"],"acts_visited":["Exordium","TheCity","TheBeyond"],"potions_floor_usage":[18,27,40,48,51],"damage_taken":[{"damage":8.0,"enemies":"Cultist","floor":1.0,"turns":5.0},{"damage":9.0,"enemies":"Jaw Worm","floor":2.0,"turns":4.0},{"damage":4.0,"enemies":"Small Slimes","floor":4.0,"turns":4.0},{"damage":7.0,"enemies":"Blue Slaver","floor":5.0,"turns":3.0},{"damage":21.0,"enemies":"Lagavulin","floor":6.0,"turns":7.0},{"damage":13.0,"enemies":"3 Sentries","floor":8.0,"turns":7.0},{"damage":0.0,"enemies":"2 Fungi Beasts","floor":14.0,"turns":3.0},{"damage":8.0,"enemies":"Slime Boss","floor":16.0,"turns":7.0},{"damage":0,"enemies":"3 Byrds","floor":18,"turns":1},{"damage":0,"enemies":"Spheric Guardian","floor":22,"turns":2},{"damage":14,"enemies":"Shelled Parasite and Fungi","floor":27,"turns":4},{"damage":28,"enemies":"Snake Plant","floor":29,"turns":5},{"damage":15,"enemies":"Sentry and Sphere","floor":31,"turns":4},{"damage":1,"enemies":"Collector","floor":33,"turns":7},{"damage":0,"enemies":"3 Shapes","floor":35,"turns":4},{"damage":44,"enemies":"Giant Head","floor":40,"turns":8},{"damage":41,"enemies":"3 Darklings","floor":42,"turns":3},{"damage":6,"enemies":"Jaw Worm Horde","floor":44,"turns":4},{"damage":33,"enemies":"Spire Growth","floor":48,"turns":5},{"damage":75,"enemies":"Donu and Deca","floor":50,"turns":11},{"damage":28,"enemies":"Time Eater","floor":51,"turns":2}],"seed_played":"-2804918438904637642","potions_obtained":[{"floor":1.0,"key":"Ancient Potion"},{"floor":8.0,"key":"Explosive Potion"},{"floor":14.0,"key":"Dexterity Potion"},{"floor":17.0,"key":"SmokeBomb"},{"floor":22,"key":"Block Potion"},{"floor":42,"key":"ColorlessPotion"},{"floor":44,"key":"Swift Potion"}],"is_trial":false,"path_per_floor":["M","M","?","M","M","E","R","E","T","$","T","$","R","M","R","B",null,"M","$","?","?","M","R","$","R","T","M","R","M","?","M","R","B",null,"M","T","?","$","?","E","R","M","T","M","?","?","T","M","R","B","B"],"character_chosen":"DEFECT","items_purchased":["All For One+1","ClockworkSouvenir","Chill","Turbo","Sweeping Beam+1","Gash+1","Toolbox"],"campfire_rested":6,"item_purchase_floors":[10,10,19,19,24,38,38],"current_hp_per_floor":[56,47,47,43,36,15,36,23,30,30,30,30,53,53,53,45,75,75,75,75,51,51,51,51,51,51,37,63,35,35,20,46,45,77,77,77,77,77,77,33,74,33,33,27,88,88,88,55,88,23,0,0],"gold":129,"neow_bonus":"BOSS_RELIC","is_daily":false,"chose_seed":false,"campfire_upgraded":2,"win_rate":0.0,"timestamp":1613443983,"path_taken":["M","?","?","?","M","E","R","E","T","$","?","?","R","M","R","BOSS","M","$","?","?","M","R","$","R","T","M","R","M","?","?","R","BOSS","M","?","?","$","?","E","R","?","T","M","?","?","?","M","R","BOSS","BOSS"],"items_purchased_type":["Card","Relic","Card","Card","Card","Card","Relic"],"build_version":"2020-12-22","purchased_purges":0,"victory":false,"max_hp_per_floor":[71,71,71,71,71,71,71,71,78,78,78,78,78,78,78,78,83,83,83,83,88,88,88,88,88,88,88,88,88,88,88,88,88,88,88,88,88,88,88,88,88,88,88,88,88,88,88,88,88,88,88,88],"card_choices":[{"not_picked":["Storm","Steam"],"picked":"Turbo","floor":1.0},{"not_picked":["Auto Shields","Recycle"],"picked":"Ball Lightning","floor":2.0},{"not_picked":["Hello World","Barrage"],"picked":"Coolheaded","floor":4.0},{"not_picked":["Stack","Sunder"],"picked":"Rainbow","floor":5.0},{"not_picked":["Beam Cell+1","Coolheaded"],"picked":"Go for the Eyes+1","floor":6.0},{"not_picked":["Conserve Battery","Ball Lightning+1"],"picked":"Loop","floor":8.0},{"not_picked":["Auto Shields","Coolheaded"],"picked":"All For One+1","floor":14.0},{"not_picked":["Hyperbeam+1","Seek"],"picked":"Biased Cognition","floor":16.0},{"not_picked":["Sunder+1","Ball Lightning+1"],"picked":"Lockon+1","floor":17.0},{"not_picked":["Go for the Eyes+1","Aggregate"],"picked":"Steam","floor":22},{"not_picked":["Cold Snap+1","Barrage+1"],"picked":"Leap","floor":27},{"not_picked":["Barrage+1","Rebound+1"],"picked":"White Noise","floor":29},{"not_picked":["Rainbow","Cold Snap+1"],"picked":"Doom and Gloom+1","floor":31},{"not_picked":["Amplify","Reboot"],"picked":"All For One+1","floor":33},{"not_picked":["Barrage+1","Coolheaded"],"picked":"Redo+1","floor":35},{"not_picked":["Trip","Impatience"],"picked":"Forethought","floor":39},{"not_picked":["Coolheaded+1","Ball Lightning+1"],"picked":"Beam Cell+1","floor":40},{"not_picked":["Scrape+1","Darkness"],"picked":"Fission","floor":42},{"not_picked":["Leap","Coolheaded"],"picked":"Streamline+1","floor":44},{"not_picked":["Loop","Steam+1"],"picked":"Self Repair+1","floor":48}],"player_experience":1929974,"relics_obtained":[{"floor":0.0,"key":"Orichalcum"},{"floor":0.0,"key":"Blue Candle"},{"floor":0.0,"key":"Dead Branch"},{"floor":6.0,"key":"Molten Egg 2"},{"floor":8.0,"key":"Anchor"},{"floor":9.0,"key":"Strawberry"},{"floor":26,"key":"Ornamental Fan"},{"floor":36,"key":"Boot"},{"floor":40,"key":"Regal Pillow"},{"floor":43,"key":"Nunchaku"},{"floor":47,"key":"Ice Cream"}],"event_choices":[{"damage_healed":0.0,"max_hp_gain":0.0,"max_hp_loss":0.0,"gold_gain":0.0,"event_name":"Upgrade Shrine","player_choice":"Upgraded","floor":3.0,"gold_loss":0.0,"damage_taken":0.0,"cards_upgraded":["Zap"]},{"damage_healed":0,"gold_gain":50,"player_choice":"Stole From Cult","damage_taken":0,"max_hp_gain":0,"max_hp_loss":0,"event_name":"Nest","floor":20,"gold_loss":0},{"damage_healed":0,"gold_gain":0,"player_choice":"Shed Blood","damage_taken":29,"max_hp_gain":5,"max_hp_loss":0,"event_name":"Forgotten Altar","floor":21,"gold_loss":0},{"damage_healed":0,"gold_gain":50,"player_choice":"Pray","damage_taken":0,"max_hp_gain":0,"max_hp_loss":0,"event_name":"Golden Shrine","floor":30,"gold_loss":0},{"cards_removed":["Defend_B"],"damage_healed":0,"gold_gain":0,"player_choice":"Removed Skill","damage_taken":0,"max_hp_gain":0,"max_hp_loss":0,"event_name":"Falling","floor":37,"gold_loss":0},{"damage_healed":0,"gold_gain":0,"player_choice":"Memory 1","damage_taken":0,"max_hp_gain":0,"max_hp_loss":0,"event_name":"SensoryStone","floor":39,"gold_loss":0},{"damage_healed":61,"gold_gain":0,"player_choice":"Heal","damage_taken":0,"max_hp_gain":0,"max_hp_loss":0,"event_name":"MindBloom","floor":45,"gold_loss":0,"cards_obtained":["Doubt"]},{"damage_healed":0,"gold_gain":0,"player_choice":"Ignored","damage_taken":0,"max_hp_gain":0,"max_hp_loss":0,"event_name":"Tomb of Lord Red Mask","floor":46,"gold_loss":0}],"is_beta":false,"boss_relics":[{"not_picked":["Fusion Hammer","Black Star"],"picked":"Tiny House"},{"not_picked":["Philosopher\u0027s Stone","Nuclear Battery"],"picked":"SlaversCollar"}],"items_purged_floors":[],"is_endless":false,"potions_floor_spawned":[1,8,14,22,42,44],"killed_by":"Time Eater","ascension_level":20}}