{"host":"kpcx2wrn7eq3nf7c","time":1613451178,"event":{"mods":["Act Like it!","BaseMod","CapriCore","Card Forge","Friendly Minions","Gensokyo","Hermit","Koishi","Marisa（霧雨　魔理沙）","Minty Spire (QoL Compilation)","StSLib","The Animator","The Immortal","The Servant 0.9.4","Waifu the Spire","Youmu（魂魄妖梦）"],"gold_per_floor":[20,36,36,26,38,72,72,97,169,169,188,218,218,233,233,332,332,345,445,458,471,483,516,516,516,542,542,556,589,589,614,614,719,719,731,731,731,731,731,731,743,771,820,854,885,910,932,145,145,145],"floor_reached":51,"language":"ZHS","playtime":3758,"items_purged":["Strike_S"],"score":1102,"play_id":"985d1928-5bd6-43c6-a432-d209d832b59f","local_time":"20210216125258","is_ascension_mode":true,"campfire_choices":[{"data":"Dilation","floor":7.0,"key":"SMITH"},{"data":"KidneyShot","floor":10.0,"key":"SMITH"},{"data":"Potential","floor":15.0,"key":"SMITH"},{"floor":24.0,"key":"REST"},{"floor":30.0,"key":"REST"},{"floor":32.0,"key":"REST"},{"data":"Gensokyo:Dawn","floor":40.0,"key":"SMITH"},{"floor":49,"key":"REST"}],"circlet_count":0,"master_deck":["Strike_S","Strike_S","Strike_S","Defend_S","Defend_S","Defend_S+1","Defend_S","KidneyShot+1","Exchange","Dilation+1","Rearm+1","GearUp","Starlight+1","Potential+1","MoonPhase","MoonPhase","Potential+1","Defy+1","BottledTime","TimeWarp+1","SilverBlades","Gensokyo:Dawn+1","BottledTime+1","Sadistic Nature","Reset","SilverBlades","SilverBlades"],"relics":["Uniform","Hammer of Thor","Seething Fire","Anvil of the Gods","Bird Faced Urn","Blood Vial","HornCleat","Singing Bowl","The Courier","Black Star","Calipers","Girya","Ornamental Fan","Pear","Akabeko","Dream Catcher","Oddly Smooth Stone","Pocketwatch","Question Card","Ancient Tea Set","MysterySword","Bronze Scales","Strawberry","MawBank","War Paint","Toy Ornithopter","Sling","Bag of Marbles"],"acts_visited":["Gensokyo:Gensokyo","Gensokyo:Gensokyoer","Gensokyo:Gensokyoest"],"potions_floor_usage":[50,50],"damage_taken":[{"damage":1.0,"enemies":"Gensokyo:2_Kodama","floor":1.0,"turns":5.0},{"damage":4.0,"enemies":"Gensokyo:Gryphon","floor":2.0,"turns":5.0},{"damage":0.0,"enemies":"Gensokyo:Python","floor":5.0,"turns":4.0},{"damage":0.0,"enemies":"Gensokyo:Mamizou","floor":6.0,"turns":9.0},{"damage":21.0,"enemies":"Gensokyo:Cirno","floor":8.0,"turns":7.0},{"damage":0.0,"enemies":"Gensokyo:CorruptedTreant","floor":11.0,"turns":3.0},{"damage":0.0,"enemies":"Gensokyo:Mamizou","floor":12.0,"turns":7.0},{"damage":4.0,"enemies":"Gensokyo:2_Rabbits","floor":14.0,"turns":5.0},{"damage":0.0,"enemies":"Gensokyo:Yukari","floor":16.0,"turns":11.0},{"damage":32.0,"enemies":"Gensokyo:AngelMirror","floor":18.0,"turns":5.0},{"damage":0.0,"enemies":"Gensokyo:AngelMirror","floor":19.0,"turns":8.0},{"damage":5.0,"enemies":"Gensokyo:CosmicMonolith","floor":20.0,"turns":7.0},{"damage":28.0,"enemies":"Gensokyo:Swordslinger","floor":21.0,"turns":5.0},{"damage":22.0,"enemies":"Gensokyo:Slime_Group","floor":22.0,"turns":8.0},{"damage":21.0,"enemies":"Gensokyo:Koishi","floor":23.0,"turns":8.0},{"damage":5.0,"enemies":"Gensokyo:Wraith","floor":28.0,"turns":3.0},{"damage":36.0,"enemies":"Gensokyo:Reisen","floor":29.0,"turns":9.0},{"damage":37.0,"enemies":"Gensokyo:Koishi","floor":31.0,"turns":9.0},{"damage":23.0,"enemies":"Gensokyo:Eternal_Rivals","floor":33.0,"turns":10.0},{"damage":19.0,"enemies":"Gensokyo:3_Boulders","floor":35.0,"turns":7.0},{"damage":17.0,"enemies":"Gensokyo:AncientGuardian","floor":41.0,"turns":9.0},{"damage":56,"enemies":"Gensokyo:Marisa","floor":42,"turns":7},{"damage":0,"enemies":"Gensokyo:Doremy","floor":44,"turns":6},{"damage":0,"enemies":"Gensokyo:Rafflesia","floor":45,"turns":6},{"damage":15,"enemies":"Gensokyo:Dusk_and_Dawn","floor":46,"turns":6},{"damage":0,"enemies":"Gensokyo:3_Boulders","floor":47,"turns":6},{"damage":110,"enemies":"Gensokyo:Scarlet_Devils","floor":50,"turns":12}],"seed_played":"8681597592287740098","potions_obtained":[{"floor":1.0,"key":"LiquidMemories"},{"floor":6.0,"key":"Weak Potion"},{"floor":8.0,"key":"Fire Potion"},{"floor":14.0,"key":"BlessingOfTheForge"},{"floor":19.0,"key":"ColorlessPotion"},{"floor":21.0,"key":"Energy Potion"},{"floor":22.0,"key":"SteroidPotion"},{"floor":33.0,"key":"Block Potion"},{"floor":35.0,"key":"BlessingOfTheForge"},{"floor":47,"key":"Energy Potion"}],"is_trial":false,"path_per_floor":["M","M","?","?","M","E","R","E","T","R","M","E","T","M","R","B",null,"M","?","M","M","M","E","R","?","T","T","M","E","R","E","R","B",null,"M","?","?","T","?","R","M","E","T","E","M","M","M","$","R","B",null],"character_chosen":"THE_SERVANT","items_purchased":["Sadistic Nature","Reset","Dexterity Potion","Toy Ornithopter","Weak Potion","SilverBlades","SilverBlades","Sling","Bag of Marbles"],"campfire_rested":4,"item_purchase_floors":[48,48,48,48,48,48,48,48,48],"current_hp_per_floor":[64,60,60,65,65,65,65,44,44,44,48,56,56,60,60,68,71,43,51,52,32,16,13,39,39,39,39,40,12,40,11,38,25,95,76,76,76,76,76,76,69,21,28,38,48,43,53,53,88,2],"gold":145,"neow_bonus":"THREE_RARE_CARDS","is_daily":false,"chose_seed":false,"campfire_upgraded":4,"win_rate":0.0,"timestamp":1613451178,"path_taken":["M","M","?","?","M","E","R","E","T","R","M","E","?","?","R","BOSS","M","?","M","M","?","E","R","?","T","?","?","E","R","E","R","BOSS","M","?","?","?","?","R","?","E","T","E","M","M","M","$","R","BOSS"],"items_purchased_type":["Card","Card","Potion","Relic","Potion","Card","Card","Relic","Relic"],"build_version":"2020-12-22","purchased_purges":1,"victory":true,"max_hp_per_floor":[65,65,65,65,65,65,65,65,65,65,65,67,67,69,69,71,71,71,73,73,75,75,87,87,87,87,87,87,89,91,93,93,95,95,95,95,95,95,95,95,97,97,104,106,108,110,112,112,114,114],"card_choices":[{"not_picked":["TrueSight","PendulumOfEternity"],"picked":"Dilation","floor":0.0},{"not_picked":["Desolation","Revamp"],"picked":"Rearm","floor":1.0},{"not_picked":["BottledTime","DoubleEdge"],"picked":"GearUp","floor":2.0},{"not_picked":["ShiftingGears","Replace"],"picked":"Potential","floor":5.0},{"not_picked":["Rearm","DoubleEdge","Spin"],"picked":"SKIP","floor":6.0},{"not_picked":["Solidify","Defy"],"picked":"MoonPhase","floor":8.0},{"not_picked":["Potential","Alleviate"],"picked":"MoonPhase","floor":11.0},{"not_picked":["Starlight","FastForward","Revamp"],"picked":"Singing Bowl","floor":12.0},{"not_picked":["TimeTheft","Rewind","ShatteredReality"],"picked":"Singing Bowl","floor":14.0},{"not_picked":["Solidify","Duplication","LightFlow"],"picked":"Singing Bowl","floor":16.0},{"not_picked":["Collapse","Revamp+1"],"picked":"Potential+1","floor":18.0},{"not_picked":["Deadline","Starlight","Alleviate"],"picked":"Singing Bowl","floor":19.0},{"not_picked":["Starlight","Read"],"picked":"Defy+1","floor":20.0},{"not_picked":["Deadline+1","FastForward","Replace"],"picked":"Singing Bowl","floor":21.0},{"not_picked":["Spin+1","TimeTheft+1"],"picked":"BottledTime","floor":22.0},{"not_picked":["ShiftingGears","Rearm+1","DoubleEdge"],"picked":"Singing Bowl","floor":23.0},{"not_picked":["Potential+1","ShatteredReality"],"picked":"TimeWarp+1","floor":28.0},{"not_picked":["InstantArmor","Hightail","Alleviate+1"],"picked":"Singing Bowl","floor":29.0},{"not_picked":["SilverMatrix","Alleviate","FastForward"],"picked":"Singing Bowl","floor":30.0},{"not_picked":["Defy","BottledTime","FastForward"],"picked":"Singing Bowl","floor":31.0},{"not_picked":["Read","Ricochet","Starlight+1"],"picked":"SilverBlades","floor":32.0},{"not_picked":["Duplication","Sunlight","Solidify","TrueSight"],"picked":"Singing Bowl","floor":33.0},{"not_picked":["DoubleEdge","Spin","DancingSilver"],"picked":"Advance+1","floor":35.0},{"not_picked":["Gensokyo:BrilliantDragonBullet","Gensokyo:NewMoon"],"picked":"Gensokyo:Dawn","floor":39.0},{"not_picked":["Contraction","Potential+1","DoubleEdge","Spin"],"picked":"Singing Bowl","floor":41.0},{"not_picked":["TimeWarp+1","DualDimension+1","StarChef"],"picked":"BottledTime+1","floor":42},{"not_picked":["BottledTime","BestPractice","TimeWarp","Deny"],"picked":"Singing Bowl","floor":44},{"not_picked":["FastForward+1","TimeWarp","Unruled","Rearm+1"],"picked":"Singing Bowl","floor":45},{"not_picked":["Barrier+1","Replace+1","TimeWarp+1","Alleviate+1"],"picked":"Singing Bowl","floor":46},{"not_picked":["Revamp+1","Alleviate","ShatteredReality+1","BestPractice"],"picked":"Singing Bowl","floor":47},{"not_picked":["Ricochet+1","TimeTheft+1","Duplication","Replace+1"],"picked":"Singing Bowl","floor":49}],"player_experience":1243221,"relics_obtained":[{"floor":6.0,"key":"Bird Faced Urn"},{"floor":8.0,"key":"Blood Vial"},{"floor":9.0,"key":"HornCleat"},{"floor":12.0,"key":"Singing Bowl"},{"floor":13.0,"key":"The Courier"},{"floor":19.0,"key":"Calipers"},{"floor":19.0,"key":"Girya"},{"floor":23.0,"key":"Ornamental Fan"},{"floor":23.0,"key":"Pear"},{"floor":26.0,"key":"Akabeko"},{"floor":27.0,"key":"Dream Catcher"},{"floor":29.0,"key":"Oddly Smooth Stone"},{"floor":29.0,"key":"Pocketwatch"},{"floor":31.0,"key":"Question Card"},{"floor":31.0,"key":"Ancient Tea Set"},{"floor":42,"key":"Bronze Scales"},{"floor":43,"key":"Strawberry"},{"floor":44,"key":"MawBank"},{"floor":44,"key":"War Paint"}],"event_choices":[],"is_beta":false,"boss_relics":[{"not_picked":["SacredBark","Empty Cage"],"picked":"Black Star"},{"not_picked":["Fusion Hammer","Busted Crown"],"picked":"MysterySword"}],"items_purged_floors":[48],"is_endless":false,"potions_floor_spawned":[1,6,8,14,19,21,22,33,35,45,47],"ascension_level":4}}