{"host":"ve5hox67eka4rdnb","time":1613485819,"event":{"mods":["ATMod(∞¢Ë™Mod)","AchievementEnabler","Act Like it!","BaseMod","Downfall","Gensokyo","Hermit","Lobotomy","LobotomyExtend","Marisa£®ÏF”Í°°ƒß¿Ì…≥£©","Minty Spire (QoL Compilation)","Quick Restart","Remilia£®¿Ÿ√◊¿Ú—«£©","Replay The Spire","Shop Mod","StSLib"],"gold_per_floor":[99,99,99,99,99,99,124,224,224,243,268,68,53,71,82,82,82,82],"floor_reached":16,"language":"ZHS","playtime":847,"items_purged":[],"score":96,"play_id":"dfcf48a7-c574-4fe2-a99b-7f7a4ccc4e29","local_time":"20210216223019","is_ascension_mode":false,"campfire_choices":[{"floor":1.0,"key":"RECALL"},{"data":"AT_FamilyPortrait","floor":6.0,"key":"SMITH"},{"data":"bronze:Goto","floor":12,"key":"SMITH"}],"circlet_count":0,"master_deck":["bronze:Strike","bronze:Strike","bronze:Strike","bronze:Defend","bronze:Defend","bronze:Defend","bronze:Defend","bronze:Replicate","bronze:Goto+1","AT_FamilyPortrait+1","bronze:Return+1","bronze:Turbo","bronze:Return","bronze:Frontload","bronze:ClassDefault","bronze:Branch","bronze:Branch","bronze:ChildClass"],"relics":["bronze:BronzeCore","AT_ATBox","downfall:HeartsMalice","LetterFromLob","Bronze Scales","Orichalcum","downfall:HeartBlessingGreen","downfall:HeartBlessingRed"],"acts_visited":["Exordium"],"potions_floor_usage":[11,16],"damage_taken":[{"damage":0.0,"enemies":"Cultist","floor":2.0,"turns":1.0},{"damage":0.0,"enemies":"Jaw Worm","floor":3.0,"turns":1.0},{"damage":0.0,"enemies":"2 Louse","floor":4.0,"turns":1.0},{"damage":13.0,"enemies":"Large Slime","floor":10.0,"turns":3.0},{"damage":34,"enemies":"Lagavulin","floor":11,"turns":11},{"damage":4,"enemies":"downfall:FleeingMerchant","floor":13,"turns":4},{"damage":3,"enemies":"2 Fungi Beasts","floor":14,"turns":4},{"damage":0,"enemies":"Exordium Wildlife","floor":15,"turns":4},{"damage":16,"enemies":"WA_ARCHETYPE_RETAIN","floor":16,"turns":6}],"seed_played":"-2664372640767854880","potions_obtained":[{"floor":10.0,"key":"Venom Potion"},{"floor":11,"key":"SpeedPotion"},{"floor":14,"key":"bronze:FreeFunctionsPotion"},{"floor":15,"key":"Death Potion"}],"is_trial":false,"path_per_floor":["R","M","M","M","?","R","T","?","?","M","E","R","$","M","M","B"],"character_chosen":"THE_AUTOMATON","items_purchased":[],"campfire_rested":0,"item_purchase_floors":[],"current_hp_per_floor":[70,70,70,70,70,70,70,70,70,57,23,23,19,16,16,0,0,0],"gold":82,"neow_bonus":"THREE_ENEMY_KILL","is_daily":false,"chose_seed":false,"campfire_upgraded":2,"win_rate":0.0,"timestamp":1613485819,"path_taken":["R","?","M","M","?","R","T","?","?","M","E","R","$","M","M","BOSS"],"items_purchased_type":[],"build_version":"2020-12-22","purchased_purges":0,"victory":false,"max_hp_per_floor":[70,70,70,70,70,70,70,70,70,70,70,70,70,70,70,70,70,70],"card_choices":[{"not_picked":["bronze:Philosophize","bronze:OilSpill"],"picked":"bronze:Return","floor":2.0},{"not_picked":["bronze:Optimize","bronze:DelayedGuard"],"picked":"bronze:Turbo","floor":3.0},{"not_picked":["bronze:DelayedGuard","bronze:Shield"],"picked":"bronze:Return","floor":4.0},{"not_picked":["bronze:Iterate","bronze:ChosenStrike"],"picked":"bronze:Frontload","floor":10.0},{"not_picked":["bronze:Separator","bronze:ChosenStrike"],"picked":"bronze:ClassDefault","floor":11},{"not_picked":["bronze:ClassDefault","bronze:DigitalCarnage"],"picked":"bronze:Branch","floor":13},{"not_picked":["bronze:CleanCode","bronze:Frontload"],"picked":"bronze:Branch","floor":14},{"not_picked":["bronze:Overheat","bronze:Backtrace"],"picked":"bronze:ChildClass","floor":15}],"player_experience":230536,"relics_obtained":[{"floor":2.0,"key":"LetterFromLob"},{"floor":7.0,"key":"Bronze Scales"},{"floor":11,"key":"Orichalcum"}],"event_choices":[{"cards_removed":["bronze:Strike"],"damage_healed":0.0,"max_hp_gain":0.0,"max_hp_loss":0.0,"gold_gain":0.0,"event_name":"The Cleric","player_choice":"Card Removal","floor":5.0,"gold_loss":0.0,"damage_taken":0.0}],"is_beta":false,"boss_relics":[],"items_purged_floors":[],"is_endless":false,"potions_floor_spawned":[10,11,14,15],"killed_by":"WA_ARCHETYPE_RETAIN","ascension_level":0}}