{"host":"ne5hixkhdtkevwwo","time":1613498274,"event":{"mods":["BaseMod","Downfall","Minty Spire (QoL Compilation)","Relic Stats","StSLib"],"gold_per_floor":[99,110,127,138,238,270,297,313,329,70,80,93,93,120,139,243,243,143,162,172,2,2,0,0,0,26,26,49,135,174,99,126,232,232,232,245,306,206,218,247,247,276,314,114,214,258,258,28,39,39,39,81,30,30,30,30,30,30],"floor_reached":56,"language":"ENG","playtime":3968,"items_purged":["Writhe","bronze:Strike"],"score":1103,"play_id":"00e9bb20-0c45-4598-9cac-4525f100241f","local_time":"20210216185754","is_ascension_mode":true,"campfire_choices":[{"data":"bronze:Goto","floor":1.0,"key":"SMITH"},{"data":"bronze:InfiniteLoop","floor":13,"key":"SMITH"},{"data":"bronze:Library","floor":18,"key":"SMITH"},{"floor":25,"key":"REST"},{"data":"bronze:BronzeOrb","floor":27,"key":"SMITH"},{"floor":35,"key":"RECALL"},{"data":"Master of Strategy","floor":44,"key":"SMITH"},{"floor":47,"key":"DIG"},{"floor":54,"key":"REST"}],"circlet_count":0,"master_deck":["bronze:Defend","bronze:Defend","bronze:Defend","bronze:Defend","bronze:Replicate","bronze:Goto+1","bronze:WildBeam","bronze:Separator","bronze:DelayedSlice","bronze:InfiniteLoop+1","bronze:Separator","bronze:Repair","bronze:ThunderWave","bronze:FollowUp","bronze:DelayedSlice","bronze:Library+1","bronze:BronzeOrb+1","bronze:HardenedForm","bronze:Frontload+1","bronze:Deprecate+1","bronze:FollowUp","bronze:Virus","bronze:GetLatest+1","bronze:BronzeArmor","bronze:InfiniteBeams","bronze:Frontload","Master of Strategy+1","bronze:Safeguard","bronze:ClassDefault","bronze:ThunderWave","bronze:GetLatest+1","Parasite","bronze:Boost+1","bronze:Frontload","bronze:Repair","bronze:DelayedGuard+1","expansioncontent:AwakenDeath","bronze:ForceShield+1"],"relics":["bronze:BronzeCore","Bag of Preparation","Blood Vial","Kunai","Meat on the Bone","bronze:ElectromagneticCoil","downfall:HeartBlessingGreen","bronze:DonusWashers","Torii","CeramicFish","Anchor","Runic Dome","Shovel","Bottled Lightning","downfall:HeartBlessingRed","downfall:HeartBlessingBlue","Lantern","Pantograph","Lee\u0027s Waffle","PreservedInsect"],"acts_visited":["Exordium","TheCity","TheBeyond","TheEnding"],"potions_floor_usage":[14,19,20,29,30,37,37,37,42,50,52,56,56],"damage_taken":[{"damage":0.0,"enemies":"2 Louse","floor":2.0,"turns":2.0},{"damage":2.0,"enemies":"Jaw Worm","floor":3.0,"turns":4.0},{"damage":0.0,"enemies":"Cultist","floor":4.0,"turns":3.0},{"damage":10.0,"enemies":"3 Sentries","floor":6.0,"turns":5.0},{"damage":13.0,"enemies":"Red Slaver","floor":8.0,"turns":3.0},{"damage":7.0,"enemies":"downfall:LooterAlt","floor":9.0,"turns":3.0},{"damage":6.0,"enemies":"downfall:FleeingMerchant","floor":10.0,"turns":4.0},{"damage":0,"enemies":"2 Fungi Beasts","floor":11,"turns":2},{"damage":6,"enemies":"Lots of Slimes","floor":12,"turns":3},{"damage":16,"enemies":"Lagavulin","floor":14,"turns":5},{"damage":0,"enemies":"Large Slime","floor":15,"turns":3},{"damage":31,"enemies":"IC_STATUS_ARCHETYPE","floor":16,"turns":7},{"damage":4,"enemies":"downfall:LooterAlt2","floor":19,"turns":4},{"damage":19,"enemies":"Shell Parasite","floor":20,"turns":4},{"damage":10,"enemies":"downfall:FleeingMerchant","floor":21,"turns":4},{"damage":3,"enemies":"downfall:FleeingMerchant","floor":23,"turns":4},{"damage":6,"enemies":"Gremlin Leader","floor":26,"turns":9},{"damage":0,"enemies":"3 Cultists","floor":28,"turns":4},{"damage":5,"enemies":"downfall:FleeingMerchant","floor":29,"turns":4},{"damage":8,"enemies":"Book of Stabbing","floor":30,"turns":5},{"damage":0,"enemies":"Centurion and Healer","floor":32,"turns":4},{"damage":30,"enemies":"SI_MIRROR_ARCHETYPE","floor":33,"turns":12},{"damage":0,"enemies":"3 Shapes","floor":36,"turns":5},{"damage":24,"enemies":"2 Orb Walkers","floor":37,"turns":8},{"damage":0,"enemies":"Orb Walker","floor":39,"turns":2},{"damage":53,"enemies":"Writhing Mass","floor":40,"turns":10},{"damage":8,"enemies":"3 Darklings","floor":42,"turns":7},{"damage":33,"enemies":"Giant Head","floor":43,"turns":9},{"damage":7,"enemies":"Reptomancer","floor":46,"turns":6},{"damage":56,"enemies":"Transient","floor":49,"turns":5},{"damage":24,"enemies":"DF_ARCHETYPE_ORBS","floor":50,"turns":14},{"damage":77,"enemies":"downfall:CharBossMerchant","floor":52,"turns":14},{"damage":0,"enemies":"downfall:NeowBoss","floor":55,"turns":17},{"damage":137,"enemies":"downfall:NeowBossFinal","floor":56,"turns":14}],"seed_played":"6463028628676679693","potions_obtained":[{"floor":0.0,"key":"bronze:BurnAndBuffPotion"},{"floor":0.0,"key":"SmokeBomb"},{"floor":0.0,"key":"Fire Potion"},{"floor":3.0,"key":"Dexterity Potion"},{"floor":4.0,"key":"SkillPotion"},{"floor":9.0,"key":"EssenceOfSteel"},{"floor":14,"key":"Slimebound:ThreeZeroPotion"},{"floor":16,"key":"BlessingOfTheForge"},{"floor":19,"key":"EssenceOfSteel"},{"floor":26,"key":"Dexterity Potion"},{"floor":30,"key":"GamblersBrew"},{"floor":36,"key":"Regen Potion"},{"floor":40,"key":"SpeedPotion"},{"floor":43,"key":"Fire Potion"},{"floor":46,"key":"Swift Potion"},{"floor":49,"key":"hexamod:SoulburnPotion"}],"is_trial":false,"path_per_floor":["R","M","M","M","?","E","T","M","M","$","M","M","R","E","M","B",null,"R","M","M","$","?","$","T","R","E","R","M","$","E","$","M","B",null,"R","M","?","$","M","M","T","M","E","R","?","E","R","$","M","B",null,"E","$","R","B","B"],"character_chosen":"THE_AUTOMATON","items_purchased":["Kunai","bronze:DonusWashers","bronze:InfiniteBeams","bronze:Frontload","Master of Strategy","Lee\u0027s Waffle","expansioncontent:AwakenDeath","FearPotion"],"campfire_rested":2,"item_purchase_floors":[10,21,29,29,29,48,48,53],"current_hp_per_floor":[63,63,61,61,61,51,51,40,35,38,47,50,50,43,52,42,63,63,70,51,43,43,49,49,70,64,64,66,65,62,62,70,47,64,64,70,58,58,60,28,28,41,29,39,39,48,48,87,50,67,82,33,33,59,87,0,0,0],"gold":30,"neow_bonus":"THREE_SMALL_POTIONS","is_daily":false,"chose_seed":false,"campfire_upgraded":5,"win_rate":0.0,"timestamp":1613498274,"path_taken":["R","M","M","M","?","E","T","M","M","$","M","M","R","E","M","BOSS","R","M","M","$","?","?","T","R","E","R","?","$","E","?","M","BOSS","R","M","?","$","M","M","T","M","E","R","?","E","R","$","M","BOSS","E","$","R","BOSS","BOSS"],"items_purchased_type":["Relic","Relic","Card","Card","Card","Relic","Card","Potion"],"build_version":"2020-12-22","purchased_purges":2,"victory":false,"max_hp_per_floor":[70,70,70,70,70,70,70,70,70,70,70,70,70,70,70,70,70,70,70,70,70,70,70,70,70,70,70,70,70,70,70,70,70,70,70,70,70,70,70,70,70,70,70,80,80,80,80,87,87,87,87,87,87,87,87,87,87,87],"relic_stats":{"Blood Vial":48,"Lee\u0027s Waffle":39,"Shovel":1,"Torii":44,"counters":[34,209],"CeramicFish":144,"Pantograph":50,"PreservedInsect":0,"Bag of Preparation":[60],"Kunai":[146],"obtain_stats":[{"bronze:ElectromagneticCoil":17,"bronze:DonusWashers":21,"Lantern":46,"Lee\u0027s Waffle":48,"bronze:BronzeCore":0,"Torii":24,"downfall:HeartBlessingRed":44,"CeramicFish":26,"downfall:HeartBlessingGreen":18,"PreservedInsect":52,"Bag of Preparation":6,"Blood Vial":7,"Runic Dome":34,"Anchor":30,"Shovel":37,"downfall:HeartBlessingBlue":44,"Pantograph":47,"Kunai":10,"Bottled Lightning":43,"Meat on the Bone":14},{"bronze:ElectromagneticCoil":12,"bronze:DonusWashers":15,"Lantern":29,"Lee\u0027s Waffle":29,"bronze:BronzeCore":0,"Torii":16,"downfall:HeartBlessingRed":28,"CeramicFish":17,"downfall:HeartBlessingGreen":12,"PreservedInsect":32,"Bag of Preparation":4,"Blood Vial":4,"Runic Dome":22,"Anchor":20,"Shovel":24,"downfall:HeartBlessingBlue":28,"Pantograph":29,"Kunai":7,"Bottled Lightning":28,"Meat on the Bone":10},{"bronze:ElectromagneticCoil":44,"bronze:DonusWashers":56,"Lantern":145,"Lee\u0027s Waffle":145,"bronze:BronzeCore":0,"Torii":60,"downfall:HeartBlessingRed":139,"CeramicFish":69,"downfall:HeartBlessingGreen":44,"PreservedInsect":178,"Bag of Preparation":14,"Blood Vial":14,"Runic Dome":98,"Anchor":82,"Shovel":111,"downfall:HeartBlessingBlue":139,"Pantograph":145,"Kunai":24,"Bottled Lightning":139,"Meat on the Bone":34}],"Meat on the Bone":72},"card_choices":[{"not_picked":["bronze:Constructor","bronze:Branch"],"picked":"bronze:WildBeam","floor":2.0},{"not_picked":["bronze:WhirlingStrike","bronze:WildBeam"],"picked":"bronze:Separator","floor":3.0},{"not_picked":["bronze:ChosenStrike","bronze:Turbo"],"picked":"bronze:DelayedSlice","floor":4.0},{"not_picked":["bronze:BuggyMess","bronze:ChosenStrike"],"picked":"bronze:InfiniteLoop","floor":6.0},{"not_picked":["bronze:Invalidate","bronze:Shield"],"picked":"bronze:Separator","floor":8.0},{"not_picked":["bronze:BronzeArmor","bronze:Branch"],"picked":"bronze:Repair","floor":9.0},{"not_picked":["bronze:FineTuning","bronze:FollowUp"],"picked":"bronze:ThunderWave","floor":10.0},{"not_picked":["bronze:NullPointer","bronze:Invalidate"],"picked":"bronze:FollowUp","floor":11},{"not_picked":["bronze:Invalidate","bronze:Deprecate"],"picked":"bronze:DelayedSlice","floor":12},{"not_picked":["bronze:Invalidate","bronze:ForLoop"],"picked":"bronze:Library","floor":14},{"not_picked":["bronze:Frontload","bronze:CutThrough"],"picked":"bronze:BronzeOrb","floor":15},{"not_picked":["bronze:RecursiveStrike","bronze:Break"],"picked":"bronze:HardenedForm","floor":16},{"not_picked":["bronze:BugBarrage","bronze:DelayedGuard"],"picked":"bronze:Frontload+1","floor":19},{"not_picked":["bronze:Iterate","bronze:BitShift+1"],"picked":"bronze:Deprecate+1","floor":20},{"not_picked":["bronze:BugBarrage+1","bronze:Separator"],"picked":"bronze:FollowUp","floor":21},{"not_picked":["bronze:Invalidate","bronze:Overload+1"],"picked":"bronze:Virus","floor":23},{"not_picked":["bronze:BurnOut","bronze:Iterate","bronze:ChildClass"],"picked":"SKIP","floor":26},{"not_picked":["bronze:BurnOut","bronze:Iterate","bronze:ChildClass"],"picked":"SKIP","floor":26},{"not_picked":["bronze:Shield+1","bronze:BugBarrage"],"picked":"bronze:GetLatest+1","floor":28},{"not_picked":["bronze:WildBeam","bronze:BugBarrage"],"picked":"bronze:BronzeArmor","floor":29},{"not_picked":["bronze:ForceShield","bronze:ChildClass"],"picked":"bronze:Safeguard","floor":30},{"not_picked":["bronze:DarkDash","bronze:ForceShield"],"picked":"bronze:ClassDefault","floor":32},{"not_picked":["bronze:ShipIt","bronze:Hardcode"],"picked":"bronze:ThunderWave","floor":33},{"not_picked":["bronze:BugBarrage","bronze:Invalidate+1","bronze:Frontload"],"picked":"SKIP","floor":36},{"not_picked":["bronze:Overheat","bronze:Iterate+1"],"picked":"bronze:GetLatest+1","floor":37},{"not_picked":["bronze:BurnOut","bronze:ChildClass","bronze:ForLoop+1"],"picked":"SKIP","floor":39},{"not_picked":["bronze:FollowUp","bronze:BuggyMess"],"picked":"bronze:Boost+1","floor":40},{"not_picked":["bronze:BronzeOrb","bronze:WhirlingStrike+1"],"picked":"bronze:Frontload","floor":42},{"not_picked":["bronze:ChildClass+1","bronze:Iterate"],"picked":"bronze:Repair","floor":43},{"not_picked":["bronze:FollowUp","bronze:Separator+1"],"picked":"bronze:DelayedGuard+1","floor":46},{"not_picked":["bronze:BuggyMess+1","bronze:Shield","bronze:Constructor+1"],"picked":"SKIP","floor":49},{"not_picked":["bronze:Backtrace","bronze:ChildClass"],"picked":"bronze:ForceShield+1","floor":52}],"player_experience":1086640,"relics_obtained":[{"floor":6.0,"key":"Bag of Preparation"},{"floor":7.0,"key":"Blood Vial"},{"floor":14,"key":"Meat on the Bone"},{"floor":24,"key":"Torii"},{"floor":26,"key":"CeramicFish"},{"floor":30,"key":"Anchor"},{"floor":37,"key":"Shovel"},{"floor":43,"key":"Bottled Lightning"},{"floor":46,"key":"Lantern"},{"floor":47,"key":"Pantograph"},{"floor":52,"key":"PreservedInsect"}],"event_choices":[{"damage_healed":0,"gold_gain":0,"player_choice":"Fight","damage_taken":0,"max_hp_gain":0,"max_hp_loss":0,"event_name":"Mysterious Sphere","floor":37,"gold_loss":0}],"is_beta":false,"boss_relics":[{"not_picked":["bronze:MakeshiftBattery","Black Star"],"picked":"bronze:ElectromagneticCoil"},{"not_picked":["Coffee Dripper","Runic Pyramid"],"picked":"Runic Dome"}],"items_purged_floors":[31,38],"is_endless":false,"potions_floor_spawned":[3,4,9,14,16,19,26,30,36,40,43,46,49],"killed_by":"downfall:NeowBossFinal","ascension_level":8}}