{"host":"zsnmfqgcm92hlreo","time":1613442093,"event":{"mods":["AchievementEnabler","BaseMod","Bestiary","Block Reminder","Colored Map","Colored Powertips","Filter the Spire","Minty Spire (QoL Compilation)","Permanent Neow","Quick Restart","Relic Stats","StSLib","Weighted Paths"],"gold_per_floor":[119,119,131,142,154,154,168,168,168,202,88,123,23,82,82,157,157,131,131,51,51,70,70,100,118,145,145,159,159,159],"floor_reached":29,"language":"ENG","playtime":1249,"items_purged":["Strike_R","Strike_R"],"score":606,"play_id":"acbfaa53-b63d-4f8d-a6e8-bd780fbf3074","local_time":"20210215202133","is_ascension_mode":true,"campfire_choices":[{"data":"Armaments","floor":6.0,"key":"SMITH"},{"floor":8.0,"key":"REST"},{"floor":15.0,"key":"REST"},{"data":"Rampage","floor":23.0,"key":"SMITH"}],"circlet_count":0,"master_deck":["AscendersBane","Strike_R","Defend_R","Defend_R","Defend_R","Defend_R","Bash","Shrug It Off","Armaments+1","Reaper","Shockwave","Rampage+1","Blood for Blood","Entrench","Metallicize+1","Corruption+1","Heavy Blade","Dark Embrace+1","Writhe","Shockwave","Double Tap","Metallicize+1","Disarm+1"],"relics":["Snecko Eye","Darkstone Periapt","Strawberry","Singing Bowl","Frozen Egg 2","Velvet Choker","Orichalcum","Mummified Hand","Omamori","Sundial"],"acts_visited":["Exordium","TheCity"],"potions_floor_usage":[],"damage_taken":[{"damage":1.0,"enemies":"Small Slimes","floor":1.0,"turns":3.0},{"damage":1.0,"enemies":"Cultist","floor":3.0,"turns":3.0},{"damage":2.0,"enemies":"2 Louse","floor":4.0,"turns":2.0},{"damage":12.0,"enemies":"2 Fungi Beasts","floor":5.0,"turns":4.0},{"damage":20.0,"enemies":"Exordium Thugs","floor":7.0,"turns":5.0},{"damage":24.0,"enemies":"Gremlin Nob","floor":10.0,"turns":4.0},{"damage":15.0,"enemies":"3 Sentries","floor":12.0,"turns":5.0},{"damage":24.0,"enemies":"Gremlin Nob","floor":14.0,"turns":4.0},{"damage":0.0,"enemies":"The Guardian","floor":16.0,"turns":12.0},{"damage":11.0,"enemies":"2 Thieves","floor":18.0,"turns":4.0},{"damage":11.0,"enemies":"Shell Parasite","floor":22.0,"turns":4.0},{"damage":19.0,"enemies":"Slavers","floor":24.0,"turns":6.0},{"damage":3,"enemies":"Cultist and Chosen","floor":25,"turns":4},{"damage":0,"enemies":"3 Cultists","floor":28,"turns":4},{"damage":92,"enemies":"Gremlin Leader","floor":29,"turns":7}],"seed_played":"1467446485035386485","potions_obtained":[{"floor":4.0,"key":"Explosive Potion"},{"floor":10.0,"key":"Ancient Potion"},{"floor":14.0,"key":"ElixirPotion"},{"floor":22.0,"key":"FearPotion"},{"floor":25,"key":"PowerPotion"}],"is_trial":false,"path_per_floor":["M","?","M","M","M","R","M","R","T","E","$","E","$","?","R","B",null,"M","?","$","?","M","R","E","M","T","T","M","E"],"character_chosen":"IRONCLAD","items_purchased":["Blood for Blood","Dark Embrace+1"],"campfire_rested":2,"item_purchase_floors":[11,20],"current_hp_per_floor":[67,67,66,64,52,52,40,62,62,51,51,48,48,24,48,54,75,76,76,76,82,74,74,65,69,69,69,81,0,0],"gold":159,"neow_bonus":"BOSS_RELIC","is_daily":false,"chose_seed":false,"campfire_upgraded":2,"win_rate":0.0,"timestamp":1613442093,"path_taken":["M","?","M","M","M","R","M","R","T","E","$","E","?","?","R","BOSS","M","?","?","?","M","R","E","M","T","?","?","E"],"items_purchased_type":["Card","Card"],"build_version":"2020-12-22","purchased_purges":2,"victory":false,"max_hp_per_floor":[75,75,75,75,75,75,75,75,75,82,82,82,82,82,82,82,82,82,82,82,88,88,88,88,88,88,88,88,88,88],"relic_stats":{"Darkstone Periapt":6,"Singing Bowl":0,"counters":[15,71],"Mummified Hand":[10],"Sundial":[2],"Snecko Eye":[98,132,127,132],"Orichalcum":[42],"obtain_stats":[{"Darkstone Periapt":9,"Singing Bowl":12,"Mummified Hand":24,"Sundial":27,"Strawberry":10,"Snecko Eye":0,"Velvet Choker":17,"Omamori":26,"Frozen Egg 2":14,"Orichalcum":21,"Burning Blood":0},{"Darkstone Periapt":5,"Singing Bowl":7,"Mummified Hand":12,"Sundial":13,"Strawberry":6,"Snecko Eye":0,"Velvet Choker":9,"Omamori":13,"Frozen Egg 2":8,"Orichalcum":10,"Burning Blood":0},{"Darkstone Periapt":17,"Singing Bowl":26,"Mummified Hand":56,"Sundial":60,"Strawberry":21,"Snecko Eye":0,"Velvet Choker":42,"Omamori":60,"Frozen Egg 2":30,"Orichalcum":46,"Burning Blood":0}]},"card_choices":[{"not_picked":["Evolve","Sentinel"],"picked":"Shrug It Off","floor":1.0},{"not_picked":["Iron Wave","Sword Boomerang","Wild Strike"],"picked":"SKIP","floor":3.0},{"not_picked":["Rage","Anger"],"picked":"Armaments","floor":4.0},{"not_picked":["Burning Pact","Entrench"],"picked":"Reaper","floor":5.0},{"not_picked":["Body Slam","Twin Strike"],"picked":"Shockwave","floor":7.0},{"not_picked":["Second Wind","Bloodletting"],"picked":"Rampage","floor":10.0},{"not_picked":["Reckless Charge","Metallicize"],"picked":"Entrench","floor":12.0},{"not_picked":["Shrug It Off","Perfected Strike"],"picked":"Metallicize+1","floor":14.0},{"not_picked":["Fiend Fire","Reaper"],"picked":"Corruption+1","floor":16.0},{"not_picked":["Thunderclap","Cleave"],"picked":"Heavy Blade","floor":18.0},{"not_picked":["Flex","Carnage"],"picked":"Shockwave","floor":22.0},{"not_picked":["Dual Wield","Perfected Strike"],"picked":"Double Tap","floor":24.0},{"not_picked":["Headbutt+1","Battle Trance"],"picked":"Metallicize+1","floor":25},{"not_picked":["Sentinel","Twin Strike"],"picked":"Disarm+1","floor":28}],"player_experience":1151301,"relics_obtained":[{"floor":9.0,"key":"Darkstone Periapt"},{"floor":10.0,"key":"Strawberry"},{"floor":12.0,"key":"Singing Bowl"},{"floor":14.0,"key":"Frozen Egg 2"},{"floor":24.0,"key":"Mummified Hand"},{"floor":26,"key":"Omamori"},{"floor":27,"key":"Sundial"}],"event_choices":[{"cards_removed":["Strike_R"],"damage_healed":0.0,"max_hp_gain":0.0,"max_hp_loss":0.0,"gold_gain":0.0,"event_name":"Bonfire Elementals","player_choice":"Offered Basic","floor":2.0,"gold_loss":0.0,"damage_taken":0.0},{"damage_healed":0.0,"max_hp_gain":0.0,"max_hp_loss":0.0,"gold_gain":0.0,"event_name":"Dead Adventurer","player_choice":"Searched \u00271\u0027 times","floor":14.0,"gold_loss":0.0,"damage_taken":0.0},{"cards_removed":["Strike_R"],"damage_healed":0.0,"max_hp_gain":0.0,"max_hp_loss":0.0,"gold_gain":0.0,"event_name":"Purifier","player_choice":"Purged","floor":19.0,"gold_loss":0.0,"damage_taken":0.0},{"damage_healed":0.0,"max_hp_gain":0.0,"max_hp_loss":0.0,"gold_gain":0.0,"event_name":"The Mausoleum","player_choice":"Opened","floor":21.0,"gold_loss":0.0,"damage_taken":0.0,"relics_obtained":["Orichalcum"],"cards_obtained":["Writhe"]}],"is_beta":false,"boss_relics":[{"not_picked":["Busted Crown","SacredBark"],"picked":"Velvet Choker"}],"items_purged_floors":[11,13],"is_endless":false,"potions_floor_spawned":[4,10,14,22,25],"killed_by":"Gremlin Leader","ascension_level":20}}