{"host":"r4aerl4ckfvw1dw3","time":1613445575,"event":{"mods":["BaseMod","BetterRewards","Minty Spire (QoL Compilation)","Quick Restart","StSLib"],"gold_per_floor":[117,34,53,69,79,79,79,111,111,122,122,122,140,171,171,299,299,318,318,341,341,22,22,55,55,55,55,73,73,73,91,91,195,195,212,212,227,240,240,240],"floor_reached":39,"language":"ENG","playtime":1822,"items_purged":["Strike_B"],"score":493,"play_id":"8dd83553-5e4e-4afc-b4a1-2942ecae3ebe","local_time":"20210215191935","is_ascension_mode":true,"campfire_choices":[{"floor":6.0,"key":"REST"},{"floor":15.0,"key":"REST"},{"data":"Defragment","floor":23,"key":"SMITH"},{"floor":25,"key":"REST"},{"data":"Machine Learning","floor":27,"key":"SMITH"},{"floor":29,"key":"REST"},{"floor":32,"key":"REST"}],"circlet_count":0,"master_deck":["Strike_B","Strike_B","Defend_B","Defend_B","Defend_B","Defend_B","Zap+1","Dualcast","Fission+1","Ball Lightning","Sweeping Beam","Static Discharge","Cold Snap","Consume","Cold Snap","Coolheaded","Gash","Defragment+1","Hologram","Amplify","Ball Lightning","Undo","Turbo","Loop","Machine Learning+1","Hologram+1","Echo Form+1","Darkness+1","Defragment"],"relics":["Cracked Core","Boot","Dream Catcher","Bloody Idol","Symbiotic Virus","Nuclear Battery","Membership Card","Pen Nib","Bottled Lightning","Letter Opener","Sozu"],"acts_visited":["Exordium","TheCity","TheBeyond"],"potions_floor_usage":[22,28,33,38],"damage_taken":[{"damage":9.0,"enemies":"2 Louse","floor":1.0,"turns":2.0},{"damage":1.0,"enemies":"Cultist","floor":3.0,"turns":3.0},{"damage":7.0,"enemies":"Jaw Worm","floor":4.0,"turns":2.0},{"damage":0.0,"enemies":"2 Fungi Beasts","floor":5.0,"turns":3.0},{"damage":10.0,"enemies":"Lagavulin","floor":8.0,"turns":7.0},{"damage":3.0,"enemies":"Large Slime","floor":10.0,"turns":4.0},{"damage":0.0,"enemies":"Looter","floor":13.0,"turns":3.0},{"damage":12.0,"enemies":"3 Sentries","floor":14.0,"turns":5.0},{"damage":33.0,"enemies":"Slime Boss","floor":16.0,"turns":5.0},{"damage":8,"enemies":"3 Byrds","floor":18,"turns":3},{"damage":28,"enemies":"2 Thieves","floor":20,"turns":3},{"damage":33,"enemies":"Book of Stabbing","floor":24,"turns":4},{"damage":11,"enemies":"Sentry and Sphere","floor":28,"turns":4},{"damage":24,"enemies":"Shelled Parasite and Fungi","floor":31,"turns":6},{"damage":40,"enemies":"Collector","floor":33,"turns":9},{"damage":21,"enemies":"Orb Walker","floor":35,"turns":5},{"damage":20,"enemies":"3 Shapes","floor":37,"turns":4},{"damage":47,"enemies":"Transient","floor":38,"turns":5},{"damage":16,"enemies":"Spire Growth","floor":39,"turns":1}],"seed_played":"-6237445934668671165","potions_obtained":[{"floor":5.0,"key":"Energy Potion"},{"floor":8.0,"key":"SneckoOil"},{"floor":10.0,"key":"Strength Potion"},{"floor":24,"key":"FearPotion"},{"floor":28,"key":"GamblersBrew"},{"floor":33,"key":"SkillPotion"}],"is_trial":false,"path_per_floor":["M","$","M","M","M","R","?","E","T","M","?","?","M","E","R","B",null,"M","?","M","?","$","R","E","R","T","R","M","R","?","M","R","B",null,"M","?","M","M","M"],"character_chosen":"DEFECT","items_purchased":["Sweeping Beam","Static Discharge","Membership Card","Fruit Juice","Turbo","Pen Nib"],"campfire_rested":5,"item_purchase_floors":[2,2,22,22,22,22],"current_hp_per_floor":[66,66,65,58,58,75,75,65,65,62,62,44,44,32,54,21,75,67,67,39,39,44,44,11,35,35,35,24,48,48,29,53,18,80,64,64,49,7,0,0],"gold":240,"neow_bonus":"ONE_RANDOM_RARE_CARD","is_daily":false,"chose_seed":false,"campfire_upgraded":2,"win_rate":0.0,"timestamp":1613445575,"path_taken":["M","$","M","M","M","R","?","E","T","?","?","?","M","E","R","BOSS","M","?","M","?","$","R","E","R","T","R","M","R","?","M","R","BOSS","M","?","M","M","M"],"items_purchased_type":["Card","Card","Relic","Potion","Card","Relic"],"build_version":"2020-12-22","purchased_purges":1,"victory":false,"max_hp_per_floor":[75,75,75,75,75,75,75,75,75,75,75,75,75,75,75,75,75,75,75,75,75,80,80,80,80,80,80,80,80,80,80,80,80,80,80,80,80,80,80,80],"card_choices":[{"not_picked":["Leap","Beam Cell"],"picked":"Ball Lightning","floor":1.0},{"not_picked":["Barrage","Glacier","Rip and Tear"],"picked":"SKIP","floor":3.0},{"not_picked":["Barrage","Darkness"],"picked":"Cold Snap","floor":4.0},{"not_picked":["Streamline","Turbo"],"picked":"Consume","floor":5.0},{"not_picked":["Steam","Consume"],"picked":"Cold Snap","floor":8.0},{"not_picked":["Turbo","Aggregate"],"picked":"Coolheaded","floor":10.0},{"not_picked":["Compile Driver","Scrape"],"picked":"Gash","floor":13.0},{"not_picked":["Creative AI","Static Discharge"],"picked":"Defragment","floor":14.0},{"not_picked":["Scrape","Recycle"],"picked":"Hologram","floor":15.0},{"not_picked":["Fission","Thunder Strike"],"picked":"Amplify","floor":16.0},{"not_picked":["Streamline","Compile Driver"],"picked":"Ball Lightning","floor":18},{"not_picked":["Streamline","Hello World"],"picked":"Undo","floor":20},{"not_picked":["Scrape","Steam"],"picked":"Loop","floor":24},{"not_picked":["Force Field","Compile Driver"],"picked":"Machine Learning","floor":25},{"not_picked":["Sweeping Beam","Rebound"],"picked":"Hologram+1","floor":28},{"not_picked":["Leap","Sweeping Beam","Redo"],"picked":"SKIP","floor":31},{"not_picked":["Rainbow","Reboot"],"picked":"Echo Form","floor":33},{"not_picked":["Consume","Leap"],"picked":"Darkness+1","floor":35},{"not_picked":["Chaos","Leap"],"picked":"Defragment","floor":37},{"not_picked":["Fusion+1","Genetic Algorithm+1","Glacier+1"],"picked":"SKIP","floor":38}],"player_experience":607232,"relics_obtained":[{"floor":8.0,"key":"Boot"},{"floor":9.0,"key":"Dream Catcher"},{"floor":14.0,"key":"Symbiotic Virus"},{"floor":24,"key":"Bottled Lightning"},{"floor":26,"key":"Letter Opener"}],"event_choices":[{"damage_healed":0.0,"max_hp_gain":0.0,"max_hp_loss":0.0,"gold_gain":0.0,"event_name":"Accursed Blacksmith","player_choice":"Forge","floor":7.0,"gold_loss":0.0,"damage_taken":0.0,"cards_upgraded":["Zap"]},{"damage_healed":0.0,"max_hp_gain":0.0,"max_hp_loss":0.0,"gold_gain":0.0,"event_name":"Living Wall","player_choice":"Grow","floor":11.0,"gold_loss":0.0,"damage_taken":0.0,"cards_upgraded":["Fission"]},{"damage_healed":0.0,"max_hp_gain":0.0,"max_hp_loss":0.0,"gold_gain":0.0,"event_name":"Golden Idol","player_choice":"Take Damage","floor":12.0,"gold_loss":0.0,"damage_taken":18.0,"relics_obtained":["Golden Idol"]},{"cards_removed":["Strike_B"],"damage_healed":0,"gold_gain":0,"player_choice":"Elegance","damage_taken":0,"max_hp_gain":0,"max_hp_loss":0,"event_name":"Back to Basics","floor":19,"gold_loss":0},{"damage_healed":0,"gold_gain":0,"player_choice":"Ignored","damage_taken":0,"max_hp_gain":0,"max_hp_loss":0,"event_name":"Beggar","floor":21,"gold_loss":0},{"damage_healed":0,"gold_gain":0,"player_choice":"Gave Idol","damage_taken":0,"relics_obtained":["Bloody Idol"],"max_hp_gain":0,"max_hp_loss":0,"event_name":"Forgotten Altar","floor":30,"relics_lost":["Golden Idol"],"gold_loss":0},{"damage_healed":0,"gold_gain":0,"player_choice":"Upgraded","damage_taken":0,"max_hp_gain":0,"max_hp_loss":0,"event_name":"Upgrade Shrine","floor":36,"gold_loss":0,"cards_upgraded":["Echo Form"]}],"is_beta":false,"boss_relics":[{"not_picked":["Fusion Hammer","Snecko Eye"],"picked":"Nuclear Battery"},{"not_picked":["SacredBark","Coffee Dripper"],"picked":"Sozu"}],"items_purged_floors":[22],"is_endless":false,"potions_floor_spawned":[5,8,10,13,24,28,33,38],"killed_by":"Spire Growth","ascension_level":4}}