{"host":"a6ztjasp7lxlo10n","time":1613468694,"event":{"mods":["Act Like it!","BaseMod","Colored Map","Marisa£®ÏF”Í°°ƒß¿Ì…≥£©","Minty Spire (QoL Compilation)","Quick Restart","StSLib","SuperFastMode"],"gold_per_floor":[118,118,48,58,11,38,38,56,56,70,81,108,108,120,120,225,225,238,255,255,100,117,151,151,164,235,235,262,187,215,242,242,347,347,359,378,394,394,413,440,454,454,754,769,797,807,197,213,213,213],"floor_reached":51,"language":"ZHS","playtime":2325,"items_purged":["Strike_R","Strike_R"],"score":1158,"play_id":"75673227-cf41-4f8a-bac2-6f891be9c137","local_time":"20210216174454","is_ascension_mode":true,"campfire_choices":[{"data":"True Grit","floor":7.0,"key":"SMITH"},{"data":"Rupture","floor":13.0,"key":"SMITH"},{"data":"Inflame","floor":15.0,"key":"SMITH"},{"data":"Inflame","floor":24.0,"key":"SMITH"},{"data":"Burning Pact","floor":27.0,"key":"SMITH"},{"data":"Sword Boomerang","floor":32.0,"key":"SMITH"},{"data":"Limit Break","floor":42.0,"key":"SMITH"},{"data":"Madness","floor":49,"key":"SMITH"}],"circlet_count":0,"master_deck":["Strike_R","Strike_R","Defend_R","Defend_R","Defend_R","Defend_R","Bash","Inflame+1","Reaper","Rupture+1","True Grit+1","Ghostly Armor","Rage","Hemokinesis","Feed","Combust","Inflame+1","Necronomicurse","Burning Pact+1","Second Wind+1","Sword Boomerang+1","Limit Break+1","Shrug It Off+1","Madness+1","Madness","Power Through+1"],"relics":["Burning Blood","NeowsBlessing","Meat on the Bone","Happy Flower","Lizard Tail","Velvet Choker","Necronomicon","Pen Nib","InkBottle","Question Card","Charon\u0027s Ashes","Vajra","Sozu","Akabeko","Old Coin","Red Skull","Bottled Tornado","StrikeDummy"],"acts_visited":["Exordium","TheCity","TheBeyond"],"potions_floor_usage":[50],"damage_taken":[{"damage":0.0,"enemies":"Small Slimes","floor":1.0,"turns":1.0},{"damage":0.0,"enemies":"Cultist","floor":4.0,"turns":1.0},{"damage":0.0,"enemies":"Lagavulin","floor":6.0,"turns":1.0},{"damage":3.0,"enemies":"Jaw Worm","floor":8.0,"turns":5.0},{"damage":6.0,"enemies":"Looter","floor":10.0,"turns":4.0},{"damage":0.0,"enemies":"Gremlin Gang","floor":11.0,"turns":4.0},{"damage":7.0,"enemies":"Gremlin Nob","floor":12.0,"turns":3.0},{"damage":26.0,"enemies":"Exordium Thugs","floor":14.0,"turns":6.0},{"damage":34.0,"enemies":"Slime Boss","floor":16.0,"turns":9.0},{"damage":20.0,"enemies":"3 Byrds","floor":18.0,"turns":7.0},{"damage":32.0,"enemies":"Shell Parasite","floor":19.0,"turns":8.0},{"damage":50.0,"enemies":"Shelled Parasite and Fungi","floor":22.0,"turns":5.0},{"damage":67.0,"enemies":"Slavers","floor":23.0,"turns":6.0},{"damage":18.0,"enemies":"Snake Plant","floor":25.0,"turns":3.0},{"damage":44.0,"enemies":"Book of Stabbing","floor":28.0,"turns":5.0},{"damage":21.0,"enemies":"Gremlin Leader","floor":30.0,"turns":5.0},{"damage":32.0,"enemies":"Automaton","floor":33.0,"turns":6.0},{"damage":43.0,"enemies":"3 Darklings","floor":35.0,"turns":5.0},{"damage":28.0,"enemies":"3 Shapes","floor":36.0,"turns":3.0},{"damage":7.0,"enemies":"Transient","floor":37.0,"turns":5.0},{"damage":3.0,"enemies":"Maw","floor":39.0,"turns":4.0},{"damage":64.0,"enemies":"Giant Head","floor":40.0,"turns":7.0},{"damage":28.0,"enemies":"Sphere and 2 Shapes","floor":41.0,"turns":4.0},{"damage":33.0,"enemies":"Transient","floor":44.0,"turns":5.0},{"damage":53,"enemies":"Reptomancer","floor":45,"turns":6},{"damage":28,"enemies":"Maw","floor":46,"turns":7},{"damage":22,"enemies":"4 Shapes","floor":48,"turns":4},{"damage":87,"enemies":"Awakened One","floor":50,"turns":9}],"seed_played":"1579137224520318783","potions_obtained":[{"floor":6.0,"key":"Explosive Potion"},{"floor":8.0,"key":"GamblersBrew"},{"floor":11.0,"key":"FearPotion"},{"floor":18.0,"key":"Energy Potion"},{"floor":25.0,"key":"HeartOfIron"},{"floor":28.0,"key":"SteroidPotion"},{"floor":30.0,"key":"Swift Potion"}],"is_trial":false,"path_per_floor":["M","?","$","M","$","E","R","M","T","M","M","E","R","M","R","B",null,"M","M","?","$","M","E","R","M","T","R","E","?","E","T","R","B",null,"M","M","M","?","M","E","M","R","T","M","E","M","$","M","R","B",null],"character_chosen":"IRONCLAD","items_purchased":["Reaper","True Grit","Burning Pact","Bottled Tornado","StrikeDummy"],"campfire_rested":0,"item_purchase_floors":[3,5,21,47,47],"current_hp_per_floor":[78,78,78,80,80,80,80,80,80,80,80,79,79,67,67,65,76,69,58,42,42,31,62,62,61,61,61,40,40,77,77,77,76,88,63,92,92,80,83,92,73,73,73,62,62,95,95,94,94,25],"gold":213,"neow_bonus":"THREE_ENEMY_KILL","is_daily":false,"chose_seed":false,"campfire_upgraded":8,"win_rate":0.0,"timestamp":1613468694,"path_taken":["M","?","?","M","$","E","R","M","T","?","M","E","R","M","R","BOSS","M","M","?","$","M","E","R","M","T","R","E","?","E","?","R","BOSS","M","M","M","?","M","E","M","R","T","M","E","M","$","M","R","BOSS"],"items_purchased_type":["Card","Card","Card","Relic","Relic"],"build_version":"2020-12-22","purchased_purges":2,"victory":true,"max_hp_per_floor":[80,80,80,80,80,80,80,80,80,80,80,80,80,80,80,80,80,83,86,86,86,89,92,92,92,92,92,92,92,92,92,92,92,92,92,92,92,92,92,92,95,95,95,95,95,95,95,98,98,98],"card_choices":[{"not_picked":["Clash","Heavy Blade"],"picked":"Inflame","floor":1.0},{"not_picked":["Uppercut","Reckless Charge"],"picked":"Rupture","floor":4.0},{"not_picked":["Dual Wield","Rupture"],"picked":"Ghostly Armor","floor":6.0},{"not_picked":["Body Slam","Double Tap"],"picked":"Rage","floor":8.0},{"not_picked":["Blood for Blood","Cleave","Flex"],"picked":"SKIP","floor":10.0},{"not_picked":["Clash","Searing Blow"],"picked":"Hemokinesis","floor":11.0},{"not_picked":["Perfected Strike","Flex","Seeing Red"],"picked":"SKIP","floor":12.0},{"not_picked":["Headbutt","Cleave","Dropkick"],"picked":"SKIP","floor":14.0},{"not_picked":["Corruption","Double Tap"],"picked":"Feed","floor":16.0},{"not_picked":["Clash","Carnage"],"picked":"Combust","floor":18.0},{"not_picked":["Disarm","Twin Strike"],"picked":"Inflame","floor":19.0},{"not_picked":["Blood for Blood","Battle Trance","Headbutt"],"picked":"SKIP","floor":22.0},{"not_picked":["Demon Form","Sword Boomerang+1"],"picked":"Second Wind+1","floor":23.0},{"not_picked":["Clothesline+1","Clash","Twin Strike"],"picked":"SKIP","floor":25.0},{"not_picked":["Clothesline+1","Second Wind+1","Impervious"],"picked":"SKIP","floor":28.0},{"not_picked":["Flex","Shrug It Off","Warcry+1"],"picked":"Sword Boomerang","floor":30.0},{"not_picked":["Exhume","Feed","Juggernaut"],"picked":"Limit Break","floor":33.0},{"not_picked":["Flex+1","Fire Breathing+1","Body Slam","Hemokinesis"],"picked":"SKIP","floor":35.0},{"not_picked":["Twin Strike+1","Sword Boomerang+1","Metallicize","Wild Strike"],"picked":"SKIP","floor":36.0},{"not_picked":["Havoc","Feel No Pain+1","Cleave"],"picked":"Shrug It Off+1","floor":37.0},{"not_picked":["Intimidate+1","Anger+1","Rampage","Spot Weakness"],"picked":"SKIP","floor":39.0},{"not_picked":["Iron Wave","Double Tap","Twin Strike","Cleave"],"picked":"SKIP","floor":40.0},{"not_picked":["Blood for Blood","Sentinel","True Grit+1","Armaments"],"picked":"SKIP","floor":41.0},{"not_picked":["Perfected Strike","Carnage","Pummel+1","Clash"],"picked":"SKIP","floor":44.0},{"not_picked":["Clothesline","Blood for Blood+1","Shrug It Off"],"picked":"Power Through+1","floor":45},{"not_picked":["Sever Soul","Iron Wave+1","Carnage+1","Hemokinesis"],"picked":"SKIP","floor":46},{"not_picked":["Pommel Strike+1","Cleave+1","Havoc+1","Body Slam+1"],"picked":"SKIP","floor":48}],"player_experience":339120,"relics_obtained":[{"floor":6.0,"key":"Meat on the Bone"},{"floor":9.0,"key":"Happy Flower"},{"floor":12.0,"key":"Lizard Tail"},{"floor":20.0,"key":"Necronomicon"},{"floor":23.0,"key":"Pen Nib"},{"floor":26.0,"key":"InkBottle"},{"floor":28.0,"key":"Question Card"},{"floor":30.0,"key":"Charon\u0027s Ashes"},{"floor":31.0,"key":"Vajra"},{"floor":40.0,"key":"Akabeko"},{"floor":43.0,"key":"Old Coin"},{"floor":45,"key":"Red Skull"}],"event_choices":[{"damage_healed":0.0,"max_hp_gain":0.0,"max_hp_loss":0.0,"gold_gain":0.0,"event_name":"The Woman in Blue","player_choice":"Bought 0 Potions","floor":2.0,"gold_loss":0.0,"damage_taken":0.0},{"damage_healed":0.0,"max_hp_gain":0.0,"max_hp_loss":0.0,"gold_gain":0.0,"event_name":"Cursed Tome","player_choice":"Obtained Book","floor":20.0,"gold_loss":0.0,"damage_taken":16.0},{"cards_removed":["Strike_R"],"damage_healed":0.0,"max_hp_gain":0.0,"max_hp_loss":0.0,"gold_gain":0.0,"event_name":"Beggar","player_choice":"Gave Gold","floor":29.0,"gold_loss":75.0,"damage_taken":0.0},{"damage_healed":0.0,"max_hp_gain":0.0,"max_hp_loss":0.0,"gold_gain":0.0,"event_name":"Winding Halls","player_choice":"Embrace Madness","floor":38.0,"gold_loss":0.0,"damage_taken":12.0,"cards_obtained":["Madness","Madness"]}],"is_beta":false,"boss_relics":[{"not_picked":["Philosopher\u0027s Stone","Astrolabe"],"picked":"Velvet Choker"},{"not_picked":["SacredBark","Snecko Eye"],"picked":"Sozu"}],"items_purged_floors":[21,47],"is_endless":false,"potions_floor_spawned":[6,8,11,18,25,28,30,40,41,45],"ascension_level":8}}