{"host":"grpjhwjd167m6b3a","time":1613455986,"event":{"mods":["BaseMod","Bossed Relics","LagranYue(拉格朗・月)","Minty Spire (QoL Compilation)","Prisma Mod","Reliquary","SOS（斯巴达之子）","StSLib","The Alterego","The Saiyan","The Senshi"],"gold_per_floor":[114,114,129,129,156,168,195,222,234,246,273,285,312,324,336,348,348],"floor_reached":16,"language":"ZHS","playtime":1009,"items_purged":[],"score":119,"play_id":"68ae6ec3-2a8e-42ed-a6c9-789e04ce7dcf","local_time":"20210216161306","daily_mods":["Specialized","Vintage","Lethality"],"is_ascension_mode":false,"campfire_choices":[{"data":"theSenshi:MoonCosmicPowerMakeUp","floor":6,"key":"SMITH"},{"floor":12,"key":"REST"},{"floor":15,"key":"REST"}],"circlet_count":0,"master_deck":["theSenshi:SailorKick","theSenshi:SailorKick","theSenshi:SailorKick","theSenshi:SailorKick","theSenshi:SailorBlock","theSenshi:SailorBlock","theSenshi:SailorBlock","theSenshi:SailorBlock","theSenshi:RoseThrow","theSenshi:MoonPrismPowerMakeUp","theSenshi:SailorV","theSenshi:SailorV","theSenshi:SailorV","theSenshi:SailorV","theSenshi:SailorV","theSenshi:SchoolBag","theSenshi:DramaticEntrance","theSenshi:MoonCosmicPowerMakeUp+1","theSenshi:MoonPunch","theSenshi:TallSilhouette","theSenshi:MoonHealingEscalation","Injury","theSenshi:SailorMercuryAssists"],"relics":["theSenshi:TransformationBroochRelic","LagranYue:RandomDrawCardRelic","theSenshi:TiaraRelic","Question Card","MawBank","Bottled Tornado","theSenshi:HolyGrailRelic","PreservedInsect","Boot","Dream Catcher","Art of War","Golden Idol"],"acts_visited":["Exordium"],"potions_floor_usage":[13,13],"damage_taken":[{"damage":4.0,"enemies":"Small Slimes","floor":1.0,"turns":5.0},{"damage":4.0,"enemies":"Jaw Worm","floor":3.0,"turns":3.0},{"damage":9.0,"enemies":"Cultist","floor":5.0,"turns":3.0},{"damage":3,"enemies":"3 Louse","floor":7,"turns":4},{"damage":16,"enemies":"2 Fungi Beasts","floor":8,"turns":4},{"damage":13,"enemies":"Exordium Wildlife","floor":11,"turns":5},{"damage":35,"enemies":"Gremlin Gang","floor":13,"turns":11},{"damage":57,"enemies":"The Guardian","floor":16,"turns":14}],"seed_played":"2711566965655028651","potions_obtained":[{"floor":1.0,"key":"AttackPotion"},{"floor":5.0,"key":"FearPotion"},{"floor":11,"key":"BlessingOfTheForge"}],"is_trial":false,"path_per_floor":["M","?","M","T","M","R","M","M","T","?","M","R","M","?","R","B"],"character_chosen":"THE_SENSHI","items_purchased":[],"campfire_rested":2,"item_purchase_floors":[],"current_hp_per_floor":[71,71,67,67,58,58,55,39,39,39,26,48,28,28,50,0,0],"gold":348,"neow_bonus":"","is_daily":true,"chose_seed":false,"campfire_upgraded":1,"win_rate":0.0,"timestamp":1613455986,"path_taken":["M","?","M","?","M","R","M","M","T","?","?","R","M","?","R","BOSS"],"items_purchased_type":[],"build_version":"2020-12-22","purchased_purges":0,"victory":false,"max_hp_per_floor":[75,75,75,75,75,75,75,75,75,75,75,75,75,75,75,75,75],"card_choices":[{"not_picked":["theSenshi:MoonsReflection","theSenshi:CrisisMakeUp","theSenshi:Sidestep"],"picked":"theSenshi:MoonHealingEscalation","floor":12},{"not_picked":["theSenshi:DramaticEntrance","theSenshi:MoonPrincessHalation","theSenshi:LunaWiseMentor"],"picked":"theSenshi:SailorMercuryAssists","floor":15}],"player_experience":308543,"relics_obtained":[{"floor":1.0,"key":"theSenshi:TiaraRelic"},{"floor":3.0,"key":"Question Card"},{"floor":4.0,"key":"MawBank"},{"floor":5.0,"key":"Bottled Tornado"},{"floor":7,"key":"theSenshi:HolyGrailRelic"},{"floor":8,"key":"PreservedInsect"},{"floor":9,"key":"Boot"},{"floor":11,"key":"Dream Catcher"},{"floor":13,"key":"Art of War"}],"event_choices":[{"damage_healed":0,"gold_gain":0,"player_choice":"Bought 0 Potions","damage_taken":0,"max_hp_gain":0,"max_hp_loss":0,"event_name":"The Woman in Blue","floor":10,"gold_loss":0},{"damage_healed":0,"gold_gain":0,"player_choice":"Take Wound","damage_taken":0,"relics_obtained":["Golden Idol"],"max_hp_gain":0,"max_hp_loss":0,"event_name":"Golden Idol","floor":14,"gold_loss":0,"cards_obtained":["Injury"]}],"is_beta":false,"boss_relics":[],"items_purged_floors":[],"is_endless":false,"potions_floor_spawned":[1,5,11],"killed_by":"The Guardian","ascension_level":0}}