{"host":"baujym3o9opv3mbj","time":1613491006,"event":{"mods":["AchievementEnabler","BaseMod","Colored Map","Minty Spire (QoL Compilation)","Rare Cards Sparkle","StSLib","SuperFastMode"],"gold_per_floor":[113,188,214,226,47,80,80,96,148,148,166,166,166,199,199,320,320,336,261,286,322,31,31,55,55,55,55,91,106,121,141,141,141,141],"floor_reached":33,"language":"KOR","playtime":3294,"items_purged":[],"score":300,"play_id":"750e8ae9-8d41-4246-936e-35dc127978e3","local_time":"20210217005646","is_ascension_mode":false,"campfire_choices":[{"floor":7,"key":"REST"},{"data":"Defend_R","floor":10,"key":"SMITH"},{"floor":15,"key":"REST"},{"floor":23,"key":"REST"},{"floor":25,"key":"REST"},{"floor":32,"key":"REST"}],"circlet_count":0,"master_deck":["Strike_R","Strike_R","Strike_R","Strike_R","Strike_R","Defend_R","Defend_R","Defend_R","Defend_R+1","Bash","Heavy Blade","Shrug It Off","Armaments","Perfected Strike","Double Tap","Twin Strike","Clothesline","Pommel Strike","Juggernaut","Anger","Dropkick","Dual Wield+1","Pommel Strike+1","Searing Blow","Dark Embrace+1","Cleave+1","Armaments+1","Heavy Blade"],"relics":["Black Blood","Orichalcum","Meat on the Bone","Juzu Bracelet","Golden Idol","Happy Flower","Red Mask","Mango","HornCleat","Frozen Egg 2"],"acts_visited":["Exordium","TheCity"],"potions_floor_usage":[21,24,33,33,33],"damage_taken":[{"damage":10,"enemies":"Small Slimes","floor":1,"turns":4},{"damage":8,"enemies":"Jaw Worm","floor":4,"turns":3},{"damage":16,"enemies":"Gremlin Nob","floor":6,"turns":4},{"damage":0,"enemies":"Cultist","floor":8,"turns":2},{"damage":0,"enemies":"3 Louse","floor":11,"turns":3},{"damage":43,"enemies":"Lagavulin","floor":14,"turns":7},{"damage":20,"enemies":"Slime Boss","floor":16,"turns":12},{"damage":18,"enemies":"Spheric Guardian","floor":18,"turns":4},{"damage":26,"enemies":"Shell Parasite","floor":20,"turns":5},{"damage":52,"enemies":"Masked Bandits","floor":21,"turns":6},{"damage":34,"enemies":"Snake Plant","floor":24,"turns":6},{"damage":53,"enemies":"Book of Stabbing","floor":28,"turns":7},{"damage":13,"enemies":"Centurion and Healer","floor":29,"turns":8},{"damage":35,"enemies":"Sentry and Sphere","floor":30,"turns":6},{"damage":39,"enemies":"3 Cultists","floor":31,"turns":6},{"damage":82,"enemies":"Champ","floor":33,"turns":12}],"seed_played":"103775211852206261","potions_obtained":[{"floor":4,"key":"Weak Potion"},{"floor":6,"key":"PowerPotion"},{"floor":8,"key":"Strength Potion"},{"floor":20,"key":"Swift Potion"},{"floor":21,"key":"Block Potion"},{"floor":30,"key":"AttackPotion"},{"floor":31,"key":"FearPotion"}],"is_trial":false,"path_per_floor":["M","?","T","M","$","E","R","M","T","R","M","?","?","E","R","B",null,"M","?","M","?","$","R","M","R","T","?","E","M","M","M","R","B"],"character_chosen":"IRONCLAD","items_purchased":["Armaments","Perfected Strike","HeartOfIron","Mango"],"campfire_rested":5,"item_purchase_floors":[5,5,5,22],"current_hp_per_floor":[84,73,73,71,71,61,87,88,88,88,88,93,93,56,83,69,93,87,87,73,45,59,91,69,101,101,101,72,71,60,45,77,0,0],"gold":141,"neow_bonus":"TEN_PERCENT_HP_BONUS","is_daily":false,"chose_seed":false,"campfire_upgraded":1,"win_rate":0.0,"timestamp":1613491006,"path_taken":["M","?","?","M","$","E","R","M","T","R","M","?","?","E","R","BOSS","M","?","M","?","$","R","M","R","T","?","E","M","M","M","R","BOSS"],"items_purchased_type":["Card","Card","Potion","Relic"],"build_version":"2020-12-22","purchased_purges":0,"victory":false,"max_hp_per_floor":[88,88,88,88,88,88,88,88,88,88,88,93,93,93,93,93,93,93,93,93,93,107,107,107,107,107,107,107,107,107,107,107,107,107],"card_choices":[{"not_picked":["Bloodletting","Twin Strike"],"picked":"Heavy Blade","floor":1},{"not_picked":["Headbutt","Thunderclap"],"picked":"Shrug It Off","floor":4},{"not_picked":["Armaments","Clash"],"picked":"Double Tap","floor":6},{"not_picked":["Iron Wave","Spot Weakness"],"picked":"Twin Strike","floor":8},{"not_picked":["Body Slam","Battle Trance"],"picked":"Clothesline","floor":11},{"not_picked":["Barricade","Headbutt"],"picked":"Pommel Strike","floor":14},{"not_picked":["Corruption","Impervious"],"picked":"Juggernaut","floor":16},{"not_picked":["Heavy Blade","Uppercut"],"picked":"Anger","floor":18},{"not_picked":["Pommel Strike","Reckless Charge"],"picked":"Dropkick","floor":20},{"not_picked":["Shrug It Off+1","Iron Wave+1"],"picked":"Dual Wield+1","floor":21},{"not_picked":["Clash+1","True Grit"],"picked":"Pommel Strike+1","floor":24},{"not_picked":["Shrug It Off","True Grit"],"picked":"Dark Embrace+1","floor":28},{"not_picked":["Flex+1","Inflame+1"],"picked":"Cleave+1","floor":29},{"not_picked":["Inflame+1","Pommel Strike"],"picked":"Armaments+1","floor":30},{"not_picked":["Rampage","Rupture+1"],"picked":"Heavy Blade","floor":31}],"player_experience":3866,"relics_obtained":[{"floor":3,"key":"Orichalcum"},{"floor":6,"key":"Meat on the Bone"},{"floor":9,"key":"Juzu Bracelet"},{"floor":14,"key":"Happy Flower"},{"floor":21,"key":"Red Mask"},{"floor":26,"key":"HornCleat"},{"floor":28,"key":"Frozen Egg 2"}],"event_choices":[{"damage_healed":0,"gold_gain":75,"player_choice":"Gather Gold","damage_taken":11,"max_hp_gain":0,"max_hp_loss":0,"event_name":"World of Goop","floor":2,"gold_loss":0},{"damage_healed":0,"gold_gain":0,"player_choice":"Donut","damage_taken":0,"max_hp_gain":5,"max_hp_loss":0,"event_name":"Big Fish","floor":12,"gold_loss":0},{"damage_healed":0,"gold_gain":0,"player_choice":"Take Wound","damage_taken":0,"relics_obtained":["Golden Idol"],"max_hp_gain":0,"max_hp_loss":0,"event_name":"Golden Idol","floor":13,"gold_loss":0,"cards_obtained":["Injury"]},{"cards_removed":["Injury"],"damage_healed":0,"gold_gain":0,"player_choice":"Gave Gold","damage_taken":0,"max_hp_gain":0,"max_hp_loss":0,"event_name":"Beggar","floor":19,"gold_loss":75},{"damage_healed":0,"gold_gain":0,"player_choice":"Fought Bandits","damage_taken":0,"max_hp_gain":0,"max_hp_loss":0,"event_name":"Masked Bandits","floor":21,"gold_loss":0},{"damage_healed":0,"gold_gain":0,"player_choice":"Read","damage_taken":0,"max_hp_gain":0,"max_hp_loss":0,"event_name":"The Library","floor":27,"gold_loss":0,"cards_obtained":["Searing Blow"]}],"is_beta":false,"boss_relics":[{"not_picked":["Snecko Eye","Sozu"],"picked":"Black Blood"}],"items_purged_floors":[],"is_endless":false,"potions_floor_spawned":[4,6,8,11,20,21,30,31],"killed_by":"Champ","ascension_level":0}}