{"host":"gnfs9pc52tj5b2xa","time":1613471652,"event":{"mods":["BaseMod","Minty Spire (QoL Compilation)","Relic Sorter","Relic Stats","Slay the Relics Exporter","ojb\u0027s Better Paths Mod","ojb\u0027s Info Mod"],"gold_per_floor":[113,129,149,160,2,80,80,80,80,5,5,24,24,47,47,47,47],"floor_reached":16,"language":"ENG","playtime":529,"items_purged":["Strike_R"],"score":204,"play_id":"49197089-556a-4677-abb8-c1bd278ea21a","local_time":"20210216023412","is_ascension_mode":true,"campfire_choices":[{"floor":11,"key":"REST"},{"data":"Armaments","floor":13,"key":"SMITH"},{"data":"Bash","floor":15,"key":"SMITH"}],"circlet_count":0,"master_deck":["AscendersBane","Strike_R","Strike_R","Strike_R","Defend_R","Defend_R","Defend_R","Defend_R","Bash+1","Twin Strike","Armaments+1","Iron Wave","Whirlwind","Reaper","Clothesline+1"],"relics":["Burning Blood","NeowsBlessing","Toolbox","Happy Flower","Golden Idol","Molten Egg 2"],"acts_visited":["Exordium"],"potions_floor_usage":[4],"damage_taken":[{"damage":0.0,"enemies":"Cultist","floor":1.0,"turns":1.0},{"damage":0.0,"enemies":"Small Slimes","floor":2.0,"turns":1.0},{"damage":0.0,"enemies":"2 Louse","floor":3.0,"turns":1.0},{"damage":42,"enemies":"Gremlin Gang","floor":4,"turns":6},{"damage":30,"enemies":"3 Sentries","floor":6,"turns":11},{"damage":7,"enemies":"3 Louse","floor":12,"turns":2},{"damage":7,"enemies":"2 Fungi Beasts","floor":14,"turns":6},{"damage":54,"enemies":"Slime Boss","floor":16,"turns":7}],"seed_played":"7846667902134771606","potions_obtained":[{"floor":2.0,"key":"CultistPotion"},{"floor":6,"key":"ElixirPotion"}],"is_trial":false,"path_per_floor":["M","M","M","M","$","E","?","?","T","$","R","M","R","M","R","B"],"character_chosen":"IRONCLAD","items_purchased":["Toolbox"],"campfire_rested":1,"item_purchase_floors":[5],"current_hp_per_floor":[74,75,75,39,39,15,15,15,15,15,35,36,36,39,39,0,0],"gold":47,"neow_bonus":"THREE_ENEMY_KILL","is_daily":false,"chose_seed":false,"campfire_upgraded":2,"win_rate":0.0,"timestamp":1613471652,"path_taken":["M","M","?","?","$","E","?","?","T","$","R","M","R","M","R","BOSS"],"items_purchased_type":["Relic"],"build_version":"2020-12-22","purchased_purges":1,"victory":false,"max_hp_per_floor":[75,75,75,75,75,75,68,68,68,68,68,68,68,68,68,68,68],"relic_stats":{"Happy Flower":[5],"counters":[8,35],"Golden Idol":9,"obtain_stats":[{"NeowsBlessing":0,"Happy Flower":6,"Golden Idol":7,"Toolbox":5,"Molten Egg 2":9,"Burning Blood":0},{"NeowsBlessing":0,"Happy Flower":5,"Golden Idol":5,"Toolbox":4,"Molten Egg 2":5,"Burning Blood":0},{"NeowsBlessing":0,"Happy Flower":20,"Golden Idol":20,"Toolbox":9,"Molten Egg 2":20,"Burning Blood":0}],"Burning Blood":31},"card_choices":[{"not_picked":["Clash","Flex"],"picked":"Twin Strike","floor":1.0},{"not_picked":["True Grit","Shrug It Off"],"picked":"Armaments","floor":2.0},{"not_picked":["Perfected Strike","Thunderclap"],"picked":"Iron Wave","floor":3.0},{"not_picked":["Heavy Blade","Sentinel"],"picked":"Whirlwind","floor":4},{"not_picked":["Perfected Strike","Flex"],"picked":"Reaper","floor":6},{"not_picked":["Iron Wave+1","Ghostly Armor"],"picked":"Clothesline+1","floor":12},{"not_picked":["Headbutt+1","Rage","Shockwave"],"picked":"SKIP","floor":14}],"player_experience":1317118,"relics_obtained":[{"floor":6,"key":"Happy Flower"},{"floor":9,"key":"Molten Egg 2"}],"event_choices":[{"damage_healed":0,"gold_gain":0,"player_choice":"Lose Max HP","damage_taken":0,"relics_obtained":["Golden Idol"],"max_hp_gain":0,"max_hp_loss":7,"event_name":"Golden Idol","floor":7,"gold_loss":0},{"cards_removed":["Strike_R"],"damage_healed":0,"gold_gain":0,"player_choice":"Purged","damage_taken":0,"max_hp_gain":0,"max_hp_loss":0,"event_name":"Purifier","floor":8,"gold_loss":0}],"is_beta":false,"boss_relics":[],"items_purged_floors":[10],"is_endless":false,"potions_floor_spawned":[2,6],"killed_by":"Slime Boss","ascension_level":20}}