{"host":"zlmf7uudqr1sj8t0","time":1613466505,"event":{"mods":["BaseMod","Colored Map","DeckTracker","Highlight Path","Minty Spire (QoL Compilation)"],"gold_per_floor":[109,128,128,140,155,180,180,214,214,214,194,194,194,194,194,291,341,353,366,36,51,66,66,66,91,91,91,107,107,127,127,127],"floor_reached":31,"language":"ENG","playtime":1638,"items_purged":[],"score":305,"play_id":"6b2f2f4f-c84a-4ab5-abbc-55bd02d16785","local_time":"20210216010825","is_ascension_mode":true,"campfire_choices":[{"floor":7,"key":"REST"},{"floor":10,"key":"REST"},{"data":"Ball Lightning","floor":13,"key":"SMITH"},{"data":"Static Discharge","floor":15,"key":"SMITH"},{"floor":23,"key":"REST"},{"floor":27,"key":"REST"},{"data":"Echo Form","floor":29,"key":"SMITH"}],"circlet_count":0,"master_deck":["Strike_B","Strike_B","Defend_B","Defend_B","Defend_B","Defend_B","Zap","Dualcast+1","Beam Cell","Static Discharge+1","Ball Lightning+1","Go for the Eyes","Echo Form+1","Machine Learning","Glacier","Self Repair+1","Ball Lightning","Gash","Scrape","Loop+1"],"relics":["Cracked Core","Juzu Bracelet","Boot","MealTicket","Bronze Scales","Eternal Feather","Tiny House","Frozen Egg 2","Toxic Egg 2","Kunai"],"acts_visited":["Exordium","TheCity"],"potions_floor_usage":[6,6,21,25,31],"damage_taken":[{"damage":7,"enemies":"Jaw Worm","floor":1,"turns":3},{"damage":1,"enemies":"Cultist","floor":2,"turns":3},{"damage":7,"enemies":"Small Slimes","floor":4,"turns":3},{"damage":15,"enemies":"Gremlin Gang","floor":5,"turns":4},{"damage":25,"enemies":"3 Sentries","floor":6,"turns":5},{"damage":30,"enemies":"Lagavulin","floor":8,"turns":4},{"damage":16,"enemies":"Hexaghost","floor":16,"turns":7},{"damage":20,"enemies":"2 Thieves","floor":18,"turns":4},{"damage":28,"enemies":"Spheric Guardian","floor":19,"turns":4},{"damage":24,"enemies":"Centurion and Healer","floor":21,"turns":5},{"damage":14,"enemies":"Chosen and Byrds","floor":22,"turns":3},{"damage":48,"enemies":"Slavers","floor":25,"turns":4},{"damage":23,"enemies":"Snecko","floor":28,"turns":5},{"damage":31,"enemies":"Shelled Parasite and Fungi","floor":30,"turns":4},{"damage":16,"enemies":"Centurion and Healer","floor":31,"turns":3}],"seed_played":"2902290923329048696","potions_obtained":[{"floor":1,"key":"SkillPotion"},{"floor":5,"key":"SkillPotion"},{"floor":8,"key":"SmokeBomb"},{"floor":17,"key":"ColorlessPotion"},{"floor":18,"key":"LiquidMemories"},{"floor":25,"key":"Energy Potion"},{"floor":28,"key":"PotionOfCapacity"}],"is_trial":false,"path_per_floor":["M","M","?","M","M","E","R","E","T","R","?","?","R","?","R","B",null,"M","M","$","M","M","R","?","E","T","R","M","R","M","M"],"character_chosen":"DEFECT","items_purchased":["Frozen Egg 2","Self Repair+1"],"campfire_rested":4,"item_purchase_floors":[20,20],"current_hp_per_floor":[68,67,67,60,45,20,42,12,12,34,34,27,27,27,33,17,80,60,32,47,33,19,52,52,14,14,47,34,43,12,0,0],"gold":127,"neow_bonus":"RANDOM_COMMON_RELIC","is_daily":false,"chose_seed":false,"campfire_upgraded":3,"win_rate":0.0,"timestamp":1613466505,"path_taken":["M","M","?","M","M","E","R","E","T","R","?","?","R","?","R","BOSS","M","M","$","M","M","R","?","E","T","R","M","R","M","M"],"items_purchased_type":["Relic","Card"],"build_version":"2020-12-22","purchased_purges":0,"victory":false,"max_hp_per_floor":[75,75,75,75,75,75,75,75,75,75,75,75,75,75,75,75,80,80,80,80,80,80,80,80,80,80,80,80,80,80,80,80],"card_choices":[{"not_picked":["Chaos","Conserve Battery"],"picked":"Beam Cell","floor":1},{"not_picked":["Cold Snap","Leap"],"picked":"Static Discharge","floor":2},{"not_picked":["Heatsinks","Compile Driver"],"picked":"Ball Lightning","floor":4},{"not_picked":["Redo","Self Repair"],"picked":"Go for the Eyes","floor":5},{"not_picked":["Chaos","Capacitor","Sunder"],"picked":"SKIP","floor":6},{"not_picked":["Chaos","Steam"],"picked":"Echo Form","floor":8},{"not_picked":["Core Surge","All For One"],"picked":"Machine Learning","floor":16},{"not_picked":["Aggregate","Undo"],"picked":"Glacier","floor":18},{"not_picked":["Streamline","Blizzard","Coolheaded"],"picked":"SKIP","floor":19},{"not_picked":["Compile Driver+1","BootSequence"],"picked":"Ball Lightning","floor":21},{"not_picked":["Seek","Glacier","Ball Lightning"],"picked":"SKIP","floor":22},{"not_picked":["Auto Shields+1","Skim+1"],"picked":"Scrape","floor":25},{"not_picked":["Sweeping Beam+1","Barrage","Genetic Algorithm+1"],"picked":"SKIP","floor":28},{"not_picked":["Conserve Battery+1","Blizzard"],"picked":"Loop+1","floor":30}],"player_experience":164108,"relics_obtained":[{"floor":6,"key":"Boot"},{"floor":8,"key":"MealTicket"},{"floor":9,"key":"Bronze Scales"},{"floor":25,"key":"Toxic Egg 2"},{"floor":26,"key":"Kunai"}],"event_choices":[{"cards_removed":["Strike_B"],"damage_healed":0,"gold_gain":0,"player_choice":"Offered Basic","damage_taken":0,"max_hp_gain":0,"max_hp_loss":0,"event_name":"Bonfire Elementals","floor":3,"gold_loss":0},{"damage_healed":0,"gold_gain":0,"player_choice":"Left Gold","damage_taken":0,"max_hp_gain":0,"max_hp_loss":0,"event_name":"World of Goop","floor":11,"gold_loss":20},{"cards_removed":["Strike_B"],"damage_healed":0,"gold_gain":0,"player_choice":"Card Removal","damage_taken":7,"max_hp_gain":0,"max_hp_loss":0,"event_name":"Golden Wing","floor":12,"gold_loss":0},{"damage_healed":0,"gold_gain":0,"player_choice":"Gave Potion","damage_taken":0,"relics_obtained":["Eternal Feather"],"max_hp_gain":0,"max_hp_loss":0,"event_name":"WeMeetAgain","floor":14,"gold_loss":0},{"damage_healed":0,"gold_gain":0,"player_choice":"Read","damage_taken":0,"max_hp_gain":0,"max_hp_loss":0,"event_name":"The Library","floor":24,"gold_loss":0,"cards_obtained":["Gash"]}],"is_beta":false,"boss_relics":[{"not_picked":["FrozenCore","Sozu"],"picked":"Tiny House"}],"items_purged_floors":[],"is_endless":false,"potions_floor_spawned":[1,5,8,18,25,28],"killed_by":"Centurion and Healer","ascension_level":3}}