{"host":"gsu59bb6ixcbb7gk","time":1613497726,"event":{"mods":["BaseMod","Colored Powertips","Downfall","Googly Eyes","Infinite Spire","Minty Spire (QoL Compilation)","Replay The Spire","StSLib"],"gold_per_floor":[124,153,176,188,216,261,273,328,340,375,405,417,529,555,567,709,721,747,21,36,61,82,82,121,135,135,176,199,237,237,237,237,237,237],"floor_reached":33,"language":"ENG","playtime":2179,"items_purged":["Heavy Blade"],"score":337,"play_id":"733eb831-858a-42e2-bc71-6c4e1980388e","local_time":"20210216124846","is_ascension_mode":true,"campfire_choices":[{"floor":12.0,"key":"REST"},{"data":"Fire Breathing","floor":15.0,"key":"SMITH"},{"floor":23.0,"key":"REST"},{"floor":32.0,"key":"REST"}],"circlet_count":0,"master_deck":["Strike_R","Strike_R","Strike_R","Defend_R","Defend_R","Defend_R","Defend_R","Bash","Fire Breathing+1","Injury","Wild Strike","Feel No Pain","Armaments","Fiend Fire+1","Pommel Strike","Inflame","Feel No Pain","Burning Pact+1","Burning Pact"],"relics":["Burning Blood","MawBank","Golden Idol","Mercury Hourglass","Lantern","Replay:Baseball","Mark of Pain","ReplayTheSpireMod:Lightbulb","Bottled Flame","Chemical X","Replay:Bottled Eggs","Kunai","Juzu Bracelet","Girya","MutagenicStrength"],"acts_visited":["Exordium","TheCity"],"potions_floor_usage":[],"damage_taken":[{"damage":6.0,"enemies":"Jaw Worm","floor":1.0,"turns":3.0},{"damage":2.0,"enemies":"2 Louse","floor":2.0,"turns":3.0},{"damage":1.0,"enemies":"Cultist","floor":3.0,"turns":3.0},{"damage":27.0,"enemies":"2 Fungi Beasts","floor":5.0,"turns":4.0},{"damage":13.0,"enemies":"Replay:BlueRogue","floor":6.0,"turns":6.0},{"damage":21.0,"enemies":"Lagavulin","floor":8.0,"turns":5.0},{"damage":7.0,"enemies":"Gremlin Gang","floor":10.0,"turns":3.0},{"damage":5.0,"enemies":"Large Slime","floor":11.0,"turns":5.0},{"damage":0.0,"enemies":"2 Fungi Beasts","floor":14.0,"turns":2.0},{"damage":35.0,"enemies":"Slime Boss","floor":16.0,"turns":5.0},{"damage":35.0,"enemies":"2 Thieves","floor":18.0,"turns":3.0},{"damage":10.0,"enemies":"Shell Parasite","floor":20.0,"turns":4.0},{"damage":19.0,"enemies":"Cultist and Chosen","floor":21.0,"turns":6.0},{"damage":15.0,"enemies":"Centurion and Healer","floor":22.0,"turns":5.0},{"damage":17.0,"enemies":"Book of Stabbing","floor":24.0,"turns":4.0},{"damage":0.0,"enemies":"Snecko","floor":25.0,"turns":2.0},{"damage":32.0,"enemies":"Nightmare","floor":27.0,"turns":6.0},{"damage":26.0,"enemies":"Shelled Parasite and Fungi","floor":28.0,"turns":4.0},{"damage":2.0,"enemies":"Book of Stabbing","floor":29.0,"turns":4.0},{"damage":49,"enemies":"Champ","floor":33,"turns":8}],"seed_played":"-1805117619142847101","potions_obtained":[{"floor":2.0,"key":"SteroidPotion"},{"floor":6.0,"key":"sneckomod:MuddlingPotion"},{"floor":10.0,"key":"BloodPotion"},{"floor":11.0,"key":"ColorlessPotion"},{"floor":14.0,"key":"Swift Potion"},{"floor":18.0,"key":"PowerPotion"},{"floor":21.0,"key":"hexamod:SoulburnPotion"},{"floor":24.0,"key":"GamblersBrew"},{"floor":27.0,"key":"Guardian:BlockOnCardUsePotion"},{"floor":28.0,"key":"ColorlessPotion"}],"is_trial":false,"path_per_floor":["M","M","M","?","M","E","?","E","T","M","M","R","?","M","R","B",null,"M","$","M","M","M","R","E","M","T","NM","M","E","?","?","R","B"],"character_chosen":"IRONCLAD","items_purchased":["ReplayTheSpireMod:Lightbulb","Inflame","Bottled Flame","Chemical X"],"campfire_rested":3,"item_purchase_floors":[19,19,19,19],"current_hp_per_floor":[80,80,80,80,59,52,52,37,37,36,37,61,61,67,67,38,80,51,51,63,50,41,65,54,60,60,34,14,18,18,18,42,0,0],"gold":237,"neow_bonus":"RANDOM_COMMON_RELIC","is_daily":false,"chose_seed":false,"campfire_upgraded":1,"win_rate":0.0,"timestamp":1613497726,"path_taken":["M","M","M","?","M","E","?","E","T","M","M","R","?","M","R","BOSS","M","$","M","M","M","R","E","?","T","NM","M","E","?","?","R","BOSS"],"items_purchased_type":["Relic","Card","Relic","Relic"],"build_version":"2020-12-22","purchased_purges":1,"victory":false,"max_hp_per_floor":[80,80,80,80,80,80,80,80,80,80,80,80,80,80,80,80,80,80,80,80,80,80,80,80,80,80,80,80,80,80,80,80,80,80],"card_choices":[{"not_picked":["Run Through","Twin Strike"],"picked":"Heavy Blade","floor":1.0},{"not_picked":["True Grit","Wild Strike"],"picked":"Fire Breathing","floor":2.0},{"not_picked":["Twin Strike","Clothesline","True Grit"],"picked":"SKIP","floor":3.0},{"not_picked":["Inflame","Intimidate"],"picked":"Wild Strike","floor":5.0},{"not_picked":["Run Through","Uppercut"],"picked":"Feel No Pain","floor":6.0},{"not_picked":["Replay:Many Hands","Pummel","Headbutt"],"picked":"SKIP","floor":8.0},{"not_picked":["Replay:Many Hands","Pummel","Headbutt"],"picked":"SKIP","floor":8.0},{"not_picked":["Blood for Blood","Carnage","True Grit"],"picked":"SKIP","floor":10.0},{"not_picked":["Twin Strike","Pummel","Whirlwind"],"picked":"SKIP","floor":11.0},{"not_picked":["Defy Death","Pummel"],"picked":"Armaments","floor":14.0},{"not_picked":["Exhume","Demonic Infusion"],"picked":"Fiend Fire","floor":16.0},{"not_picked":["Havoc","ReplayTheSpireMod:Strike From Hell"],"picked":"Pommel Strike","floor":18.0},{"not_picked":["Heavy Blade+1","Anger"],"picked":"Feel No Pain","floor":20.0},{"not_picked":["Hemokinesis","Second Wind+1","Massacre"],"picked":"SKIP","floor":21.0},{"not_picked":["Heavy Blade","Armaments"],"picked":"Burning Pact+1","floor":22.0},{"not_picked":["Run Through","Havoc+1","Defy Death"],"picked":"SKIP","floor":24.0},{"not_picked":["ReplayTheSpireMod:Limb From Limb","Flame Barrier+1","ReplayTheSpireMod:Muscle Training+1"],"picked":"SKIP","floor":25.0},{"not_picked":["Rupture","Anger","Headbutt"],"picked":"SKIP","floor":27.0},{"not_picked":["Armaments","Hemokinesis","ReplayTheSpireMod:LeadingStrike+1"],"picked":"SKIP","floor":28.0},{"not_picked":["Uppercut","Clash"],"picked":"Burning Pact","floor":29.0}],"player_experience":253958,"relics_obtained":[{"floor":6.0,"key":"Mercury Hourglass"},{"floor":8.0,"key":"Lantern"},{"floor":9.0,"key":"Replay:Baseball"},{"floor":24.0,"key":"Replay:Bottled Eggs"},{"floor":26.0,"key":"Kunai"},{"floor":27.0,"key":"Juzu Bracelet"},{"floor":29.0,"key":"Girya"}],"event_choices":[{"damage_healed":0.0,"max_hp_gain":0.0,"max_hp_loss":0.0,"gold_gain":0.0,"event_name":"Golden Idol","player_choice":"Take Wound","floor":4.0,"gold_loss":0.0,"damage_taken":0.0,"relics_obtained":["Golden Idol"],"cards_obtained":["Injury"]},{"damage_healed":0.0,"max_hp_gain":0.0,"max_hp_loss":0.0,"gold_gain":100.0,"event_name":"Golden Shrine","player_choice":"Pray","floor":13.0,"gold_loss":0.0,"damage_taken":0.0},{"cards_removed":["Strike_R"],"damage_healed":0.0,"max_hp_gain":0.0,"max_hp_loss":0.0,"gold_gain":0.0,"event_name":"Purifier","player_choice":"Purged","floor":30.0,"gold_loss":0.0,"damage_taken":0.0},{"damage_healed":0.0,"max_hp_gain":0.0,"max_hp_loss":0.0,"gold_gain":0.0,"event_name":"Drug Dealer","player_choice":"Inject Mutagens","floor":31.0,"gold_loss":0.0,"damage_taken":0.0,"relics_obtained":["MutagenicStrength"]}],"is_beta":false,"boss_relics":[{"not_picked":["Electric Blood","Pandora\u0027s Box"],"picked":"Mark of Pain"}],"items_purged_floors":[19],"is_endless":false,"potions_floor_spawned":[2,6,10,11,14,18,21,24,27,28],"killed_by":"Champ","ascension_level":1}}