{"host":"jz4ul6vrcxqkcr33","time":1613518651,"event":{"mods":["BaseMod","Minty Spire (QoL Compilation)","StSLib"],"gold_per_floor":[109,120,120,139,158,158,188,34,60,80,80,93,127,127,127,232,232,252,212,212,212,247,247,264,264,291,291,291],"floor_reached":27,"language":"ENG","playtime":3248,"items_purged":[],"score":368,"play_id":"6ba7bacc-d20c-43f9-b05c-f96a51eeb1e5","local_time":"20210216183731","is_ascension_mode":true,"campfire_choices":[{"data":"Ball Lightning","floor":6,"key":"SMITH"},{"floor":11,"key":"REST"},{"floor":15,"key":"REST"},{"floor":23,"key":"REST"},{"floor":25,"key":"REST"}],"circlet_count":0,"master_deck":["AscendersBane","Strike_B","Defend_B","Defend_B","Defend_B","Zap","Dualcast","Melter","Aggregate","Ball Lightning+1","Cold Snap","Heatsinks+1","Auto Shields","Thunder Strike","White Noise+1","Seek","Fusion+1","Skim+1","Barrage+1","Consume+1","Self Repair","Consume+1"],"relics":["Cracked Core","Pen Nib","Juzu Bracelet","Vajra","Oddly Smooth Stone","Astrolabe","Toxic Egg 2","Symbiotic Virus","Red Mask","Strawberry"],"acts_visited":["Exordium","TheCity"],"potions_floor_usage":[5,7,13,27],"damage_taken":[{"damage":0,"enemies":"Small Slimes","floor":1,"turns":2},{"damage":1,"enemies":"Cultist","floor":2,"turns":3},{"damage":2,"enemies":"Jaw Worm","floor":4,"turns":3},{"damage":10,"enemies":"Lots of Slimes","floor":5,"turns":3},{"damage":13,"enemies":"3 Sentries","floor":7,"turns":7},{"damage":14,"enemies":"Exordium Thugs","floor":10,"turns":4},{"damage":8,"enemies":"3 Louse","floor":12,"turns":2},{"damage":8,"enemies":"Gremlin Nob","floor":13,"turns":3},{"damage":21,"enemies":"The Guardian","floor":16,"turns":9},{"damage":24,"enemies":"2 Thieves","floor":18,"turns":4},{"damage":48,"enemies":"Masked Bandits","floor":22,"turns":4},{"damage":10,"enemies":"3 Byrds","floor":24,"turns":4},{"damage":63,"enemies":"Slavers","floor":27,"turns":4}],"seed_played":"6707696759232953057","potions_obtained":[{"floor":1,"key":"ColorlessPotion"},{"floor":5,"key":"BlessingOfTheForge"},{"floor":12,"key":"AttackPotion"},{"floor":16,"key":"BlessingOfTheForge"},{"floor":24,"key":"ColorlessPotion"}],"is_trial":false,"path_per_floor":["M","M","?","M","M","R","E","$","T","M","R","M","E","$","R","B",null,"M","?","?","T","?","R","M","R","T","E"],"character_chosen":"DEFECT","items_purchased":["Juzu Bracelet"],"campfire_rested":4,"item_purchase_floors":[8],"current_hp_per_floor":[64,63,63,61,51,51,38,38,38,24,50,42,34,34,60,39,77,53,53,53,53,5,31,28,54,61,0,0],"gold":291,"neow_bonus":"TWENTY_PERCENT_HP_BONUS","is_daily":false,"chose_seed":false,"campfire_upgraded":1,"win_rate":0.0,"timestamp":1613518651,"path_taken":["M","M","?","M","?","R","E","$","T","M","R","M","E","?","R","BOSS","M","?","?","?","?","R","M","R","T","E"],"items_purchased_type":["Relic"],"build_version":"2020-12-13","purchased_purges":0,"victory":false,"max_hp_per_floor":[89,89,89,89,89,89,89,89,89,89,89,89,89,89,89,89,89,89,89,89,89,89,89,89,89,96,96,96],"card_choices":[{"not_picked":["Auto Shields","BootSequence"],"picked":"Melter","floor":1},{"not_picked":["Turbo","Barrage"],"picked":"Aggregate","floor":2},{"not_picked":["Sweeping Beam","Fusion"],"picked":"Ball Lightning","floor":4},{"not_picked":["Turbo","Go for the Eyes"],"picked":"Cold Snap","floor":5},{"not_picked":["Conserve Battery","Hologram"],"picked":"Heatsinks","floor":7},{"not_picked":["Coolheaded","Loop"],"picked":"Auto Shields","floor":10},{"not_picked":["Barrage","Steam Power"],"picked":"Thunder Strike","floor":12},{"not_picked":["Rip and Tear","Darkness"],"picked":"White Noise","floor":13},{"not_picked":["All For One","Rainbow"],"picked":"Seek","floor":16},{"not_picked":["Steam+1","Lockon"],"picked":"Consume+1","floor":18},{"not_picked":["Chaos+1","Beam Cell"],"picked":"Self Repair","floor":22},{"not_picked":["Doom and Gloom","Hello World"],"picked":"Consume+1","floor":24}],"player_experience":249441,"relics_obtained":[{"floor":7,"key":"Pen Nib"},{"floor":9,"key":"Vajra"},{"floor":13,"key":"Oddly Smooth Stone"},{"floor":21,"key":"Symbiotic Virus"},{"floor":22,"key":"Red Mask"},{"floor":26,"key":"Strawberry"}],"event_choices":[{"cards_removed":["Strike_B"],"damage_healed":0,"gold_gain":0,"player_choice":"Offered Basic","damage_taken":0,"max_hp_gain":0,"max_hp_loss":0,"event_name":"Bonfire Elementals","floor":3,"gold_loss":0},{"damage_healed":0,"gold_gain":0,"player_choice":"Upgraded Two","damage_taken":0,"max_hp_gain":0,"max_hp_loss":0,"event_name":"Designer","floor":19,"gold_loss":40,"cards_upgraded":["White Noise","Heatsinks"]},{"damage_healed":0,"gold_gain":0,"player_choice":"Gave Potion","damage_taken":0,"relics_obtained":["Toxic Egg 2"],"max_hp_gain":0,"max_hp_loss":0,"event_name":"WeMeetAgain","floor":20,"gold_loss":0},{"damage_healed":0,"gold_gain":0,"player_choice":"Fought Bandits","damage_taken":0,"max_hp_gain":0,"max_hp_loss":0,"event_name":"Masked Bandits","floor":22,"gold_loss":0}],"is_beta":false,"boss_relics":[{"not_picked":["Ectoplasm","Calling Bell"],"picked":"Astrolabe"}],"items_purged_floors":[],"is_endless":false,"potions_floor_spawned":[1,5,12,16,24],"killed_by":"Slavers","ascension_level":11}}