{"host":"5z7rhcocprldured","time":1613439443,"event":{"mods":["2.2 Compatiblity","AchievementEnabler","AlwaysNeverKeys","BaseMod","Best Route Mod","Better Altar","Better Match","Better Note","Better Sensory Stone","Better Skull","Better Third Choice","BetterRewards","Block Reminder","Colored Map","Colored Powertips","Displayed Cursed Tome","Downfall","Emptier Cage","Energized Spire","Minty Spire (QoL Compilation)","Permanent Neow","Rare Cards Sparkle","SacredBarkPlus","Spicy Shops","StSLib","Synergy Search","Unceasing Turn Reminder"],"gold_per_floor":[113,126,152,168,184,184,198,198,268,268,10,22,97,129,129,230,230,242,202,54,34,44,44,72,84,107,37,48,48,59,59,59,154,154,170,0,0,12,12,39,39,39,39,68,68,68,85,96,96,96,96,96,47,79,79],"floor_reached":56,"language":"ENG","playtime":2284,"items_purged":["Strike_P"],"score":1525,"play_id":"3d740277-dbeb-4bbc-83d3-65aa8f42ef8b","local_time":"20210216013723","is_ascension_mode":false,"campfire_choices":[{"data":"DevaForm","floor":6,"key":"SMITH"},{"data":"TalkToTheHand","floor":8,"key":"SMITH"},{"data":"Eruption","floor":10,"key":"SMITH"},{"floor":15,"key":"REST"},{"data":"Fasting2","floor":23,"key":"SMITH"},{"floor":29,"key":"REST"},{"data":"WindmillStrike","floor":32,"key":"SMITH"},{"floor":42,"key":"REST"},{"data":"SpiritShield","floor":45,"key":"SMITH"},{"floor":49,"key":"REST"},{"data":"Ragnarok","floor":52,"key":"SMITH"}],"circlet_count":0,"master_deck":["Strike_P","Strike_P","Defend_P","Defend_P","Defend_P","Defend_P+1","Eruption+1","Vigilance+1","FlurryOfBlows","CrushJoints","SandsOfTime","DevaForm+1","TalkToTheHand+1","Fasting2+1","CutThroughFate","ConjureBlade","FollowUp","CutThroughFate","Conclude","WindmillStrike+1","FlyingSleeves+1","Sanctity","FollowUp","Ragnarok+1","Sanctity+1","Footwork+1","Consecrate+1","EmptyBody","SpiritShield+1","TalkToTheHand"],"relics":["PureWater","TungstenRod","Boot","Damaru","Letter Opener","Meat on the Bone","Mango","energizedSpire:MagnifyingGlass","Oddly Smooth Stone","WingedGreaves","Orichalcum","Runic Pyramid","Red Mask","Lizard Tail","Peace Pipe","Incense Burner","Blue Candle","Strawberry"],"acts_visited":["Exordium","TheCity","TheBeyond","TheEnding"],"potions_floor_usage":[14,14,14,22,24,25,40,48,54,55,55],"damage_taken":[{"damage":0,"enemies":"Cultist","floor":1,"turns":2},{"damage":0,"enemies":"Jaw Worm","floor":2,"turns":2},{"damage":0,"enemies":"2 Louse","floor":4,"turns":2},{"damage":0,"enemies":"Exordium Wildlife","floor":5,"turns":2},{"damage":24,"enemies":"Exordium Thugs","floor":7,"turns":7},{"damage":7,"enemies":"Red Slaver","floor":12,"turns":3},{"damage":13,"enemies":"Lagavulin","floor":14,"turns":3},{"damage":0,"enemies":"Slime Boss","floor":16,"turns":3},{"damage":0,"enemies":"Chosen","floor":18,"turns":4},{"damage":0,"enemies":"Shell Parasite","floor":22,"turns":3},{"damage":30,"enemies":"Gremlin Leader","floor":24,"turns":7},{"damage":8,"enemies":"Centurion and Healer","floor":25,"turns":7},{"damage":22,"enemies":"Snake Plant","floor":28,"turns":4},{"damage":5,"enemies":"3 Cultists","floor":30,"turns":3},{"damage":29,"enemies":"Champ","floor":33,"turns":8},{"damage":5,"enemies":"3 Darklings","floor":35,"turns":4},{"damage":1,"enemies":"Orb Walker","floor":38,"turns":4},{"damage":71,"enemies":"Reptomancer","floor":40,"turns":6},{"damage":1,"enemies":"Nemesis","floor":44,"turns":7},{"damage":0,"enemies":"Maw","floor":47,"turns":8},{"damage":0,"enemies":"Transient","floor":48,"turns":5},{"damage":18,"enemies":"Donu and Deca","floor":50,"turns":8},{"damage":37,"enemies":"Shield and Spear","floor":54,"turns":7},{"damage":109,"enemies":"The Heart","floor":55,"turns":10}],"seed_played":"6303784399574544794","potions_obtained":[{"floor":2,"key":"Explosive Potion"},{"floor":5,"key":"Swift Potion"},{"floor":12,"key":"BottledMiracle"},{"floor":14,"key":"SkillPotion"},{"floor":18,"key":"LiquidMemories"},{"floor":21,"key":"DuplicationPotion"},{"floor":30,"key":"Swift Potion"},{"floor":33,"key":"PowerPotion"},{"floor":35,"key":"Ambrosia"},{"floor":38,"key":"Regen Potion"},{"floor":44,"key":"SpeedPotion"}],"is_trial":false,"path_per_floor":["M","M","T","M","M","R","M","R","T","R","$","M","?","E","R","B",null,"M","?","$","?","M","R","E","M","T","$","M","R","M","?","R","B",null,"M","?","?","M","$","E","?","R","T","E","R","?","M","M","R","B",null,"R","$","E","B",null],"character_chosen":"WATCHER","items_purchased":["Boot","Meat on the Bone","Oddly Smooth Stone","WindmillStrike","Dexterity Potion"],"campfire_rested":4,"item_purchase_floors":[0,11,20,27,53],"current_hp_per_floor":[72,72,72,72,72,72,48,48,48,48,48,41,31,44,69,69,86,86,86,86,86,86,86,56,48,48,48,38,63,58,58,58,41,86,81,81,81,80,80,33,33,58,58,57,57,53,53,53,78,60,86,86,86,56,14],"gold":79,"neow_bonus":"","is_daily":false,"chose_seed":false,"campfire_upgraded":7,"win_rate":0.0,"timestamp":1613439443,"path_taken":["M","M","?","M","M","R","M","R","T","R","?","M","?","E","R","BOSS","M","?","$","?","M","R","E","M","T","?","M","R","?","?","R","BOSS","M","?","?","M","$","E","?","R","T","E","R","?","M","M","R","BOSS","R","$","E","BOSS"],"items_purchased_type":["Relic","Relic","Relic","Card","Potion"],"build_version":"2020-12-22","purchased_purges":1,"victory":true,"max_hp_per_floor":[72,72,72,72,72,72,72,72,72,72,72,72,72,86,86,86,86,86,86,86,86,86,86,86,86,86,86,86,86,86,86,86,86,86,86,86,86,86,86,86,86,86,86,86,86,86,86,86,86,86,86,86,86,93,93],"card_choices":[{"not_picked":["Adaptation","Consecrate"],"picked":"FlurryOfBlows","floor":1},{"not_picked":["Halt","Vengeance"],"picked":"CrushJoints","floor":2},{"not_picked":["Evaluate","FlurryOfBlows"],"picked":"SandsOfTime","floor":4},{"not_picked":["EmptyFist","Protect"],"picked":"DevaForm","floor":5},{"not_picked":["BowlingBash","EmptyBody"],"picked":"TalkToTheHand","floor":7},{"not_picked":["SashWhip","Crescendo"],"picked":"Fasting2","floor":12},{"not_picked":["Wireheading","Prostrate"],"picked":"CutThroughFate","floor":14},{"not_picked":["Brilliance","Devotion"],"picked":"ConjureBlade","floor":16},{"not_picked":["Consecrate+1","Prostrate"],"picked":"FollowUp","floor":18},{"not_picked":["Swivel","Prostrate"],"picked":"CutThroughFate","floor":22},{"not_picked":["InnerPeace","FollowUp","Nirvana"],"picked":"SKIP","floor":24},{"not_picked":["SashWhip","EmptyFist"],"picked":"Conclude","floor":25},{"not_picked":["CrushJoints","DevaForm"],"picked":"FlyingSleeves+1","floor":28},{"not_picked":["Meditate+1","FollowUp"],"picked":"Sanctity","floor":30},{"not_picked":["Alpha","LessonLearned"],"picked":"Ragnarok","floor":33},{"not_picked":["Prostrate","Consecrate"],"picked":"Sanctity+1","floor":35},{"not_picked":["Vengeance","PathToVictory"],"picked":"Consecrate+1","floor":38},{"not_picked":["JustLucky","CrushJoints"],"picked":"EmptyBody","floor":40},{"not_picked":["Adaptation","LessonLearned"],"picked":"SpiritShield","floor":44},{"not_picked":["EmptyFist","Protect+1","FearNoEvil+1"],"picked":"SKIP","floor":47},{"not_picked":["FlyingSleeves","CrushJoints+1","SashWhip"],"picked":"SKIP","floor":48},{"not_picked":["ForeignInfluence","SandsOfTime"],"picked":"TalkToTheHand","floor":54}],"player_experience":188835,"relics_obtained":[{"floor":3,"key":"Damaru"},{"floor":9,"key":"Letter Opener"},{"floor":14,"key":"Mango"},{"floor":24,"key":"WingedGreaves"},{"floor":26,"key":"Orichalcum"},{"floor":40,"key":"Lizard Tail"},{"floor":43,"key":"Peace Pipe"},{"floor":44,"key":"Incense Burner"},{"floor":54,"key":"Strawberry"}],"event_choices":[{"damage_healed":0,"gold_gain":75,"player_choice":"Gold","damage_taken":11,"max_hp_gain":0,"max_hp_loss":0,"event_name":"betterThird:BetterGoop","floor":13,"gold_loss":0},{"damage_healed":0,"gold_gain":0,"player_choice":"Upgraded Two","damage_taken":0,"max_hp_gain":0,"max_hp_loss":0,"event_name":"Designer","floor":19,"gold_loss":40,"cards_upgraded":["Defend_P","Vigilance"]},{"damage_healed":0,"gold_gain":0,"player_choice":"Bought 1 Potion","damage_taken":0,"max_hp_gain":0,"max_hp_loss":0,"event_name":"The Woman in Blue","floor":21,"gold_loss":0},{"damage_healed":0,"gold_gain":0,"cards_transformed":["Strike_P"],"player_choice":"Transformed","damage_taken":0,"max_hp_gain":0,"max_hp_loss":0,"event_name":"Transmorgrifier","floor":31,"gold_loss":0,"cards_obtained":["FollowUp"]},{"damage_healed":0,"gold_gain":0,"player_choice":"Paid","damage_taken":0,"relics_obtained":["Red Mask"],"max_hp_gain":0,"max_hp_loss":0,"event_name":"Tomb of Lord Red Mask","floor":36,"gold_loss":170},{"damage_healed":0,"gold_gain":3,"player_choice":"4","damage_taken":0,"max_hp_gain":0,"max_hp_loss":0,"event_name":"betterStone:BetterStone","floor":37,"gold_loss":0,"cards_obtained":["Footwork"]},{"damage_healed":0,"gold_gain":0,"player_choice":"Ignored","damage_taken":0,"max_hp_gain":0,"max_hp_loss":0,"event_name":"Mysterious Sphere","floor":41,"gold_loss":0}],"is_beta":false,"boss_relics":[{"not_picked":["Busted Crown","bronze:MakeshiftBattery"],"picked":"energizedSpire:MagnifyingGlass"},{"not_picked":["energizedSpire:StickyHand","energizedSpire:BlackCloud"],"picked":"Runic Pyramid"}],"items_purged_floors":[0],"is_endless":false,"potions_floor_spawned":[2,5,12,14,18,30,33,35,38,44],"ascension_level":0}}