{"host":"5wwct7e0z3l0f094","time":1613458800,"event":{"mods":["AchievementEnabler","BaseMod","Downfall","Highlight Path","Minty Spire (QoL Compilation)","StSLib","SuperFastMode"],"gold_per_floor":[110,110,123,135,149,184,184,184,184],"floor_reached":8,"language":"ENG","playtime":310,"items_purged":[],"score":87,"play_id":"37474a9d-eb08-4e87-acbb-279ff5884f73","local_time":"20210216020000","is_ascension_mode":true,"campfire_choices":[],"circlet_count":0,"master_deck":["AscendersBane","Strike_G","Strike_G","Strike_G","Strike_G","Strike_G","Defend_G","Defend_G","Defend_G","Defend_G","Defend_G","Survivor","Neutralize","Cloak And Dagger","Infinite Blades"],"relics":["Ring of the Snake","NeowsBlessing","FaceOfCleric","Bag of Preparation"],"acts_visited":["Exordium"],"potions_floor_usage":[8],"damage_taken":[{"damage":0.0,"enemies":"Cultist","floor":1.0,"turns":1.0},{"damage":0.0,"enemies":"Small Slimes","floor":3.0,"turns":1.0},{"damage":0.0,"enemies":"2 Louse","floor":4.0,"turns":1.0},{"damage":0.0,"enemies":"Looter","floor":5.0,"turns":5.0},{"damage":11.0,"enemies":"3 Sentries","floor":6.0,"turns":6.0},{"damage":57,"enemies":"Lagavulin","floor":8,"turns":9}],"seed_played":"-9038267690426688079","potions_obtained":[{"floor":4.0,"key":"AttackPotion"},{"floor":5.0,"key":"SpeedPotion"}],"is_trial":false,"path_per_floor":["M","?","M","M","M","E","$","E"],"character_chosen":"THE_SILENT","items_purchased":[],"campfire_rested":0,"item_purchase_floors":[],"current_hp_per_floor":[63,63,64,65,66,56,56,0,0],"gold":184,"neow_bonus":"THREE_ENEMY_KILL","is_daily":false,"chose_seed":false,"campfire_upgraded":0,"win_rate":0.0,"timestamp":1613458800,"path_taken":["M","?","?","M","M","E","?","E"],"items_purchased_type":[],"build_version":"2020-12-22","purchased_purges":0,"victory":false,"max_hp_per_floor":[70,70,71,72,73,74,74,74,74],"card_choices":[{"not_picked":["Poisoned Stab","Dagger Spray","Underhanded Strike"],"picked":"SKIP","floor":1.0},{"not_picked":["Acrobatics","Deadly Poison"],"picked":"Cloak And Dagger","floor":3.0},{"not_picked":["Sucker Punch","Doppelganger","Underhanded Strike"],"picked":"SKIP","floor":4.0},{"not_picked":["Acrobatics","Poisoned Stab","Endless Agony"],"picked":"SKIP","floor":5.0},{"not_picked":["Leg Sweep","PiercingWail"],"picked":"Infinite Blades","floor":6.0}],"player_experience":333021,"relics_obtained":[{"floor":6.0,"key":"Bag of Preparation"}],"event_choices":[{"damage_healed":0.0,"max_hp_gain":0.0,"max_hp_loss":0.0,"gold_gain":0.0,"event_name":"FaceTrader","player_choice":"Trade","floor":2.0,"gold_loss":0.0,"damage_taken":0.0,"relics_obtained":["FaceOfCleric"]}],"is_beta":false,"boss_relics":[],"items_purged_floors":[],"is_endless":false,"potions_floor_spawned":[4,5],"killed_by":"Lagavulin","ascension_level":10}}