{"host":"t9vqxmgmtrdkt9v9","time":1613473526,"event":{"mods":["AchievementEnabler","BaseMod","Colored Map","Minty Spire (QoL Compilation)","Permanent Neow","Relic Stats","StSLib"],"gold_per_floor":[114,132,149,149,161,161,186,186,186,213,213,232,9,44,44,120,120,140,51,51,51,70,70,84,41,41,73,84,103,103,123,123,198,198,213,213,228,241,48,83,83,111,134,134,168,179,179,207,207,207],"floor_reached":51,"language":"ENG","playtime":3606,"items_purged":["Strike_R","Strike_R"],"score":1605,"play_id":"1075af68-9ef5-471c-ba6f-16b07e3e66a3","local_time":"20210216210526","is_ascension_mode":true,"campfire_choices":[{"data":"Clothesline","floor":6,"key":"SMITH"},{"data":"Feed","floor":8,"key":"SMITH"},{"floor":15,"key":"REST"},{"data":"Immolate","floor":23,"key":"SMITH"},{"floor":30,"key":"REST"},{"floor":32,"key":"REST"},{"floor":41,"key":"REST"},{"floor":47,"key":"REST"},{"data":"Sword Boomerang","floor":49,"key":"SMITH"}],"circlet_count":0,"master_deck":["AscendersBane","Strike_R","Strike_R","Defend_R","Defend_R","Defend_R","Defend_R","Bash+1","Wild Strike","Clothesline+1","Sword Boomerang+1","Rampage","Feed+1","Ghostly Armor+1","Ghostly Armor+1","Seeing Red+1","Immolate+1","Burning Pact+1","Shockwave+1","Reckless Charge+1","Combust+1","Ghostly Armor+1","Exhume+1","Shrug It Off+1","Demon Form+1","Metallicize+1","Panache+1","Madness+1","Enlightenment+1","True Grit+1","Sentinel+1","Inflame+1","Flex+1","Burning Pact+1","Barricade+1","Bloodletting+1"],"relics":["Burning Blood","Incense Burner","Bird Faced Urn","Toxic Egg 2","Gremlin Horn","GremlinMask","Potion Belt","Runic Pyramid","Self Forming Clay","HornCleat","Frozen Egg 2","SacredBark","Boot","Omamori","Oddly Smooth Stone","Pantograph","Singing Bowl"],"acts_visited":["Exordium","TheCity","TheBeyond"],"potions_floor_usage":[7,16,16,24,33,33,37,45,50,50,50,50],"damage_taken":[{"damage":14,"enemies":"Jaw Worm","floor":1,"turns":4},{"damage":0,"enemies":"Small Slimes","floor":2,"turns":3},{"damage":1,"enemies":"Cultist","floor":3,"turns":3},{"damage":9,"enemies":"Exordium Wildlife","floor":5,"turns":4},{"damage":16,"enemies":"Lagavulin","floor":7,"turns":7},{"damage":9,"enemies":"Gremlin Nob","floor":10,"turns":4},{"damage":9,"enemies":"3 Louse","floor":12,"turns":3},{"damage":35,"enemies":"Lagavulin","floor":14,"turns":9},{"damage":6,"enemies":"Hexaghost","floor":16,"turns":9},{"damage":12,"enemies":"Chosen","floor":18,"turns":5},{"damage":19,"enemies":"3 Byrds","floor":22,"turns":5},{"damage":18,"enemies":"Snecko","floor":24,"turns":3},{"damage":26,"enemies":"Book of Stabbing","floor":27,"turns":8},{"damage":16,"enemies":"Shelled Parasite and Fungi","floor":28,"turns":5},{"damage":13,"enemies":"Snake Plant","floor":29,"turns":3},{"damage":1,"enemies":"Snecko","floor":31,"turns":5},{"damage":42,"enemies":"Collector","floor":33,"turns":10},{"damage":0,"enemies":"Orb Walker","floor":35,"turns":4},{"damage":23,"enemies":"3 Darklings","floor":37,"turns":5},{"damage":30,"enemies":"Spire Growth","floor":38,"turns":7},{"damage":37,"enemies":"Reptomancer","floor":40,"turns":7},{"damage":48,"enemies":"Giant Head","floor":42,"turns":8},{"damage":67,"enemies":"Reptomancer","floor":45,"turns":7},{"damage":21,"enemies":"Jaw Worm Horde","floor":46,"turns":5},{"damage":17,"enemies":"Giant Head","floor":48,"turns":6},{"damage":10,"enemies":"Awakened One","floor":50,"turns":8}],"seed_played":"-8055772667572403087","potions_obtained":[{"floor":3,"key":"FearPotion"},{"floor":10,"key":"LiquidBronze"},{"floor":16,"key":"Swift Potion"},{"floor":18,"key":"PowerPotion"},{"floor":22,"key":"Dexterity Potion"},{"floor":29,"key":"Energy Potion"},{"floor":31,"key":"Explosive Potion"},{"floor":38,"key":"BloodPotion"},{"floor":42,"key":"Strength Potion"},{"floor":45,"key":"EssenceOfSteel"},{"floor":46,"key":"DistilledChaos"}],"is_trial":false,"path_per_floor":["M","M","M","?","M","R","E","R","T","E","?","M","$","E","R","B",null,"M","$","?","T","M","R","M","$","T","E","M","M","R","M","R","B",null,"M","?","M","M","$","E","R","E","T","?","E","M","R","E","R","B",null],"character_chosen":"IRONCLAD","items_purchased":["CultistPotion","Ghostly Armor+1","Shockwave+1","Ghostly Armor+1","Inflame+1","Flex+1"],"campfire_rested":5,"item_purchase_floors":[13,13,19,25,39,39],"current_hp_per_floor":[60,66,68,68,65,65,55,55,55,56,56,57,57,32,56,60,78,76,76,76,76,67,67,59,59,59,45,45,42,75,86,116,80,107,117,107,100,86,86,69,108,80,80,80,83,76,118,119,119,140],"gold":207,"neow_bonus":"ONE_RARE_RELIC","is_daily":false,"chose_seed":false,"campfire_upgraded":4,"win_rate":0.0,"timestamp":1613473526,"path_taken":["M","M","M","?","M","R","E","R","T","E","?","M","$","E","R","BOSS","M","$","?","?","M","R","M","?","T","E","M","M","R","M","R","BOSS","M","?","M","M","$","E","R","E","T","?","E","M","R","E","R","BOSS"],"items_purchased_type":["Potion","Card","Card","Card","Card","Card"],"build_version":"2020-12-22","purchased_purges":2,"victory":true,"max_hp_per_floor":[68,68,68,68,68,68,68,68,68,72,72,76,76,80,80,84,84,88,88,88,88,92,92,96,96,96,100,108,112,112,116,116,116,116,120,120,124,128,128,132,132,136,136,136,136,140,140,140,140,140],"relic_stats":{"Gremlin Horn":[29,29],"Singing Bowl":0,"counters":[26,147],"Self Forming Clay":[273],"Bird Faced Urn":[69],"Pantograph":21,"Boot":[1],"obtain_stats":[{"Potion Belt":14,"Gremlin Horn":10,"Singing Bowl":48,"Self Forming Clay":21,"SacredBark":34,"Oddly Smooth Stone":43,"GremlinMask":11,"Incense Burner":0,"Omamori":42,"Frozen Egg 2":27,"Boot":40,"Burning Blood":0,"HornCleat":26,"Bird Faced Urn":7,"Pantograph":45,"Toxic Egg 2":9,"Runic Pyramid":17},{"Potion Belt":8,"Gremlin Horn":6,"Singing Bowl":25,"Self Forming Clay":10,"SacredBark":17,"Oddly Smooth Stone":22,"GremlinMask":6,"Incense Burner":0,"Omamori":22,"Frozen Egg 2":13,"Boot":21,"Burning Blood":0,"HornCleat":12,"Bird Faced Urn":5,"Pantograph":23,"Toxic Egg 2":5,"Runic Pyramid":9},{"Potion Belt":37,"Gremlin Horn":25,"Singing Bowl":139,"Self Forming Clay":51,"SacredBark":90,"Oddly Smooth Stone":121,"GremlinMask":25,"Incense Burner":0,"Omamori":121,"Frozen Egg 2":67,"Boot":113,"Burning Blood":0,"HornCleat":59,"Bird Faced Urn":21,"Pantograph":128,"Toxic Egg 2":21,"Runic Pyramid":46}],"Burning Blood":152},"card_choices":[{"not_picked":["Clash","Iron Wave"],"picked":"Wild Strike","floor":1},{"not_picked":["Dual Wield","Clash"],"picked":"Clothesline","floor":2},{"not_picked":["Warcry","Headbutt"],"picked":"Sword Boomerang","floor":3},{"not_picked":["Dark Embrace","Wild Strike"],"picked":"Rampage","floor":5},{"not_picked":["Flex","Sentinel"],"picked":"Feed","floor":7},{"not_picked":["Cleave","Pommel Strike"],"picked":"Ghostly Armor+1","floor":10},{"not_picked":["Havoc+1","Sword Boomerang","Wild Strike"],"picked":"SKIP","floor":12},{"not_picked":["Whirlwind","Clash"],"picked":"Seeing Red+1","floor":14},{"not_picked":["Impervious+1","Fiend Fire"],"picked":"Immolate","floor":16},{"not_picked":["Headbutt","Warcry+1"],"picked":"Burning Pact+1","floor":18},{"not_picked":["Sever Soul","Wild Strike"],"picked":"Reckless Charge+1","floor":22},{"not_picked":["Clothesline","Wild Strike"],"picked":"Combust+1","floor":24},{"not_picked":["Ghostly Armor+1","Entrench+1"],"picked":"Exhume+1","floor":27},{"not_picked":["Wild Strike","Thunderclap","Sword Boomerang"],"picked":"SKIP","floor":28},{"not_picked":["Armaments+1","True Grit+1"],"picked":"Shrug It Off+1","floor":29},{"not_picked":["Warcry+1","Heavy Blade","Headbutt"],"picked":"SKIP","floor":31},{"not_picked":["Double Tap+1","Juggernaut+1"],"picked":"Demon Form+1","floor":33},{"not_picked":["Havoc+1","Twin Strike"],"picked":"Metallicize+1","floor":35},{"not_picked":["Purity+1","Bandage Up+1"],"picked":"Panache+1","floor":36},{"not_picked":["Panacea+1","Sadistic Nature+1"],"picked":"Madness+1","floor":36},{"not_picked":["Transmutation+1","Deep Breath+1"],"picked":"Enlightenment+1","floor":36},{"not_picked":["Flex+1","Sever Soul"],"picked":"True Grit+1","floor":37},{"not_picked":["Flex+1","Cleave+1"],"picked":"Sentinel+1","floor":38},{"not_picked":["Disarm+1","Inflame+1"],"picked":"Burning Pact+1","floor":40},{"not_picked":["Spot Weakness+1","Thunderclap","Evolve+1"],"picked":"SKIP","floor":42},{"not_picked":["Havoc+1","Iron Wave","Cleave+1"],"picked":"SKIP","floor":45},{"not_picked":["Armaments+1","Heavy Blade"],"picked":"Barricade+1","floor":46},{"not_picked":["Rage+1","Infernal Blade+1"],"picked":"Bloodletting+1","floor":48}],"player_experience":421808,"relics_obtained":[{"floor":7,"key":"Bird Faced Urn"},{"floor":9,"key":"Toxic Egg 2"},{"floor":10,"key":"Gremlin Horn"},{"floor":14,"key":"Potion Belt"},{"floor":21,"key":"Self Forming Clay"},{"floor":26,"key":"HornCleat"},{"floor":27,"key":"Frozen Egg 2"},{"floor":40,"key":"Boot"},{"floor":42,"key":"Omamori"},{"floor":43,"key":"Oddly Smooth Stone"},{"floor":45,"key":"Pantograph"},{"floor":48,"key":"Singing Bowl"}],"event_choices":[{"damage_healed":0,"gold_gain":0,"player_choice":"Grow","damage_taken":0,"max_hp_gain":0,"max_hp_loss":0,"event_name":"Living Wall","floor":4,"gold_loss":0,"cards_upgraded":["Bash"]},{"damage_healed":0,"gold_gain":0,"player_choice":"Trade","damage_taken":0,"relics_obtained":["GremlinMask"],"max_hp_gain":0,"max_hp_loss":0,"event_name":"FaceTrader","floor":11,"gold_loss":0},{"damage_healed":0,"gold_gain":0,"player_choice":"Memory 3","damage_taken":10,"max_hp_gain":0,"max_hp_loss":0,"event_name":"SensoryStone","floor":36,"gold_loss":0},{"cards_removed":["Strike_R"],"damage_healed":0,"gold_gain":0,"player_choice":"Removed Attack","damage_taken":0,"max_hp_gain":0,"max_hp_loss":0,"event_name":"Falling","floor":44,"gold_loss":0}],"is_beta":false,"boss_relics":[{"not_picked":["Black Blood","Empty Cage"],"picked":"Runic Pyramid"},{"not_picked":["Mark of Pain","Tiny House"],"picked":"SacredBark"}],"items_purged_floors":[13,39],"is_endless":false,"potions_floor_spawned":[3,10,16,18,22,29,31,38,42,45,46],"ascension_level":18}}