{"host":"acw864156wjp8gcv","time":1613434812,"event":{"mods":["2.2 Compatiblity","AchievementEnabler","Ascension Reborn","Aspiration","BaseMod","Beaked The Cultist","Better Altar","Better Match","Better Note","Better Sensory Stone","Better Silent Start","Better Skull","Better Third Choice","Better Vampires","BetterRewards","Challenge The Spire","Colored Map","Colored Powertips","Conspire","Curses Come First","Downfall","Energized Spire","Evolution","GifTheSpireLib","Halation","Hubris","Infinite Spire","Ironclad Rager","Jedi Mod","Mimic Mod","Minty Spire (QoL Compilation)","Permanent Neow","Puzzle Mod","Relic Sorter","Replay The Spire","Robot Space Explorer","Shop Mod","Spicy Shops","Spikes Relics","StSLib","Stuff the Spire","The Blue Laboratory","The Construct","The Jungle","The Marked","Wandering Minibosses","everything is the same but u backflip on backflip"],"gold_per_floor":[109,121,200,212,226,226,242,257,263,263,263,276,276,305,305,399,399,411,426,426,194,204,204,226,234,234,234,234,246,246,252,252,347,347,1050,1050,1066,1117,1127,1127,1158,269,269,233,252,252,152,152,152,152,152,152,152,186,136],"floor_reached":56,"language":"ENG","playtime":3262,"items_purged":["RobotSpaceExplorer:ImprovisedAttack","RobotSpaceExplorer:ImprovisedAttack+1"],"score":1251,"play_id":"8e117457-5b94-48ab-8090-08b560111117","local_time":"20210215182012","is_ascension_mode":true,"campfire_choices":[{"data":"RobotSpaceExplorer:Scan","floor":6,"key":"SMITH"},{"data":"RobotSpaceExplorer:MiniLasers","floor":11,"key":"SMITH"},{"data":"RobotSpaceExplorer:Counterblock","floor":13,"key":"SMITH"},{"data":"RobotSpaceExplorer:ImprovisedAttack","floor":15,"key":"SMITH"},{"data":"RobotSpaceExplorer:ChargingLaser","floor":27,"key":"SMITH"},{"data":"RobotSpaceExplorer:ImprovisedAttack","floor":30,"key":"SMITH"},{"data":"RobotSpaceExplorer:Defend","floor":32,"key":"SMITH"},{"data":"RobotSpaceExplorer:ImprovisedAttack","floor":40,"key":"SMITH"},{"data":"infinitespire:Gouge","floor":49,"key":"SMITH"},{"data":"RobotSpaceExplorer:ScrapMissile","floor":52,"key":"SMITH"}],"circlet_count":0,"master_deck":["RobotSpaceExplorer:Defend","RobotSpaceExplorer:Scan+1","RobotSpaceExplorer:MiniLasers+1","RobotSpaceExplorer:Counterblock+1","RobotSpaceExplorer:ScrapMissile","RobotSpaceExplorer:ShovelStrike+1","RobotSpaceExplorer:ScrapMissile+1","RobotSpaceExplorer:ChargingLaser+1","RobotSpaceExplorer:Ammunition+1","construct:SweepLaser+1","RobotSpaceExplorer:Smokescreen+1","beaked:Ceremony","infinitespire:Gouge+1"],"relics":["RobotSpaceExplorer:RoboCore","hubris:Icosahedron","halation:VictoryRuler","EVO:Axolotl","Iron Hammer","hubris:OldNail","Question Card","infinitespire:Cupcake","jedi:crownofsimplicity","Replay:Bottled Snecko","aspiration:BeakedSkillbook","Ginger","wanderingMiniBosses:MasterThiefsPresence","Replay:Wax Seal","Sozu","Regal Pillow","Replay:Baseball","StuffTheSpire:ForceGauntlet","StuffTheSpire:Rhapsscallions","Medical Kit","halation:LettersToHer"],"acts_visited":["Exordium","TheCity","TheBeyond","TheEnding"],"potions_floor_usage":[],"damage_taken":[{"damage":0,"enemies":"Cultist","floor":1,"turns":3},{"damage":10,"enemies":"infinitespire:Voidling","floor":2,"turns":5},{"damage":0,"enemies":"2 Louse","floor":4,"turns":4},{"damage":0,"enemies":"Looter","floor":5,"turns":2},{"damage":0,"enemies":"3 Louse","floor":7,"turns":2},{"damage":0,"enemies":"Exordium Wildlife","floor":8,"turns":4},{"damage":10,"enemies":"Large Slime","floor":9,"turns":14},{"damage":0,"enemies":"Large Slime","floor":12,"turns":4},{"damage":0,"enemies":"3 Sentries","floor":14,"turns":1},{"damage":51,"enemies":"The Guardian","floor":16,"turns":14},{"damage":0,"enemies":"2 Thieves","floor":18,"turns":2},{"damage":0,"enemies":"conspire:FuzzyDice","floor":19,"turns":4},{"damage":15,"enemies":"Snake Plant","floor":22,"turns":4},{"damage":16,"enemies":"Slavers","floor":24,"turns":4},{"damage":8,"enemies":"conspire:HollyBat","floor":25,"turns":7},{"damage":6,"enemies":"Shelled Parasite and Fungi","floor":29,"turns":4},{"damage":0,"enemies":"Sentry and Sphere","floor":31,"turns":3},{"damage":43,"enemies":"hubris:MusketHawk","floor":33,"turns":10},{"damage":130,"enemies":"3 Shapes","floor":35,"turns":5},{"damage":0,"enemies":"3 Darklings","floor":37,"turns":1},{"damage":0,"enemies":"Sphere and 2 Shapes","floor":39,"turns":2},{"damage":5,"enemies":"Nightmare","floor":41,"turns":6},{"damage":0,"enemies":"Jaw Worm Horde","floor":44,"turns":2},{"damage":0,"enemies":"Transient","floor":45,"turns":5},{"damage":24,"enemies":"Time Eater","floor":50,"turns":4},{"damage":0,"enemies":"Shield and Spear","floor":54,"turns":3},{"damage":69,"enemies":"The Heart","floor":55,"turns":5}],"seed_played":"-3876891180418539989","potions_obtained":[{"floor":2,"key":"blueLaboratory:ArtificerPotion"},{"floor":4,"key":"blueLaboratory:PhilterOfMotion"},{"floor":19,"key":"SpeedPotion"}],"is_trial":false,"path_per_floor":["M","M","T","M","M","R","M","M","MIM","?","R","M","R","E","R","B",null,"M","M","?","$","M","?","E","M","T","R","?","M","R","M","R","B",null,"M","?","M","T","M","R","NM","$","T","M","M","AVR","NS","?","R","B",null,"R","$","E","B",null],"character_chosen":"RobotSpaceExplorer","items_purchased":["jedi:crownofsimplicity","Replay:Baseball","StuffTheSpire:ForceGauntlet","StuffTheSpire:Rhapsscallions","Medical Kit"],"campfire_rested":0,"item_purchase_floors":[21,42,42,42,42],"current_hp_per_floor":[75,74,74,74,74,74,74,74,64,64,64,64,64,64,64,13,75,75,75,75,75,60,60,44,36,36,36,61,55,55,55,55,12,75,75,75,75,75,75,75,70,74,74,74,74,74,74,55,55,31,79,79,79,79,10],"gold":136,"neow_bonus":"ONE_RANDOM_RARE_CARD","is_daily":false,"chose_seed":false,"campfire_upgraded":10,"win_rate":0.0,"timestamp":1613434812,"path_taken":["M","M","?","?","M","R","M","M","MIM","?","R","M","R","E","R","BOSS","M","M","?","$","M","?","E","M","T","R","?","?","R","M","R","BOSS","M","?","M","?","?","R","NM","$","T","M","M","AVR","NS","?","R","BOSS","R","$","E","BOSS"],"items_purchased_type":["Relic","Relic","Relic","Relic","Relic"],"build_version":"2020-12-22","purchased_purges":2,"victory":true,"max_hp_per_floor":[75,75,75,75,75,75,75,75,75,75,75,75,75,75,75,75,75,75,75,75,75,75,75,75,75,75,75,75,75,75,75,75,75,75,75,75,75,75,75,75,75,79,79,79,79,79,79,79,79,79,79,79,79,79,79],"card_choices":[{"not_picked":["RobotSpaceExplorer:DualCore","RobotSpaceExplorer:GearShield"],"picked":"RobotSpaceExplorer:Counterblock","floor":1},{"not_picked":["RobotSpaceExplorer:Electropulse","RobotSpaceExplorer:ShovelStrike","RobotSpaceExplorer:Discharger"],"picked":"SKIP","floor":2},{"not_picked":["RobotSpaceExplorer:PlasmaMissile","RobotSpaceExplorer:Pulsar"],"picked":"RobotSpaceExplorer:ScrapMissile","floor":4},{"not_picked":["RobotSpaceExplorer:SlimeMissile","RobotSpaceExplorer:FrostMissile","RobotSpaceExplorer:MiniDrones"],"picked":"SKIP","floor":5},{"not_picked":["RobotSpaceExplorer:RigExplosive","RobotSpaceExplorer:Comet","RobotSpaceExplorer:FranticSearch"],"picked":"SKIP","floor":7},{"not_picked":["RobotSpaceExplorer:ScrapShield","RobotSpaceExplorer:FreezingShield","RobotSpaceExplorer:FranticSearch"],"picked":"SKIP","floor":8},{"not_picked":["RobotSpaceExplorer:StarLightning","RobotSpaceExplorer:SlimeMissile"],"picked":"RobotSpaceExplorer:ShovelStrike","floor":9},{"not_picked":["RobotSpaceExplorer:Jetpack","RobotSpaceExplorer:StarDust"],"picked":"RobotSpaceExplorer:ScrapMissile","floor":12},{"not_picked":["RobotSpaceExplorer:ImprovisedAttack","RobotSpaceExplorer:ShockKick","RobotSpaceExplorer:Counterblock"],"picked":"SKIP","floor":14},{"not_picked":["RobotSpaceExplorer:ImprovisedAttack","RobotSpaceExplorer:ShockKick","RobotSpaceExplorer:Counterblock"],"picked":"SKIP","floor":14},{"not_picked":["RobotSpaceExplorer:Scanner","RobotSpaceExplorer:TrailblazerForm","RobotSpaceExplorer:Comet"],"picked":"RobotSpaceExplorer:ChargingLaser","floor":16},{"not_picked":["RobotSpaceExplorer:ShockKick","RobotSpaceExplorer:ImprovisedAttack","RobotSpaceExplorer:PowerGlove"],"picked":"RobotSpaceExplorer:Ammunition+1","floor":18},{"not_picked":["RobotSpaceExplorer:ScrapToss","RobotSpaceExplorer:Fix+1","RobotSpaceExplorer:ShovelStrike","RobotSpaceExplorer:Electropulse"],"picked":"SKIP","floor":19},{"not_picked":["RobotSpaceExplorer:IronShell","RobotSpaceExplorer:LaserBurst","RobotSpaceExplorer:MiniDrones+1","RobotSpaceExplorer:Electropulse+1"],"picked":"SKIP","floor":22},{"not_picked":["RobotSpaceExplorer:FreezeRay","RobotSpaceExplorer:Calculate","RobotSpaceExplorer:ScrapShield+1","RobotSpaceExplorer:PlasmaMissile+1"],"picked":"SKIP","floor":24},{"not_picked":["RobotSpaceExplorer:ShovelStrike","RobotSpaceExplorer:Blitz","RobotSpaceExplorer:MakeshiftVolley"],"picked":"RobotSpaceExplorer:Smokescreen+1","floor":25},{"not_picked":["RobotSpaceExplorer:ShovelStrike","RobotSpaceExplorer:DoubleFind","RobotSpaceExplorer:MiniDrones+1","RobotSpaceExplorer:FranticSearch"],"picked":"SKIP","floor":29},{"not_picked":["RobotSpaceExplorer:MetalStrike+1","RobotSpaceExplorer:SurgingShield","RobotSpaceExplorer:ShockKick+1","RobotSpaceExplorer:Calculate"],"picked":"SKIP","floor":31},{"not_picked":["RobotSpaceExplorer:Ammunition+1","beaked:Tradeoff+1","beaked:Poke+1","beaked:Cower+1"],"picked":"RobotSpaceExplorer:Wormhole","floor":35},{"not_picked":["beaked:WarriorEssence","beaked:DesperateSwing+1","beaked:BarbedWire","RobotSpaceExplorer:Smokescreen","RobotSpaceExplorer:Blitz+1"],"picked":"SKIP","floor":37},{"not_picked":["beaked:VigorBurst","beaked:DigDeep","beaked:Daydream","beaked:Evade+1","RobotSpaceExplorer:Scanner"],"picked":"SKIP","floor":39},{"not_picked":["RobotSpaceExplorer:Asteroid","RobotSpaceExplorer:FreezeRay+1","ReplayTheSpireMod:Wings of Steel+1","RobotSpaceExplorer:SelfCleaning+1"],"picked":"beaked:Ceremony","floor":41},{"not_picked":["beaked:Roost","RobotSpaceExplorer:MetalStrike","beaked:Flinch","RobotSpaceExplorer:DoubleBlock","RobotSpaceExplorer:Pulsar+1"],"picked":"SKIP","floor":44},{"not_picked":["RobotSpaceExplorer:GlueShot+1","RobotSpaceExplorer:FranticSearch","beaked:MimicMachine","beaked:BraceForImpact+1","RobotSpaceExplorer:DoubleFind"],"picked":"SKIP","floor":45},{"not_picked":["ReplayTheSpireMod:Black Plague","ReplayTheSpireMod:??????????????????????"],"picked":"infinitespire:Gouge","floor":48},{"not_picked":["beaked:DigDeep+1","RobotSpaceExplorer:Ammunition+1","RobotSpaceExplorer:Pulsar+1","beaked:Foresight+1","RobotSpaceExplorer:StunGrenade+1"],"picked":"SKIP","floor":54}],"player_experience":160218,"relics_obtained":[{"floor":3,"key":"Iron Hammer"},{"floor":9,"key":"hubris:OldNail"},{"floor":14,"key":"Question Card"},{"floor":24,"key":"Replay:Bottled Snecko"},{"floor":35,"key":"wanderingMiniBosses:MasterThiefsPresence"},{"floor":38,"key":"Replay:Wax Seal"},{"floor":41,"key":"Regal Pillow"},{"floor":43,"key":"halation:VictoryRuler"},{"floor":54,"key":"halation:LettersToHer"}],"event_choices":[{"cards_removed":["construct:SweepLaser"],"damage_healed":0,"gold_gain":0,"player_choice":"Take \u0026 Give","damage_taken":0,"max_hp_gain":0,"max_hp_loss":0,"event_name":"betterNote:BetterNote","floor":20,"gold_loss":0,"cards_obtained":["construct:SweepLaser"]},{"damage_healed":0,"gold_gain":0,"player_choice":"Ignored","damage_taken":0,"max_hp_gain":0,"max_hp_loss":0,"event_name":"Ghosts","floor":23,"gold_loss":0},{"damage_healed":25,"gold_gain":0,"player_choice":"Heal","damage_taken":0,"max_hp_gain":0,"max_hp_loss":0,"event_name":"The Library","floor":28,"gold_loss":0}],"is_beta":false,"boss_relics":[{"not_picked":["halation:LoveArrow","aspiration:DefectSkillbook"],"picked":"infinitespire:Cupcake"},{"not_picked":["halation:ForbiddenBikini","energizedSpire:NeverEndingSparkler"],"picked":"aspiration:BeakedSkillbook"}],"items_purged_floors":[21,42],"is_endless":false,"potions_floor_spawned":[2,4,12,19,25,33,37,39,41,45,54],"ascension_level":0}}