{"host":"egwexuw5uvnxf11j","time":1613514802,"event":{"mods":["2.2 Compatiblity","Aspiration","BaseMod","Better Note","Better Sensory Stone","Better Third Choice","Displayed Cursed Tome","Downfall","Hermit","Key Reminder","Koishi","Marisa????????","Minty Spire (QoL Compilation)","Quick Restart","Shade Mod","Spicy Shops","StSLib","The Construct","The Cursed","The Runesmith","The Senshi","The Servant 0.9.4","Transform Curses"],"gold_per_floor":[113,113,127,140,151,151,165,165,165,165,197,197,232,246,246,346,346,363,377,387,387,387,387,387],"floor_reached":23,"language":"ENG","playtime":682,"items_purged":[],"score":233,"play_id":"04640f0f-3194-4f31-86b7-2461259aefe3","local_time":"20210216173322","is_ascension_mode":true,"campfire_choices":[{"floor":6,"key":"REST"},{"floor":8,"key":"REST"},{"data":"Streamline","floor":10,"key":"SMITH"},{"floor":15,"key":"REST"}],"circlet_count":0,"master_deck":["Strike_B","Strike_B","Strike_B","Strike_B","Defend_B","Defend_B","Defend_B","Defend_B","Zap","Dualcast","Streamline+1","Auto Shields","Pain","Conserve Battery","Go for the Eyes","Go for the Eyes","Cold Snap","Lockon","Skim+1","Darkness+1","Electrodynamics","Hologram+1","Gash","Leap+1"],"relics":["Cracked Core","WarpedTongs","theSenshi:SailorFukuRelic","Pear","keyreminder:keyreminder","Toxic Egg 2","Mercury Hourglass","Fusion Hammer","Enchiridion","Frozen Egg 2"],"acts_visited":["Exordium","TheCity"],"potions_floor_usage":[16,23],"damage_taken":[{"damage":0,"enemies":"Small Slimes","floor":1,"turns":2},{"damage":9,"enemies":"Cultist","floor":3,"turns":3},{"damage":9,"enemies":"Jaw Worm","floor":4,"turns":3},{"damage":30,"enemies":"Exordium Thugs","floor":5,"turns":4},{"damage":3,"enemies":"Looter","floor":7,"turns":3},{"damage":19,"enemies":"Lagavulin","floor":11,"turns":7},{"damage":30,"enemies":"3 Sentries","floor":13,"turns":7},{"damage":4,"enemies":"Exordium Wildlife","floor":14,"turns":2},{"damage":12,"enemies":"The Guardian","floor":16,"turns":6},{"damage":9,"enemies":"Spheric Guardian","floor":18,"turns":3},{"damage":8,"enemies":"Chosen","floor":19,"turns":4},{"damage":3,"enemies":"Centurion and Healer","floor":20,"turns":3},{"damage":53,"enemies":"Gremlin Leader","floor":23,"turns":3}],"seed_played":"826055034157185636","potions_obtained":[{"floor":1,"key":"Guardian:BlockOnCardUsePotion"},{"floor":13,"key":"DuplicationPotion"},{"floor":16,"key":"hexamod:SoulburnPotion"}],"is_trial":false,"path_per_floor":["M","?","M","M","M","R","M","R","T","R","E","T","E","M","R","B",null,"M","M","M","?","T","E"],"character_chosen":"DEFECT","items_purchased":[],"campfire_rested":3,"item_purchase_floors":[],"current_hp_per_floor":[75,75,66,57,27,49,46,68,68,68,59,59,29,25,50,38,85,76,68,65,49,49,0,0],"gold":387,"neow_bonus":"THREE_CARDS","is_daily":false,"chose_seed":false,"campfire_upgraded":1,"win_rate":0.0,"timestamp":1613514802,"path_taken":["M","?","M","M","?","R","M","R","T","R","E","?","E","M","R","BOSS","M","M","M","?","?","E"],"items_purchased_type":[],"build_version":"2020-12-22","purchased_purges":0,"victory":false,"max_hp_per_floor":[75,75,75,75,75,75,75,75,75,75,85,85,85,85,85,85,85,85,85,85,85,85,85,85],"card_choices":[{"not_picked":["Go for the Eyes","Rebound"],"picked":"Streamline","floor":0},{"not_picked":["FTL","Stack"],"picked":"Auto Shields","floor":1},{"not_picked":["Streamline","Capacitor"],"picked":"Conserve Battery","floor":3},{"not_picked":["Steam Power","Leap"],"picked":"Go for the Eyes","floor":4},{"not_picked":["Cold Snap","Auto Shields"],"picked":"Go for the Eyes","floor":5},{"not_picked":["Turbo","Steam"],"picked":"Cold Snap","floor":7},{"not_picked":["BootSequence","Heatsinks"],"picked":"Lockon","floor":11},{"not_picked":["Blizzard","Hologram+1"],"picked":"Skim+1","floor":13},{"not_picked":["White Noise+1","Genetic Algorithm+1"],"picked":"Darkness+1","floor":14},{"not_picked":["Fission+1","Reboot+1"],"picked":"Electrodynamics","floor":16},{"not_picked":["Cold Snap","Go for the Eyes"],"picked":"Hologram+1","floor":18},{"not_picked":["Consume+1","Loop+1"],"picked":"Gash","floor":19},{"not_picked":["Heatsinks","Streamline"],"picked":"Leap+1","floor":20}],"player_experience":2093226,"relics_obtained":[{"floor":9,"key":"theSenshi:SailorFukuRelic"},{"floor":11,"key":"Pear"},{"floor":12,"key":"Toxic Egg 2"},{"floor":13,"key":"Mercury Hourglass"},{"floor":22,"key":"Frozen Egg 2"}],"event_choices":[{"damage_healed":0,"gold_gain":0,"player_choice":"Rummage","damage_taken":0,"relics_obtained":["WarpedTongs"],"max_hp_gain":0,"max_hp_loss":0,"event_name":"Accursed Blacksmith","floor":2,"gold_loss":0,"cards_obtained":["Pain"]},{"damage_healed":0,"gold_gain":0,"player_choice":"Obtained Book","damage_taken":16,"max_hp_gain":0,"max_hp_loss":0,"event_name":"Cursed Tome","floor":21,"gold_loss":0}],"is_beta":false,"boss_relics":[{"not_picked":["aspiration:SilentSkillbook","aspiration:PoetsPen_weak"],"picked":"Fusion Hammer"}],"items_purged_floors":[],"is_endless":false,"potions_floor_spawned":[1,13,16],"killed_by":"Gremlin Leader","ascension_level":3}}