{"host":"za1qviwhp34x909e","time":1613455765,"event":{"mods":["Act Like it!","BaseMod","Colored Map","Colored Powertips","Downfall","Highlight Path","Hubris","Koishi","Marisa????????","Minty Spire (QoL Compilation)","Quick Restart","Reimu??????","Replay The Spire","StSLib","The Servant 0.9.4"],"gold_per_floor":[109,127,127,141,36,36,66,96,149,159,159,177,177,193,193,289,289,302,302,312,331,331,331,331],"floor_reached":23,"language":"ENG","playtime":1265,"items_purged":[],"score":193,"play_id":"7ab1ec88-da29-48b4-ae13-21f0915d91c5","local_time":"20210216000925","is_ascension_mode":false,"campfire_choices":[{"data":"Koishi:MassHysteria","floor":6,"key":"SMITH"},{"data":"Koishi:TraumaticStroke","floor":11,"key":"SMITH"},{"data":"Koishi:RuptureMind","floor":13,"key":"SMITH"}],"circlet_count":0,"master_deck":["Koishi:BasicStrike","Koishi:BasicStrike","Koishi:BasicStrike","Koishi:BasicStrike","Koishi:BasicDefend","Koishi:BasicDefend","Koishi:BasicDefend","Koishi:BasicDefend","Koishi:Provoke","Koishi:HauntingSlash","Koishi:FreudianInstinct+1","Koishi:MassHysteria+1","Koishi:DreadfulBlow","Koishi:TraumaticStroke+1","Koishi:TraumaticStroke","Koishi:PhantomStrike+1","Koishi:PhantomStrike","Koishi:Whimsy","Koishi:RuptureMind+1","Koishi:ParalyzingFear","Koishi:Ego","Koishi:StingingMind","Koishi:MindNumbingTerror+1"],"relics":["Koishi:ImaginaryFriend","NeowsBlessing","Omamori","Question Card","Replay:Baseball","Calling Bell","Boot","Ice Cream","Replay:Bottled Steam","hubris:Towel","Pet Ghost"],"acts_visited":["Exordium","TheCity"],"potions_floor_usage":[16,16],"damage_taken":[{"damage":0,"enemies":"2 Louse","floor":1,"turns":1},{"damage":0,"enemies":"Jaw Worm","floor":2,"turns":1},{"damage":0,"enemies":"Cultist","floor":4,"turns":1},{"damage":28,"enemies":"Gremlin Nob","floor":7,"turns":5},{"damage":3,"enemies":"Exordium Thugs","floor":10,"turns":4},{"damage":1,"enemies":"3 Louse","floor":12,"turns":2},{"damage":0,"enemies":"Exordium Wildlife","floor":14,"turns":3},{"damage":25,"enemies":"The Guardian","floor":16,"turns":9},{"damage":12,"enemies":"3 Byrds","floor":18,"turns":4},{"damage":2,"enemies":"Chosen","floor":20,"turns":4},{"damage":21,"enemies":"Snecko","floor":21,"turns":6},{"damage":37,"enemies":"Book of Stabbing","floor":23,"turns":5}],"seed_played":"-4304551377417238490","potions_obtained":[{"floor":1,"key":"Languid Potion"},{"floor":4,"key":"FearPotion"},{"floor":12,"key":"Cursed Concoction"}],"is_trial":false,"path_per_floor":["M","M","?","M","$","R","E","?","T","M","R","M","R","M","R_BF","B",null,"M","?","M","M","?","E"],"character_chosen":"KOISHI","items_purchased":["Koishi:TraumaticStroke","Koishi:PhantomStrike"],"campfire_rested":0,"item_purchase_floors":[5,5],"current_hp_per_floor":[60,60,60,60,60,60,34,34,34,33,33,32,32,33,51,33,60,50,50,49,37,37,0,0],"gold":331,"neow_bonus":"THREE_ENEMY_KILL","is_daily":false,"chose_seed":false,"campfire_upgraded":3,"win_rate":0.0,"timestamp":1613455765,"path_taken":["M","M","?","M","$","R","E","?","T","M","R","M","R","M","R_BF","BOSS","M","?","M","M","?","E"],"items_purchased_type":["Card","Card"],"build_version":"2020-12-22","purchased_purges":0,"victory":false,"max_hp_per_floor":[60,60,60,60,60,60,60,60,60,60,60,60,60,60,60,60,60,60,60,60,60,60,60,60],"card_choices":[{"not_picked":["Koishi:SubterraneanRose","Koishi:Prune"],"picked":"Koishi:FreudianInstinct","floor":1},{"not_picked":["Koishi:TraumaticStroke","Koishi:RorschachInDanmaku"],"picked":"Koishi:MassHysteria","floor":2},{"not_picked":["Koishi:Jaunt","Koishi:ApparitionsStalkTheNight"],"picked":"Koishi:DreadfulBlow","floor":4},{"not_picked":["Koishi:Jaunt","Koishi:UnconsciousUrges"],"picked":"Koishi:PhantomStrike","floor":7},{"not_picked":["Koishi:RacingHeart","Koishi:MassHysteria","Koishi:GhostParty"],"picked":"Koishi:Whimsy","floor":10},{"not_picked":["Koishi:DreadfulBlow","Koishi:JumpScare","Koishi:PhantomBarrier"],"picked":"Koishi:RuptureMind","floor":12},{"not_picked":["Koishi:Prune","Koishi:PhantomBarrier","Koishi:Jaunt"],"picked":"Koishi:ParalyzingFear","floor":14},{"not_picked":["Koishi:SuperEgo","Koishi:FormlessExistence","Koishi:PerfectMindControl"],"picked":"Koishi:Ego","floor":16},{"not_picked":["Koishi:DreadfulBlow","Koishi:Untouchable","Koishi:PhantomBarrier"],"picked":"Koishi:StingingMind","floor":18},{"not_picked":["Koishi:Prune+1","Koishi:GhostParty","Koishi:ParalyzingFear","Koishi:ApparitionsStalkTheNight+1"],"picked":"SKIP","floor":20},{"not_picked":["Koishi:JumpScare","Koishi:FleetingPhantom","Koishi:ReleaseOfTheId"],"picked":"Koishi:MindNumbingTerror+1","floor":21}],"player_experience":737972,"relics_obtained":[{"floor":7,"key":"Omamori"},{"floor":9,"key":"Replay:Baseball"},{"floor":17,"key":"Boot"},{"floor":17,"key":"Ice Cream"},{"floor":17,"key":"Replay:Bottled Steam"}],"event_choices":[{"damage_healed":0,"gold_gain":30,"player_choice":"Searched \u00272\u0027 times","damage_taken":0,"relics_obtained":["Question Card"],"max_hp_gain":0,"max_hp_loss":0,"event_name":"Dead Adventurer","floor":8,"gold_loss":0},{"damage_healed":0,"gold_gain":0,"player_choice":"Gave Potion","damage_taken":0,"relics_obtained":["Pet Ghost"],"max_hp_gain":0,"max_hp_loss":0,"event_name":"WeMeetAgain","floor":22,"gold_loss":0}],"is_beta":false,"boss_relics":[{"not_picked":["Empty Cage","hubris:Backtick"],"picked":"Calling Bell"}],"items_purged_floors":[],"is_endless":false,"potions_floor_spawned":[1,4,12],"killed_by":"Book of Stabbing","ascension_level":0}}