{"host":"gvmmh8a4dbuurnvz","time":1613476706,"event":{"mods":["AchievementEnabler","Aspiration","BaseMod","Better Vampires","BetterRewards","Colored Powertips","Highlight Path","Minty Spire (QoL Compilation)","MostiFishMod","Spicy Shops","StSLib","¡¾ÒÅÎï¿¨ÅÆ¡¿REMEMod"],"gold_per_floor":[112,128,139,139,155,155,165,90,136,166,166,195,195,207,207,308,358,375,200,200,53,152,152,181,181,181,215,226,78,104,104,104,204,204,223,233,33,43,53,84,103,103,103,103,129,-1271,-1271,-1252,-1252,-1252,-1252,-1252,-1252,-1224,-1224],"floor_reached":56,"language":"ZHS","playtime":2589,"items_purged":["Defend_G","Defend_G","Defend_G","Defend_G","Defend_G","Strike_G"],"score":2278,"play_id":"fb7dcff4-fd84-47ba-8695-f030bfa03db4","local_time":"20210216195826","is_ascension_mode":true,"campfire_choices":[{"data":"MostiFishMod:SephirahHod","floor":6,"key":"SMITH"},{"floor":11,"key":"RECALL"},{"data":"REME_BattleFury","floor":13,"key":"SMITH"},{"data":"Reflex","floor":15,"key":"SMITH"},{"data":"Corpse Explosion","floor":23,"key":"SMITH"},{"data":"REME_SpectralBlade","floor":25,"key":"SMITH"},{"data":"Prepared","floor":32,"key":"SMITH"},{"data":"REME_GreenPollution","floor":49,"key":"SMITH"},{"data":"Acrobatics","floor":52,"key":"SMITH"}],"circlet_count":0,"master_deck":["Strike_G","Strike_G","Strike_G","Survivor","Neutralize+1","REME_BattleFury+1","MostiFishMod:SephirahHod+1","REME_GreenPollution+1","MostiFishMod:PoisonShield","MostiFishMod:ButterFly","Concentrate","Acrobatics+1","Reflex+1","Corpse Explosion+1","REME_SpectralBlade+1","REME_GreenPollution+1","Prepared+1","REME_ShadowStrike","Finisher"],"relics":["Ring of the Snake","DaveBox","REME_ComplimentaryCards","MostiFishMod:Hod","Snake Skull","Blue Candle","Anchor","TwistedFunnel","TungstenRod","SynthV:TestCard","Bag of Preparation","Tiny House","Sling","Calipers","REME_HourglassOfDeath","Bronze Scales","Dodecahedron","Nunchaku","PatriotShield","BionicSphere","The Courier","SynthV:MejaisSoulstealer","Red Mask","Kunai"],"acts_visited":["Exordium","TheCity","TheBeyond","TheEnding"],"potions_floor_usage":[10,10,35,55,55],"damage_taken":[{"damage":0,"enemies":"Cultist","floor":1,"turns":2},{"damage":0,"enemies":"Small Slimes","floor":2,"turns":1},{"damage":0,"enemies":"Jaw Worm","floor":3,"turns":1},{"damage":0,"enemies":"Exordium Thugs","floor":5,"turns":2},{"damage":0,"enemies":"Looter","floor":7,"turns":1},{"damage":0,"enemies":"3 Sentries","floor":10,"turns":1},{"damage":0,"enemies":"Lagavulin","floor":12,"turns":2},{"damage":0,"enemies":"Exordium Wildlife","floor":14,"turns":1},{"damage":7,"enemies":"The Guardian","floor":16,"turns":4},{"damage":0,"enemies":"2 Thieves","floor":18,"turns":2},{"damage":0,"enemies":"Gremlin Leader","floor":24,"turns":2},{"damage":0,"enemies":"Book of Stabbing","floor":27,"turns":2},{"damage":0,"enemies":"Chosen","floor":28,"turns":2},{"damage":0,"enemies":"Slavers","floor":30,"turns":1},{"damage":0,"enemies":"Champ","floor":33,"turns":3},{"damage":0,"enemies":"3 Darklings","floor":35,"turns":1},{"damage":0,"enemies":"3 Shapes","floor":36,"turns":2},{"damage":0,"enemies":"Writhing Mass","floor":38,"turns":1},{"damage":0,"enemies":"4 Shapes","floor":39,"turns":1},{"damage":0,"enemies":"Nemesis","floor":40,"turns":1},{"damage":0,"enemies":"Transient","floor":41,"turns":1},{"damage":0,"enemies":"Reptomancer","floor":45,"turns":1},{"damage":0,"enemies":"Spire Growth","floor":48,"turns":1},{"damage":0,"enemies":"Donu and Deca","floor":50,"turns":1},{"damage":0,"enemies":"Shield and Spear","floor":54,"turns":1},{"damage":0,"enemies":"The Heart","floor":55,"turns":3}],"seed_played":"4548362225902015950","potions_obtained":[{"floor":3,"key":"Explosive Potion"},{"floor":7,"key":"CunningPotion"},{"floor":16,"key":"Dexterity Potion"},{"floor":17,"key":"Weak Potion"},{"floor":27,"key":"PowerPotion"},{"floor":38,"key":"ColorlessPotion"},{"floor":39,"key":"PowerPotion"}],"is_trial":false,"path_per_floor":["M","M","M","$","M","R","M","$","T","E","R","E","R","M","R","B",null,"M","$","?","$","?","R","E","R","T","E","M","$","E","?","R","B",null,"M","M","$","M","M","E","M","?","T","$","E","$","?","M","R","B",null,"R","$","E","B",null],"character_chosen":"THE_SILENT","items_purchased":["Snake Skull","Blue Candle","REME_GreenPollution","MostiFishMod:PoisonShield","Anchor","TwistedFunnel","MostiFishMod:ButterFly","TungstenRod","Concentrate","Energy Potion","Bag of Preparation","Sling","Dodecahedron","SynthV:MejaisSoulstealer"],"campfire_rested":0,"item_purchase_floors":[0,0,0,0,0,0,0,0,0,0,8,21,29,46],"current_hp_per_floor":[70,70,70,70,70,70,70,70,70,70,70,70,70,70,70,63,75,75,75,62,62,62,62,74,74,74,78,80,80,80,80,80,80,80,80,80,80,80,80,80,80,80,80,80,80,80,80,80,80,80,80,80,80,80,80],"gold":-1224,"neow_bonus":"","is_daily":false,"chose_seed":false,"campfire_upgraded":8,"win_rate":0.0,"timestamp":1613476706,"path_taken":["M","M","M","$","M","R","M","$","T","E","R","E","R","M","R","BOSS","M","$","?","$","?","R","E","R","T","E","M","$","E","?","R","BOSS","M","M","$","M","M","E","M","?","T","$","E","$","?","M","R","BOSS","R","$","E","BOSS"],"items_purchased_type":["Relic","Relic","Card","Card","Relic","Relic","Card","Relic","Card","Potion","Relic","Relic","Relic","Relic"],"build_version":"2020-12-22","purchased_purges":6,"victory":true,"max_hp_per_floor":[70,70,70,70,70,70,70,70,70,70,70,70,70,70,70,70,75,75,75,80,80,80,80,80,80,80,80,80,80,80,80,80,80,80,80,80,80,80,80,80,80,80,80,80,80,80,80,80,80,80,80,80,80,80,80],"card_choices":[{"not_picked":["Choke","Skewer","Backflip"],"picked":"SKIP","floor":1},{"not_picked":["Backflip","Dagger Throw","MostiFishMod:ThornCasing","Underhanded Strike"],"picked":"Acrobatics","floor":2},{"not_picked":["REME_ShadowStrike","Predator","Dagger Spray","Blade Dance","Bane"],"picked":"SKIP","floor":3},{"not_picked":["REME_ShadowStrike","Predator","Dagger Spray","Blade Dance","Bane"],"picked":"SKIP","floor":3},{"not_picked":["Quick Slash","Dagger Spray","Poisoned Stab","Deadly Poison","Underhanded Strike"],"picked":"SKIP","floor":5},{"not_picked":["PiercingWail","MostiFishMod:InvigoratingSolution","Backstab","Escape Plan","Acrobatics"],"picked":"SKIP","floor":7},{"not_picked":["Accuracy","Escape Plan","MostiFishMod:PoisonShield","Choke","MostiFishMod:PreservedThorns"],"picked":"SKIP","floor":10},{"not_picked":["Masterful Stab","Slice","Flechettes","Setup","MostiFishMod:Confrontation"],"picked":"SKIP","floor":12},{"not_picked":["Sucker Punch","Noxious Fumes","Acrobatics","MostiFishMod:PreservedThorns"],"picked":"Reflex","floor":14},{"not_picked":["Wraith Form v2","MostiFishMod:HiddenBlade","REME_CopyPotion","REME_LeechingPoison"],"picked":"Corpse Explosion","floor":16},{"not_picked":["Dodge and Roll","Outmaneuver","Poisoned Stab","MostiFishMod:PreservedThorns","Underhanded Strike"],"picked":"SKIP","floor":18},{"not_picked":["Caltrops","Storm of Steel","MostiFishMod:VineMother","Bouncing Flask+1"],"picked":"REME_SpectralBlade","floor":24},{"not_picked":["Heel Hook","Deadly Poison","Leg Sweep","MostiFishMod:PerfectParry"],"picked":"REME_GreenPollution+1","floor":27},{"not_picked":["Cloak And Dagger","Blade Dance","Skewer","Flechettes+1","Blur+1"],"picked":"SKIP","floor":28},{"not_picked":["MostiFishMod:VineMother","Leg Sweep","Blade Dance+1","Predator"],"picked":"Prepared","floor":30},{"not_picked":["Outmaneuver","Concentrate+1","MostiFishMod:PerfectParry+1","Dodge and Roll"],"picked":"REME_ShadowStrike","floor":35},{"not_picked":["Deadly Poison+1","Escape Plan+1","Predator+1","MostiFishMod:PerfectParry","Deflect+1"],"picked":"SKIP","floor":36},{"not_picked":["Sucker Punch","Setup","Underhanded Strike+1","Expertise+1"],"picked":"Finisher","floor":38},{"not_picked":["Acrobatics","Cloak And Dagger","PiercingWail","Quick Slash+1","MostiFishMod:Listen"],"picked":"SKIP","floor":39},{"not_picked":["Blade Dance","Backflip+1","Underhanded Strike","Flechettes","aspiration:Lunge"],"picked":"SKIP","floor":40},{"not_picked":["Deadly Poison+1","MostiFishMod:InvigoratingSolution","Cloak And Dagger+1","Sucker Punch","Underhanded Strike"],"picked":"SKIP","floor":41},{"not_picked":["Poisoned Stab+1","Cloak And Dagger","Setup+1","Outmaneuver+1","Deadly Poison+1"],"picked":"SKIP","floor":45},{"not_picked":["PiercingWail","Poisoned Stab","Crippling Poison","Well Laid Plans+1","Outmaneuver+1"],"picked":"SKIP","floor":48},{"not_picked":["Distraction","Bane+1","Acrobatics+1","Tactician","Skewer+1"],"picked":"SKIP","floor":54}],"player_experience":331701,"relics_obtained":[{"floor":1,"key":"SynthV:TestCard"},{"floor":24,"key":"Calipers"},{"floor":26,"key":"REME_HourglassOfDeath"},{"floor":27,"key":"Bronze Scales"},{"floor":30,"key":"Nunchaku"},{"floor":40,"key":"BionicSphere"},{"floor":43,"key":"The Courier"},{"floor":54,"key":"Kunai"}],"event_choices":[{"damage_healed":0,"gold_gain":0,"player_choice":"Shed Blood","damage_taken":19,"max_hp_gain":5,"max_hp_loss":0,"event_name":"Forgotten Altar","floor":20,"gold_loss":0},{"damage_healed":0,"gold_gain":99,"player_choice":"Stole From Cult","damage_taken":0,"max_hp_gain":0,"max_hp_loss":0,"event_name":"Nest","floor":22,"gold_loss":0},{"cards_removed":["Strike_G"],"damage_healed":0,"gold_gain":0,"player_choice":"Offered Basic","damage_taken":0,"max_hp_gain":0,"max_hp_loss":0,"event_name":"Bonfire Elementals","floor":31,"gold_loss":0},{"damage_healed":0,"gold_gain":0,"player_choice":"Memory 1","damage_taken":0,"max_hp_gain":0,"max_hp_loss":0,"event_name":"SensoryStone","floor":42,"gold_loss":0},{"damage_healed":0,"gold_gain":0,"player_choice":"Paid","damage_taken":0,"relics_obtained":["Red Mask"],"max_hp_gain":0,"max_hp_loss":0,"event_name":"Tomb of Lord Red Mask","floor":47,"gold_loss":-1271}],"is_beta":false,"boss_relics":[{"not_picked":["Snecko Eye","Pandora\u0027s Box"],"picked":"Tiny House"},{"not_picked":["Transparent","aspiration:WatcherSkillbook"],"picked":"PatriotShield"}],"items_purged_floors":[0,0,0,0,19,37],"is_endless":false,"potions_floor_spawned":[3,7,16,18,27,28,38,39,41,45],"ascension_level":4}}