{"host":"vrsxkkch9ccrec7k","time":1613519333,"event":{"mods":["Act Like it!","BaseMod","Bestiary","Better Altar","Better Match","Better Note","Better Sensory Stone","Better Skull","Better Third Choice","Better Vampires","Downfall","Minty Spire (QoL Compilation)","Permanent Neow","Relic Stats","Spicy Shops","StSLib"],"gold_per_floor":[199,211,211,231,13,45,70,89,115,115,130,30,15,15,28,130,130,130,141,241,252,271,5,5,30,30,50,60,60,60,110,127,225,225,225,236,250,267,12,366,389,389,401,1,17,30,30,65,85,85],"floor_reached":51,"language":"ENG","playtime":4031,"items_purged":["Slimebound:Strike_Slimebound","Slimebound:Tackle","Pain"],"score":1045,"play_id":"aca94900-20f6-412a-b123-ead7ac617a26","local_time":"20210216184853","is_ascension_mode":true,"campfire_choices":[{"data":"Slimebound:Split","floor":1.0,"key":"SMITH"},{"floor":12.0,"key":"REST"},{"data":"Slimebound:Teamwork","floor":18.0,"key":"SMITH"},{"data":"Slimebound:LevelUp","floor":30.0,"key":"SMITH"},{"data":"Slimebound:DuplicatedForm","floor":35,"key":"SMITH"},{"data":"Apotheosis","floor":47,"key":"SMITH"}],"circlet_count":0,"master_deck":["AscendersBane","Slimebound:Defend_Slimebound","Slimebound:Defend_Slimebound","Slimebound:Defend_Slimebound","Slimebound:Defend_Slimebound","Slimebound:Split+1","Slimebound:CorrosiveSpit","Slimebound:RejuvenatingLick","Slimebound:PressTheAttack","Slimebound:SplitAcid","Slimebound:OozeBath","Slimebound:SplitBruiser","Slimebound:SlimeSlap+1","Slimebound:Schlurp","Slimebound:SplitAcid","Slimebound:Teamwork+1","Slimebound:LeechEnergy+1","Slimebound:MegaLick","Slimebound:DisruptingSlam+1","Slimebound:RallyTheTroops+1","Slimebound:LevelUp+1","Bite+1","Bite+1","Slimebound:MinionMaster","Slimebound:Recollect","Slimebound:Prepare+1","Slimebound:DuplicatedForm+1","Slimebound:SplitMire+1","Slimebound:LivingWall+1","Slimebound:LeechEnergy+1","Slimebound:LeadByExample+1","Apotheosis+1","Slimebound:SpikyOuterGoop","Slimebound:TongueLash+1","Parasite","Slimebound:RallyTheTroops+1","Slimebound:SlimeTap","Parasite","Slimebound:LeechingTouch+1","Slimebound:SplitBruiser+1","Slimebound:RallyTheTroops+1","Slimebound:LivingWall+1"],"relics":["Slimebound:AbsorbEndCombat","Centennial Puzzle","Potion Belt","Nunchaku","Molten Egg 2","downfall:HeartBlessingGreen","bronze:MakeshiftBattery","Medical Kit","Sundial","FossilizedHelix","Slimebound:StickyStick","SacredBark","Membership Card","Bird Faced Urn","Art of War","Old Coin","hexamod:BolsterEngine","WarpedTongs","Slimebound:MaxSlimesRelic","Vajra","Guardian:BottledAnomaly","sneckomod:BlankCard"],"acts_visited":["Exordium","TheCity","TheBeyond"],"potions_floor_usage":[38,40,40,45,46,46,49,50,50],"damage_taken":[{"damage":5.0,"enemies":"Jaw Worm","floor":2.0,"turns":3.0},{"damage":0.0,"enemies":"Cultist","floor":4.0,"turns":3.0},{"damage":3.0,"enemies":"downfall:FleeingMerchant","floor":5.0,"turns":4.0},{"damage":12.0,"enemies":"Gremlin Nob","floor":6.0,"turns":4.0},{"damage":6.0,"enemies":"2 Louse","floor":8.0,"turns":2.0},{"damage":35.0,"enemies":"Lagavulin","floor":9.0,"turns":6.0},{"damage":0.0,"enemies":"2 Fungi Beasts","floor":10.0,"turns":1.0},{"damage":8.0,"enemies":"Lots of Slimes","floor":11.0,"turns":3.0},{"damage":9.0,"enemies":"downfall:FleeingMerchant","floor":13.0,"turns":4.0},{"damage":9.0,"enemies":"Blue Slaver","floor":15.0,"turns":4.0},{"damage":12.0,"enemies":"SI_SHIV_ARCHETYPE","floor":16.0,"turns":9.0},{"damage":11.0,"enemies":"Shell Parasite","floor":19.0,"turns":5.0},{"damage":23.0,"enemies":"3 Byrds","floor":21.0,"turns":3.0},{"damage":3.0,"enemies":"Snake Plant","floor":22.0,"turns":4.0},{"damage":3.0,"enemies":"downfall:FleeingMerchant","floor":23.0,"turns":4.0},{"damage":33.0,"enemies":"Slavers","floor":25.0,"turns":5.0},{"damage":6.0,"enemies":"Centurion and Healer","floor":27.0,"turns":5.0},{"damage":0.0,"enemies":"Chosen and Byrds","floor":28.0,"turns":6.0},{"damage":1.0,"enemies":"Snecko","floor":32.0,"turns":5.0},{"damage":19.0,"enemies":"IC_MUSHROOM_ARCHETYPE","floor":33.0,"turns":7.0},{"damage":14,"enemies":"Orb Walker","floor":36,"turns":4},{"damage":0,"enemies":"3 Darklings","floor":37,"turns":4},{"damage":28,"enemies":"Spire Growth","floor":38,"turns":4},{"damage":0,"enemies":"downfall:FleeingMerchant","floor":39,"turns":4},{"damage":16,"enemies":"2 Orb Walkers","floor":40,"turns":4},{"damage":21,"enemies":"Writhing Mass","floor":43,"turns":5},{"damage":32,"enemies":"Jaw Worm Horde","floor":45,"turns":3},{"damage":0,"enemies":"4 Shapes","floor":46,"turns":4},{"damage":47,"enemies":"Nemesis","floor":48,"turns":6},{"damage":0,"enemies":"Transient","floor":49,"turns":5},{"damage":27,"enemies":"WA_ARCHETYPE_DIVINITY","floor":50,"turns":10}],"seed_played":"1497917152420684954","potions_obtained":[{"floor":2.0,"key":"Guardian:BlockOnCardUsePotion"},{"floor":4.0,"key":"Dexterity Potion"},{"floor":8.0,"key":"SmokeBomb"},{"floor":11.0,"key":"Swift Potion"},{"floor":21.0,"key":"Block Potion"},{"floor":27.0,"key":"EntropicBrew"},{"floor":32.0,"key":"Explosive Potion"},{"floor":33.0,"key":"SteroidPotion"},{"floor":38,"key":"FairyPotion"},{"floor":45,"key":"SteroidPotion"},{"floor":46,"key":"Strength Potion"},{"floor":48,"key":"AttackPotion"},{"floor":49,"key":"Slimebound:SlimedPotion"}],"is_trial":false,"path_per_floor":["R","M","?","M","$","E","T","M","E","M","M","R","$","?","M","B",null,"R","M","?","M","M","$","T","E","?","M","M","?","R","T","M","B",null,"R","M","M","M","$","?","T","?","M","$","M","M","R","E","M","B",null],"character_chosen":"SLIMEBOUND","items_purchased":["Strength Potion","EssenceOfSteel","Medical Kit","Membership Card","Apotheosis","Bird Faced Urn","Slimebound:SpikyOuterGoop","Art of War","CultistPotion","Slimebound:MaxSlimesRelic","PowerPotion","SpeedPotion","Vajra","Slimebound:SlimeTap","Guardian:BottledAnomaly"],"campfire_rested":1,"item_purchase_floors":[5,5,23,39,39,39,39,39,39,44,44,44,44,44,44],"current_hp_per_floor":[59,58,45,51,56,48,48,48,21,21,19,38,37,37,30,26,55,55,50,50,33,36,41,41,16,16,24,38,38,38,38,51,44,54,54,55,57,36,41,41,41,41,39,39,52,57,57,39,57,37],"gold":85,"neow_bonus":"HUNDRED_GOLD","is_daily":false,"chose_seed":false,"campfire_upgraded":5,"win_rate":0.0,"timestamp":1613519333,"path_taken":["R","M","?","M","$","E","T","M","E","M","M","R","?","?","M","BOSS","R","M","?","M","?","$","T","E","?","M","M","?","R","?","M","BOSS","R","M","M","M","$","?","T","?","M","$","?","M","R","E","M","BOSS"],"items_purchased_type":["Potion","Potion","Relic","Relic","Card","Relic","Card","Relic","Potion","Relic","Potion","Potion","Relic","Card","Relic"],"build_version":"2020-12-22","purchased_purges":3,"victory":true,"max_hp_per_floor":[65,65,65,65,65,65,65,65,65,65,65,65,65,65,65,65,65,65,65,65,65,65,65,65,65,57,57,57,57,57,57,57,57,57,57,57,57,57,57,57,57,57,57,57,57,57,57,57,57,57],"relic_stats":{"Centennial Puzzle":[69],"Nunchaku":[16],"counters":[31,136],"Sundial":[4],"Bird Faced Urn":[33],"Art of War":[7],"Medical Kit":[6],"obtain_stats":[{"Potion Belt":6,"SacredBark":34,"sneckomod:BlankCard":48,"Vajra":44,"downfall:HeartBlessingGreen":12,"Medical Kit":23,"Old Coin":40,"WarpedTongs":42,"Centennial Puzzle":3,"Nunchaku":7,"Slimebound:MaxSlimesRelic":44,"Sundial":24,"Slimebound:StickyStick":31,"Bird Faced Urn":39,"Molten Egg 2":9,"Slimebound:AbsorbEndCombat":0,"Art of War":39,"Membership Card":39,"hexamod:BolsterEngine":41,"Guardian:BottledAnomaly":44,"bronze:MakeshiftBattery":17,"FossilizedHelix":25},{"Potion Belt":4,"SacredBark":20,"sneckomod:BlankCard":29,"Vajra":26,"downfall:HeartBlessingGreen":8,"Medical Kit":15,"Old Coin":25,"WarpedTongs":25,"Centennial Puzzle":1,"Nunchaku":4,"Slimebound:MaxSlimesRelic":26,"Sundial":15,"Slimebound:StickyStick":18,"Bird Faced Urn":24,"Molten Egg 2":6,"Slimebound:AbsorbEndCombat":0,"Art of War":24,"Membership Card":24,"hexamod:BolsterEngine":25,"Guardian:BottledAnomaly":26,"bronze:MakeshiftBattery":11,"FossilizedHelix":16},{"Potion Belt":14,"SacredBark":84,"sneckomod:BlankCard":121,"Vajra":108,"downfall:HeartBlessingGreen":26,"Medical Kit":57,"Old Coin":103,"WarpedTongs":103,"Centennial Puzzle":3,"Nunchaku":14,"Slimebound:MaxSlimesRelic":108,"Sundial":57,"Slimebound:StickyStick":72,"Bird Faced Urn":99,"Molten Egg 2":22,"Slimebound:AbsorbEndCombat":0,"Art of War":99,"Membership Card":99,"hexamod:BolsterEngine":103,"Guardian:BottledAnomaly":108,"bronze:MakeshiftBattery":42,"FossilizedHelix":61}],"WarpedTongs":[10]},"card_choices":[{"not_picked":["Slimebound:SlimeTap","Slimebound:DivideAndConquer"],"picked":"Slimebound:RejuvenatingLick","floor":2.0},{"not_picked":["Slimebound:HauntingLick","Slimebound:SplitSpecialist"],"picked":"Slimebound:PressTheAttack","floor":4.0},{"not_picked":["Slimebound:ProtectTheBoss","Slimebound:ServeAndProtect"],"picked":"Slimebound:SplitAcid","floor":5.0},{"not_picked":["Slimebound:ComboTackle","Slimebound:GoopSpray"],"picked":"Slimebound:OozeBath","floor":6.0},{"not_picked":["Slimebound:GoopTackle","Slimebound:ItLooksTasty"],"picked":"Slimebound:SplitBruiser","floor":8.0},{"not_picked":["Slimebound:HauntingLick","Slimebound:DivideAndConquer+1"],"picked":"Slimebound:SlimeSlap+1","floor":9.0},{"not_picked":["Slimebound:LeechEnergy+1","Slimebound:SplitLeeching"],"picked":"Slimebound:Schlurp","floor":11.0},{"not_picked":["Slimebound:SlimeBrawl","Slimebound:Gluttony"],"picked":"Slimebound:SplitAcid","floor":13.0},{"not_picked":["Slimebound:Chomp+1","Slimebound:Nibble+1","Slimebound:MegaLick"],"picked":"SKIP","floor":15.0},{"not_picked":["Slimebound:TagTeam+1","Slimebound:FirmFortitude"],"picked":"Slimebound:Teamwork","floor":16.0},{"not_picked":["Slimebound:AcidTongue+1","Slimebound:Dissolve"],"picked":"Slimebound:LeechEnergy+1","floor":19.0},{"not_picked":["Slimebound:GoopTackle+1","Slimebound:Schlurp"],"picked":"Slimebound:MegaLick","floor":21.0},{"not_picked":["Slimebound:SplitMire+1","Slimebound:HauntingLick"],"picked":"Slimebound:DisruptingSlam+1","floor":22.0},{"not_picked":["Slimebound:Repurpose","Slimebound:HungryTackle+1"],"picked":"Slimebound:RallyTheTroops+1","floor":23.0},{"not_picked":["Slimebound:FinishingTackle+1","Slimebound:LeechingTouch+1"],"picked":"Slimebound:LevelUp","floor":25.0},{"not_picked":["Slimebound:SplitLeeching","Slimebound:SamplingLick"],"picked":"Slimebound:MinionMaster","floor":27.0},{"not_picked":["Slimebound:SlimeSpikes","Slimebound:SplitMire"],"picked":"Slimebound:Recollect","floor":28.0},{"not_picked":["Slimebound:HauntingLick","Slimebound:Schlurp"],"picked":"Slimebound:Prepare+1","floor":32.0},{"not_picked":["Slimebound:MassRepurpose","Slimebound:OozeBath"],"picked":"Slimebound:DuplicatedForm","floor":33.0},{"not_picked":["Slimebound:ViciousTackle+1","Slimebound:PressTheAttack+1"],"picked":"Slimebound:SplitMire+1","floor":36},{"not_picked":["Slimebound:SamplingLick","Slimebound:BestDefense"],"picked":"Slimebound:LivingWall+1","floor":37},{"not_picked":["Slimebound:SplitSpecialist","Slimebound:SplitMire+1"],"picked":"Slimebound:LeechEnergy+1","floor":38},{"not_picked":["Slimebound:DisruptingSlam+1","Slimebound:HauntingLick"],"picked":"Slimebound:LeadByExample+1","floor":39},{"not_picked":["Slimebound:Nibble+1","Slimebound:Gluttony+1"],"picked":"Slimebound:TongueLash+1","floor":40},{"not_picked":["Slimebound:Prepare","Slimebound:ComboTackle+1"],"picked":"Slimebound:RallyTheTroops+1","floor":43},{"not_picked":["Slimebound:SamplingLick+1","Slimebound:MassFeed+1"],"picked":"Slimebound:LeechingTouch+1","floor":45},{"not_picked":["Slimebound:SlimeSpikes+1","Slimebound:HauntingLick"],"picked":"Slimebound:SplitBruiser+1","floor":46},{"not_picked":["Slimebound:SlimeSpikes","Slimebound:SplitAcid+1"],"picked":"Slimebound:RallyTheTroops+1","floor":48},{"not_picked":["Slimebound:SplitAcid+1","Slimebound:HauntingLick"],"picked":"Slimebound:LivingWall+1","floor":49}],"player_experience":1938185,"relics_obtained":[{"floor":6.0,"key":"Potion Belt"},{"floor":7.0,"key":"Nunchaku"},{"floor":9.0,"key":"Molten Egg 2"},{"floor":24.0,"key":"Sundial"},{"floor":25.0,"key":"FossilizedHelix"},{"floor":31.0,"key":"Slimebound:StickyStick"},{"floor":40,"key":"Old Coin"},{"floor":41,"key":"hexamod:BolsterEngine"},{"floor":48,"key":"sneckomod:BlankCard"}],"event_choices":[{"damage_healed":0.0,"max_hp_gain":0.0,"max_hp_loss":0.0,"gold_gain":0.0,"event_name":"betterSkull:BetterSkull","player_choice":"RE ","floor":3.0,"gold_loss":0.0,"damage_taken":15.0,"cards_upgraded":[],"relics_obtained":["Centennial Puzzle"]},{"damage_healed":0.0,"max_hp_gain":0.0,"max_hp_loss":0.0,"gold_gain":0.0,"event_name":"Scrap Ooze","player_choice":"Fled","floor":14.0,"gold_loss":0.0,"damage_taken":0.0},{"damage_healed":0.0,"max_hp_gain":0.0,"max_hp_loss":8.0,"gold_gain":0.0,"event_name":"Vampires","player_choice":"Became a vampire","floor":26.0,"gold_loss":0.0,"damage_taken":0.0,"cards_obtained":["Bite","Bite"]},{"damage_healed":0,"gold_gain":0,"player_choice":"Fight","damage_taken":0,"max_hp_gain":0,"max_hp_loss":0,"event_name":"Mysterious Sphere","floor":40,"gold_loss":0},{"damage_healed":0,"gold_gain":0,"player_choice":"Rummage","damage_taken":0,"relics_obtained":["WarpedTongs"],"max_hp_gain":0,"max_hp_loss":0,"event_name":"Accursed Blacksmith","floor":42,"gold_loss":0,"cards_obtained":["Pain"]}],"is_beta":false,"boss_relics":[{"not_picked":["Velvet Choker","Busted Crown"],"picked":"bronze:MakeshiftBattery"},{"not_picked":["Runic Dome","sneckomod:SneckoTalon"],"picked":"SacredBark"}],"items_purged_floors":[5,23,44],"is_endless":false,"potions_floor_spawned":[2,4,8,10,11,21,27,32,33,38,45,46,48,49],"ascension_level":10}}