{"host":"ymmeoa1x24ihslbm","time":1613480837,"event":{"mods":["AchievementEnabler","BaseMod","Colored Map","Colored Powertips","Defuse TimeMaze Blight","Highlight Path","Minty Spire (QoL Compilation)","Permanent Neow","Quick Restart","StSLib","Unceasing Turn Reminder"],"gold_per_floor":[112,132,143,113,79,79,93,93,120,134,150,161,177,193,193,193,193],"floor_reached":16,"language":"ENG","playtime":639,"items_purged":[],"score":172,"play_id":"eeb4b406-aac1-4f3b-aee0-fffd114fa411","local_time":"20210216140717","is_ascension_mode":true,"campfire_choices":[{"data":"Neutralize","floor":6,"key":"SMITH"},{"data":"Skewer","floor":8,"key":"SMITH"},{"data":"Dagger Spray","floor":15,"key":"SMITH"}],"circlet_count":0,"master_deck":["AscendersBane","Strike_G","Strike_G","Strike_G","Strike_G","Strike_G","Defend_G","Defend_G","Defend_G","Defend_G+1","Defend_G","Survivor","Neutralize+1","Dagger Throw","Quick Slash","Skewer+1","Dagger Spray+1","Deflect+1","Blur","Noxious Fumes","Venomology","Blur"],"relics":["Ring of the Snake","War Paint"],"acts_visited":[],"potions_floor_usage":[11,12,14],"damage_taken":[{"damage":4.0,"enemies":"Cultist","floor":1.0,"turns":5.0},{"damage":1.0,"enemies":"Jaw Worm","floor":2.0,"turns":3.0},{"damage":0.0,"enemies":"Small Slimes","floor":3.0,"turns":2.0},{"damage":0.0,"enemies":"Looter","floor":4.0,"turns":4.0},{"damage":1,"enemies":"2 Fungi Beasts","floor":7,"turns":3},{"damage":0,"enemies":"Large Slime","floor":10,"turns":5},{"damage":2,"enemies":"Gremlin Gang","floor":11,"turns":3},{"damage":0,"enemies":"Exordium Wildlife","floor":12,"turns":3},{"damage":10,"enemies":"3 Louse","floor":13,"turns":4},{"damage":1,"enemies":"Blue Slaver","floor":14,"turns":2},{"damage":0,"enemies":"The Guardian","floor":16,"turns":1}],"seed_played":"5814232922129795810","potions_obtained":[{"floor":2.0,"key":"Dexterity Potion"},{"floor":3.0,"key":"ColorlessPotion"},{"floor":10,"key":"DistilledChaos"},{"floor":11,"key":"LiquidMemories"},{"floor":13,"key":"Fire Potion"}],"is_trial":false,"path_per_floor":["M","M","M","M","$","R","M","R","T","M","M","M","M","M","R","B"],"character_chosen":"THE_SILENT","items_purchased":["Blur"],"campfire_rested":0,"item_purchase_floors":[5],"current_hp_per_floor":[55,54,54,54,54,54,53,53,53,53,51,51,41,40,40,40,40],"gold":193,"neow_bonus":"THREE_CARDS","is_daily":false,"chose_seed":false,"campfire_upgraded":3,"win_rate":0.0,"timestamp":1613480837,"path_taken":["M","M","M","M","?","R","M","R","T","?","?","M","M","M","R","BOSS"],"items_purchased_type":["Card"],"build_version":"2020-12-22","purchased_purges":0,"victory":false,"max_hp_per_floor":[66,66,66,66,66,66,66,66,66,66,66,66,66,66,66,66,66],"card_choices":[{"not_picked":["Deflect","Blade Dance"],"picked":"Dagger Throw","floor":0.0},{"not_picked":["Cloak And Dagger","Crippling Poison"],"picked":"Quick Slash","floor":1.0},{"not_picked":["Blade Dance","Acrobatics"],"picked":"Skewer","floor":2.0},{"not_picked":["Flying Knee","Riddle With Holes"],"picked":"Dagger Spray","floor":3.0},{"not_picked":["Heel Hook","Blade Dance"],"picked":"Deflect","floor":4},{"not_picked":["Cloak And Dagger","Crippling Poison","Poisoned Stab"],"picked":"SKIP","floor":7},{"not_picked":["Quick Slash","Accuracy","Tactician"],"picked":"SKIP","floor":10},{"not_picked":["Crippling Poison","Blade Dance"],"picked":"Noxious Fumes","floor":11},{"not_picked":["PiercingWail","Sucker Punch"],"picked":"Venomology","floor":12},{"not_picked":["Riddle With Holes","Reflex"],"picked":"Blur","floor":13},{"not_picked":["PiercingWail","Underhanded Strike","Blade Dance"],"picked":"SKIP","floor":14}],"player_experience":597867,"relics_obtained":[{"floor":9,"key":"War Paint"}],"event_choices":[],"is_beta":false,"boss_relics":[],"items_purged_floors":[],"is_endless":false,"potions_floor_spawned":[2,3,10,11,13],"killed_by":"The Guardian","ascension_level":15}}