{"host":"qy1e0kd24tpj3i2m","time":1613502786,"event":{"mods":["Act Like it!","BaseMod","Better Skull","Better Vampires","Colored Map","Colored Powertips","Curses Come First","Custom Start","Displayed Cursed Tome","Extra Virgin Snecko Oil","Faster Ascension Climbing","Friendly Minions","GifTheSpireLib","Gremlin Skip","Highlight Path","Minty Spire (QoL Compilation)","Permanent Neow","Poor People Problems","Quick Restart","Red Circlet Mod","Relic Filter Mod","Relic Sorter","Reorder Act Four","SacredBarkPlus","Shop Mod","StSLib","SuperFastMode","Transform Curses","没有小屋子和绿帽子啦"],"gold_per_floor":[360,360,285,285,304,304,30,44,68,68,24,40,40,40,40,40,40],"floor_reached":16,"language":"ZHS","playtime":394,"items_purged":[],"score":176,"play_id":"33dbb8a3-cf3e-4f61-8fcb-f15a21899508","local_time":"20210217041306","is_ascension_mode":true,"campfire_choices":[{"data":"Inflame","floor":6.0,"key":"SMITH"},{"data":"Second Wind","floor":13.0,"key":"SMITH"},{"data":"Flame Barrier","floor":15,"key":"SMITH"}],"circlet_count":0,"master_deck":["AscendersBane","Strike_R","Strike_R","Strike_R","Strike_R","Strike_R","Defend_R","Defend_R","Defend_R","Defend_R","Inflame+1","Flame Barrier+1","Thunderclap","Feel No Pain","Second Wind+1"],"relics":["Burning Blood","Golden Idol","Matryoshka","Pen Nib","Nunchaku","Paper Frog"],"acts_visited":["Exordium"],"potions_floor_usage":[16],"damage_taken":[{"damage":11.0,"enemies":"Jaw Worm","floor":1.0,"turns":5.0},{"damage":9.0,"enemies":"Small Slimes","floor":5.0,"turns":4.0},{"damage":2.0,"enemies":"Cultist","floor":8.0,"turns":5.0},{"damage":39.0,"enemies":"Exordium Wildlife","floor":12.0,"turns":9.0},{"damage":13,"enemies":"Hexaghost","floor":16,"turns":9}],"seed_played":"892084539746715878","potions_obtained":[{"floor":5.0,"key":"Swift Potion"}],"is_trial":false,"path_per_floor":["M","?","?","?","M","R","$","M","T","T","$","M","R","?","R","B"],"character_chosen":"IRONCLAD","items_purchased":["Matryoshka","Feel No Pain"],"campfire_rested":0,"item_purchase_floors":[7,11],"current_hp_per_floor":[45,45,45,45,42,42,42,46,46,46,46,13,13,13,13,0,0],"gold":40,"neow_bonus":"TWO_FIFTY_GOLD","is_daily":false,"chose_seed":false,"campfire_upgraded":3,"win_rate":0.0,"timestamp":1613502786,"path_taken":["M","?","?","?","M","R","$","?","T","?","?","M","R","?","R","BOSS"],"items_purchased_type":["Relic","Card"],"build_version":"2020-12-22","purchased_purges":0,"victory":false,"max_hp_per_floor":[75,68,68,68,68,68,68,68,68,68,68,68,68,68,68,68,68],"card_choices":[{"not_picked":["Shrug It Off","Thunderclap"],"picked":"Inflame","floor":1.0},{"not_picked":["True Grit","Sever Soul"],"picked":"Flame Barrier","floor":5.0},{"not_picked":["Rampage","Shockwave"],"picked":"Thunderclap","floor":8.0},{"not_picked":["Havoc","Wild Strike"],"picked":"Second Wind","floor":12.0}],"player_experience":889963,"relics_obtained":[{"floor":9.0,"key":"Pen Nib"},{"floor":10.0,"key":"Nunchaku"},{"floor":10.0,"key":"Paper Frog"}],"event_choices":[{"damage_healed":0.0,"max_hp_gain":0.0,"max_hp_loss":7.0,"gold_gain":0.0,"event_name":"Golden Idol","player_choice":"Lose Max HP","floor":2.0,"gold_loss":0.0,"damage_taken":0.0,"relics_obtained":["Golden Idol"]},{"cards_removed":["Bash"],"damage_healed":0.0,"max_hp_gain":0.0,"max_hp_loss":0.0,"gold_gain":0.0,"event_name":"The Cleric","player_choice":"Card Removal","floor":3.0,"gold_loss":75.0,"damage_taken":0.0},{"damage_healed":0.0,"max_hp_gain":0.0,"max_hp_loss":0.0,"gold_gain":0.0,"event_name":"Shining Light","player_choice":"Ignored","floor":14.0,"gold_loss":0.0,"damage_taken":0.0}],"is_beta":false,"boss_relics":[],"items_purged_floors":[],"is_endless":false,"potions_floor_spawned":[5],"killed_by":"Hexaghost","ascension_level":20}}