{"host":"pj05r22d3fegil3v","time":1613460210,"event":{"mods":["BaseMod","Better Altar","Better Match","Better Note","Better Sensory Stone","Better Skull","Better Third Choice","BetterRewards","Card Filter","Colored Powertips","Curses Come First","Custom Start","DeckTracker","Displayed Cursed Tome","Evolution","Minty Spire (QoL Compilation)","Quick Restart","Rare Cards Sparkle","Relic Filter Mod","Smile Girya","StSLib","Weighted Paths","everything is the same but u backflip on backflip","slay the spire mod where everything is the same but ironclad has a cowboy hat"],"gold_per_floor":[117,117,117,133,143,143,170,194,248,248,283,57,57,57,57,153,153,153,153,153,153,153,153,153,153,153,8,8,8,8,8,8,8,8,8,8,8,8,8,8,8,8,8,8,8,8,8,8,8,8],"floor_reached":51,"language":"ENG","playtime":2131,"items_purged":["Defend_B","Defend_B"],"score":1065,"play_id":"cbc142fa-80c6-4129-b8c8-83558fb1342d","local_time":"20210216022330","is_ascension_mode":true,"campfire_choices":[{"data":"Chill","floor":6.0,"key":"SMITH"},{"data":"Defragment","floor":10.0,"key":"SMITH"},{"data":"Rainbow","floor":13.0,"key":"SMITH"},{"data":"Chaos","floor":15.0,"key":"SMITH"},{"data":"Turbo","floor":23.0,"key":"SMITH"},{"data":"Blizzard","floor":25.0,"key":"SMITH"},{"data":"Coolheaded","floor":32,"key":"SMITH"},{"floor":40,"key":"REST"},{"floor":41,"key":"REST"},{"data":"Thunder Strike","floor":46,"key":"SMITH"},{"data":"Dualcast","floor":47,"key":"SMITH"},{"data":"Zap","floor":49,"key":"SMITH"}],"circlet_count":0,"master_deck":["Sweeping Beam","Sweeping Beam","Sweeping Beam","Sweeping Beam","Defend_B","Defend_B","Zap+1","Dualcast+1","Turbo+1","Chaos+1","Chill+1","Blizzard+1","Defragment+1","Capacitor+1","Creative AI+1","Rainbow+1","Buffer+1","Consume+1","Apotheosis+1","Coolheaded+1","Echo Form+1","Thunder Strike+1"],"relics":["Cracked Core","EVO:Axolotl","PreservedInsect","Happy Flower","Ancient Tea Set","Potion Belt","Frozen Egg 2","Ectoplasm","Blood Vial","Art of War","Singing Bowl","HornCleat","Busted Crown","WingedGreaves","Bottled Tornado","Pear"],"acts_visited":["Exordium","TheCity","TheBeyond"],"potions_floor_usage":[33,33,37,50,50,50],"damage_taken":[{"damage":0.0,"enemies":"Small Slimes","floor":1.0,"turns":1.0},{"damage":3.0,"enemies":"2 Louse","floor":4.0,"turns":2.0},{"damage":1.0,"enemies":"Cultist","floor":5.0,"turns":3.0},{"damage":0.0,"enemies":"Gremlin Nob","floor":7.0,"turns":3.0},{"damage":0.0,"enemies":"3 Sentries","floor":11.0,"turns":3.0},{"damage":4.0,"enemies":"The Guardian","floor":16.0,"turns":8.0},{"damage":10.0,"enemies":"Spheric Guardian","floor":18.0,"turns":4.0},{"damage":3.0,"enemies":"Shell Parasite","floor":19.0,"turns":6.0},{"damage":0.0,"enemies":"Snecko","floor":22.0,"turns":5.0},{"damage":12.0,"enemies":"Gremlin Leader","floor":24.0,"turns":5.0},{"damage":4.0,"enemies":"Sentry and Sphere","floor":29.0,"turns":4.0},{"damage":6.0,"enemies":"Book of Stabbing","floor":30.0,"turns":4.0},{"damage":4,"enemies":"3 Cultists","floor":31,"turns":4},{"damage":18,"enemies":"Collector","floor":33,"turns":7},{"damage":6,"enemies":"Orb Walker","floor":35,"turns":5},{"damage":71,"enemies":"2 Orb Walkers","floor":37,"turns":5},{"damage":11,"enemies":"3 Darklings","floor":38,"turns":4},{"damage":4,"enemies":"4 Shapes","floor":42,"turns":4},{"damage":6,"enemies":"Nemesis","floor":44,"turns":5},{"damage":0,"enemies":"Transient","floor":48,"turns":5},{"damage":19,"enemies":"Time Eater","floor":50,"turns":7}],"seed_played":"8071074114105649119","potions_obtained":[{"floor":1.0,"key":"Fire Potion"},{"floor":5.0,"key":"Block Potion"},{"floor":19.0,"key":"SneckoOil"},{"floor":24.0,"key":"SteroidPotion"},{"floor":28.0,"key":"PotionOfCapacity"},{"floor":28.0,"key":"Regen Potion"},{"floor":28.0,"key":"Weak Potion"},{"floor":33,"key":"EssenceOfDarkness"},{"floor":35,"key":"FearPotion"},{"floor":37,"key":"CultistPotion"},{"floor":48,"key":"DistilledChaos"}],"is_trial":false,"path_per_floor":["M","?","?","M","M","R","E","T","T","R","E","$","R","?","R","B",null,"M","M","?","?","M","R","E","R","T","$","?","M","E","M","R","B",null,"M","?","?","M","$","R","R","M","T","E","?","R","R","M","R","B",null],"character_chosen":"DEFECT","items_purchased":["Creative AI+1","Rainbow","Coolheaded"],"campfire_rested":2,"item_purchase_floors":[12,12,27],"current_hp_per_floor":[75,63,63,60,59,59,59,59,59,59,59,59,59,64,64,60,80,70,67,67,46,48,48,38,38,38,38,38,36,34,34,34,32,84,80,80,13,6,6,31,56,56,56,64,70,70,70,74,74,57],"gold":8,"neow_bonus":"","is_daily":false,"chose_seed":false,"campfire_upgraded":10,"win_rate":0.0,"timestamp":1613460210,"path_taken":["M","?","?","M","?","R","E","?","T","R","E","$","R","?","R","BOSS","M","M","?","?","M","R","E","R","T","$","?","?","E","M","R","BOSS","M","?","?","M","?","R","R","M","T","E","?","R","R","M","R","BOSS"],"items_purchased_type":["Card","Card","Card"],"build_version":"2020-12-22","purchased_purges":2,"victory":true,"max_hp_per_floor":[75,75,75,75,75,75,75,75,75,75,75,75,75,80,80,80,80,80,80,80,80,80,80,80,80,80,80,80,80,82,84,84,84,84,86,82,84,86,86,86,86,88,88,100,100,100,100,102,102,102],"card_choices":[{"not_picked":["Hologram","Compile Driver"],"picked":"Chaos","floor":1.0},{"not_picked":["Redo","Barrage"],"picked":"Chill","floor":4.0},{"not_picked":["Sweeping Beam","Go for the Eyes"],"picked":"Blizzard","floor":5.0},{"not_picked":["Heatsinks","Conserve Battery"],"picked":"Defragment","floor":7.0},{"not_picked":["Leap","Storm+1"],"picked":"Capacitor+1","floor":11.0},{"not_picked":["All For One","Echo Form+1"],"picked":"Buffer+1","floor":16.0},{"not_picked":["Darkness+1","Cold Snap+1"],"picked":"Consume+1","floor":18.0},{"not_picked":["Gash","Darkness+1","Stack"],"picked":"SKIP","floor":19.0},{"not_picked":["Leap","Steam","Compile Driver+1"],"picked":"SKIP","floor":22.0},{"not_picked":["Conserve Battery","Rip and Tear","Recycle"],"picked":"SKIP","floor":24.0},{"not_picked":["Chill+1","Sweeping Beam"],"picked":"Echo Form+1","floor":29.0},{"not_picked":["White Noise","Barrage+1","Ball Lightning"],"picked":"Singing Bowl","floor":30.0},{"not_picked":["Scrape","Skim","Glacier+1"],"picked":"Singing Bowl","floor":31},{"not_picked":["All For One","Meteor Strike"],"picked":"Thunder Strike","floor":33},{"not_picked":["Reinforced Body"],"picked":"Singing Bowl","floor":35},{"not_picked":["Steam Power"],"picked":"Singing Bowl","floor":37},{"not_picked":["Scrape"],"picked":"Singing Bowl","floor":38},{"not_picked":["Static Discharge+1"],"picked":"Singing Bowl","floor":42},{"not_picked":["Coolheaded"],"picked":"Singing Bowl","floor":44},{"not_picked":["Leap+1"],"picked":"Singing Bowl","floor":48}],"player_experience":121483,"relics_obtained":[{"floor":7.0,"key":"Happy Flower"},{"floor":8.0,"key":"Ancient Tea Set"},{"floor":9.0,"key":"Potion Belt"},{"floor":11.0,"key":"Frozen Egg 2"},{"floor":24.0,"key":"Art of War"},{"floor":26.0,"key":"Singing Bowl"},{"floor":30.0,"key":"HornCleat"},{"floor":37,"key":"WingedGreaves"},{"floor":43,"key":"Bottled Tornado"},{"floor":44,"key":"Pear"}],"event_choices":[{"damage_healed":0.0,"max_hp_gain":0.0,"max_hp_loss":0.0,"gold_gain":0.0,"event_name":"betterThird:BetterScrap","player_choice":"Relic ","floor":2.0,"gold_loss":0.0,"damage_taken":12.0,"cards_obtained":["Concentrate"]},{"damage_healed":0.0,"max_hp_gain":0.0,"max_hp_loss":0.0,"gold_gain":1.0,"event_name":"betterStone:BetterStone","player_choice":"1","floor":3.0,"gold_loss":0.0,"damage_taken":0.0},{"damage_healed":0.0,"max_hp_gain":5.0,"max_hp_loss":0.0,"gold_gain":0.0,"event_name":"Big Fish","player_choice":"Donut","floor":14.0,"gold_loss":0.0,"damage_taken":0.0},{"cards_removed":["Creative AI"],"damage_healed":0.0,"max_hp_gain":0.0,"max_hp_loss":0.0,"gold_gain":0.0,"event_name":"betterNote:BetterNote","player_choice":"Take \u0026 Give","floor":20.0,"gold_loss":0.0,"damage_taken":0.0,"cards_obtained":["Apotheosis"]},{"damage_healed":0.0,"max_hp_gain":67.0,"max_hp_loss":46.0,"gold_gain":0.0,"event_name":"betterAltar:BetterAltar","player_choice":" Vial ","floor":21.0,"potions_obtained":[],"relics_lost":[],"gold_loss":0.0,"damage_taken":21.0,"relics_obtained":["Blood Vial"]},{"damage_healed":0.0,"max_hp_gain":0.0,"max_hp_loss":0.0,"gold_gain":0.0,"event_name":"Lab","player_choice":"Got Potions","floor":28.0,"gold_loss":0.0,"damage_taken":0.0},{"damage_healed":0,"gold_gain":0,"player_choice":"Max HP","damage_taken":0,"max_hp_gain":0,"max_hp_loss":4,"event_name":"Winding Halls","floor":36,"gold_loss":0},{"damage_healed":0,"gold_gain":0,"player_choice":"Fight","damage_taken":0,"max_hp_gain":0,"max_hp_loss":0,"event_name":"Mysterious Sphere","floor":37,"gold_loss":0},{"damage_healed":6,"gold_gain":0,"player_choice":"LEAVE ","damage_taken":0,"relics_obtained":[],"max_hp_gain":0,"max_hp_loss":0,"event_name":"betterSkull:BetterSkull","floor":45,"gold_loss":0,"cards_upgraded":[]}],"is_beta":false,"boss_relics":[{"not_picked":["Black Star","FrozenCore"],"picked":"Ectoplasm"},{"not_picked":["Tiny House","Velvet Choker"],"picked":"Busted Crown"}],"items_purged_floors":[0,27],"is_endless":false,"potions_floor_spawned":[1,5,19,24,33,35,37,48],"ascension_level":1}}