{"host":"91blwi3hgehj6ch9","time":1613485603,"event":{"mods":["2.2 Compatiblity","AchievementEnabler","BaseMod","Colored Map","DeckTracker","Keyboard Shortcuts","Minty Spire (QoL Compilation)","Permanent Neow","StSLib","SuperFastMode","everything is the same but u backflip on backflip"],"gold_per_floor":[154,185,35,69,69,138,177,177,231,231,79,111,111,160,160,160,160],"floor_reached":16,"language":"KOR","playtime":457,"items_purged":["Strike_G","Strike_G"],"score":220,"play_id":"f9721018-4851-41b6-82fd-02817474c2db","local_time":"20210216232643","is_ascension_mode":true,"campfire_choices":[{"floor":10,"key":"REST"},{"data":"Blade Dance","floor":15,"key":"SMITH"}],"circlet_count":0,"master_deck":["AscendersBane","Strike_G","Strike_G","Defend_G","Defend_G","Defend_G","Defend_G","Survivor","Neutralize","HandOfGreed","Blade Dance+1","Accuracy","Reflex","Adrenaline","Acrobatics","Footwork"],"relics":["Ring of the Snake","HornCleat","Vajra","Pen Nib"],"acts_visited":["Exordium"],"potions_floor_usage":[14],"damage_taken":[{"damage":4,"enemies":"Small Slimes","floor":1,"turns":4},{"damage":1,"enemies":"Cultist","floor":2,"turns":3},{"damage":3,"enemies":"Jaw Worm","floor":4,"turns":3},{"damage":30,"enemies":"3 Sentries","floor":6,"turns":11},{"damage":5,"enemies":"Red Slaver","floor":7,"turns":2},{"damage":0,"enemies":"2 Fungi Beasts","floor":12,"turns":2},{"damage":26,"enemies":"Gremlin Nob","floor":14,"turns":4},{"damage":35,"enemies":"Hexaghost","floor":16,"turns":11}],"seed_played":"-7305533292775074812","potions_obtained":[{"floor":4,"key":"Fire Potion"},{"floor":6,"key":"Fire Potion"}],"is_trial":false,"path_per_floor":["M","M","$","M","?","E","M","?","T","R","$","M","?","E","R","B"],"character_chosen":"THE_SILENT","items_purchased":["Well Laid Plans","Acrobatics"],"campfire_rested":1,"item_purchase_floors":[3,11],"current_hp_per_floor":[55,54,54,51,51,21,16,9,9,27,27,27,60,34,34,0,0],"gold":160,"neow_bonus":"RANDOM_COLORLESS_2","is_daily":false,"chose_seed":false,"campfire_upgraded":1,"win_rate":0.0,"timestamp":1613485603,"path_taken":["M","M","$","M","?","E","M","?","T","R","$","M","?","E","R","BOSS"],"items_purchased_type":["Card","Card"],"build_version":"2020-12-22","purchased_purges":2,"victory":false,"max_hp_per_floor":[60,60,60,60,60,60,60,60,60,60,60,60,60,60,60,60,60],"card_choices":[{"not_picked":["Violence","Magnetism"],"picked":"HandOfGreed","floor":0},{"not_picked":["All Out Attack","Bane"],"picked":"Blade Dance","floor":1},{"not_picked":["Dagger Throw","Dodge and Roll"],"picked":"Accuracy","floor":2},{"not_picked":["Bane","Flying Knee","Well Laid Plans"],"picked":"SKIP","floor":4},{"not_picked":["Backflip","Quick Slash"],"picked":"Reflex","floor":6},{"not_picked":["Deflect","Well Laid Plans"],"picked":"Adrenaline","floor":7},{"not_picked":["Leg Sweep","Bouncing Flask"],"picked":"Footwork","floor":12},{"not_picked":["Backflip","Bane","Endless Agony"],"picked":"SKIP","floor":14}],"player_experience":273807,"relics_obtained":[{"floor":6,"key":"HornCleat"},{"floor":9,"key":"Vajra"},{"floor":14,"key":"Pen Nib"}],"event_choices":[{"cards_removed":["Defend_G"],"damage_healed":0,"gold_gain":0,"player_choice":"Forget","damage_taken":0,"max_hp_gain":0,"max_hp_loss":0,"event_name":"Living Wall","floor":5,"gold_loss":0},{"cards_removed":["Strike_G"],"damage_healed":0,"gold_gain":0,"player_choice":"Card Removal","damage_taken":7,"max_hp_gain":0,"max_hp_loss":0,"event_name":"Golden Wing","floor":8,"gold_loss":0},{"cards_removed":["Well Laid Plans"],"damage_healed":33,"gold_gain":0,"player_choice":"Offered Uncommon","damage_taken":0,"max_hp_gain":0,"max_hp_loss":0,"event_name":"Bonfire Elementals","floor":13,"gold_loss":0}],"is_beta":false,"boss_relics":[],"items_purged_floors":[3,11],"is_endless":false,"potions_floor_spawned":[4,6,7],"killed_by":"Hexaghost","ascension_level":20}}