{"host":"e8062yfkmywf26f0","time":1613501662,"event":{"mods":["AchievementEnabler","BaseMod","Colored Map","Minty Spire (QoL Compilation)","Quick Restart","Reliquary","Shop Mod","StSLib"],"gold_per_floor":[115,13,31,31,106,136,136,155,234,234,252,252,252],"floor_reached":12,"language":"ENG","playtime":963,"items_purged":[],"score":78,"play_id":"c1ecfdf2-4fa3-42c7-85e0-74f7b6c7b8a8","local_time":"20210216185422","is_ascension_mode":false,"campfire_choices":[{"data":"Neutralize","floor":7,"key":"SMITH"}],"circlet_count":0,"master_deck":["Strike_G","Strike_G","Strike_G","Strike_G+1","Strike_G","Defend_G","Defend_G","Defend_G","Defend_G","Defend_G","Survivor","Neutralize+1","Poisoned Stab","Backstab+1","Poisoned Stab","Well Laid Plans","Terror"],"relics":["Ring of the Snake","Bag of Marbles","Whetstone","Toxic Egg 2"],"acts_visited":["Exordium"],"potions_floor_usage":[],"damage_taken":[{"damage":5,"enemies":"Cultist","floor":1,"turns":5},{"damage":2,"enemies":"Small Slimes","floor":3,"turns":3},{"damage":25,"enemies":"3 Sentries","floor":6,"turns":12},{"damage":0,"enemies":"2 Louse","floor":8,"turns":2},{"damage":13,"enemies":"2 Fungi Beasts","floor":11,"turns":3},{"damage":16,"enemies":"Gremlin Nob","floor":12,"turns":2}],"seed_played":"-8794834933682090251","potions_obtained":[{"floor":3,"key":"DistilledChaos"},{"floor":8,"key":"Swift Potion"},{"floor":11,"key":"CunningPotion"}],"is_trial":false,"path_per_floor":["M","$","M","?","?","E","R","M","T","?","M","E"],"character_chosen":"THE_SILENT","items_purchased":["Backstab","Poisoned Stab"],"campfire_rested":0,"item_purchase_floors":[2,2],"current_hp_per_floor":[72,72,70,63,52,27,27,27,27,27,14,0,0],"gold":252,"neow_bonus":"TEN_PERCENT_HP_BONUS","is_daily":false,"chose_seed":false,"campfire_upgraded":1,"win_rate":0.0,"timestamp":1613501662,"path_taken":["M","?","M","?","?","E","R","M","T","?","M","E"],"items_purchased_type":["Card","Card"],"build_version":"2020-12-22","purchased_purges":0,"victory":false,"max_hp_per_floor":[77,77,77,77,77,77,77,77,77,77,77,77,77],"card_choices":[{"not_picked":["Bane","Slice"],"picked":"Poisoned Stab","floor":1},{"not_picked":["Dagger Throw","Blade Dance"],"picked":"Well Laid Plans","floor":3},{"not_picked":["Outmaneuver","Acrobatics","Poisoned Stab"],"picked":"SKIP","floor":6},{"not_picked":["Backflip","Heel Hook"],"picked":"Terror","floor":8},{"not_picked":["Backflip+1","Flying Knee","PiercingWail+1"],"picked":"SKIP","floor":11}],"player_experience":113980,"relics_obtained":[{"floor":6,"key":"Whetstone"},{"floor":9,"key":"Toxic Egg 2"}],"event_choices":[{"damage_healed":0,"gold_gain":0,"player_choice":"Success","damage_taken":7,"relics_obtained":["Bag of Marbles"],"max_hp_gain":0,"max_hp_loss":0,"event_name":"Scrap Ooze","floor":4,"gold_loss":0},{"damage_healed":0,"gold_gain":75,"player_choice":"Gather Gold","damage_taken":11,"max_hp_gain":0,"max_hp_loss":0,"event_name":"World of Goop","floor":5,"gold_loss":0},{"damage_healed":0,"gold_gain":0,"player_choice":"Bought 0 Potions","damage_taken":0,"max_hp_gain":0,"max_hp_loss":0,"event_name":"The Woman in Blue","floor":10,"gold_loss":0}],"is_beta":false,"boss_relics":[],"items_purged_floors":[],"is_endless":false,"potions_floor_spawned":[3,8,11],"killed_by":"Gremlin Nob","ascension_level":0}}