{"host":"bvc3bp2iol2n355r","time":1613458686,"event":{"mods":["AchievementEnabler","BaseMod","Dark Map","Downfall","Minty Spire (QoL Compilation)","Relic Stats","StSLib"],"gold_per_floor":[110,123,138,153,166,166,241,271,271,298,298,333,333,350,350,447,447,464,476,493,507,198,230,250,250,250,269,284,297,297,316,316,421,421,431,447,447,461,480,515,515,550,550,562,562,52,72,92,92,92,92],"floor_reached":50,"language":"ENG","playtime":2761,"items_purged":["Strike_P","Parasite"],"score":1086,"play_id":"567d6eee-95a8-46fc-9bd1-49f4e882f860","local_time":"20210216015806","is_ascension_mode":true,"campfire_choices":[{"data":"Eruption","floor":6.0,"key":"SMITH"},{"floor":11.0,"key":"REST"},{"data":"Ragnarok","floor":15.0,"key":"SMITH"},{"data":"MentalFortress","floor":32.0,"key":"SMITH"},{"data":"Vault","floor":41,"key":"SMITH"},{"floor":45,"key":"RECALL"},{"data":"Tantrum","floor":49,"key":"SMITH"}],"circlet_count":0,"master_deck":["AscendersBane","Strike_P+1","Strike_P+1","Defend_P+1","Defend_P+1","Defend_P+1","Defend_P+1","Eruption+1","Vigilance","Consecrate","FollowUp","CutThroughFate","SandsOfTime","Evaluate","Ragnarok+1","WheelKick","Tantrum+1","FlurryOfBlows","SpiritShield+1","Evaluate+1","FearNoEvil","JustLucky","Finesse","EmptyBody+1","MentalFortress+1","FlurryOfBlows","TalkToTheHand","ClearTheMind+1","Vault+1","TalkToTheHand","TalkToTheHand+1","WheelKick+1","WaveOfTheHand+1"],"relics":["PureWater","Kunai","Ornamental Fan","Shuriken","TeardropLocket","Coffee Dripper","Lantern","Bag of Preparation","VioletLotus","Centennial Puzzle","Omamori","Molten Egg 2","Mercury Hourglass","Damaru"],"acts_visited":["Exordium","TheCity","TheBeyond"],"potions_floor_usage":[38,50,50],"damage_taken":[{"damage":0.0,"enemies":"Small Slimes","floor":1.0,"turns":2.0},{"damage":0.0,"enemies":"Cultist","floor":2.0,"turns":2.0},{"damage":2.0,"enemies":"Jaw Worm","floor":3.0,"turns":3.0},{"damage":10.0,"enemies":"Red Slaver","floor":4.0,"turns":6.0},{"damage":8.0,"enemies":"Blue Slaver","floor":5.0,"turns":4.0},{"damage":21.0,"enemies":"Gremlin Nob","floor":8.0,"turns":4.0},{"damage":2.0,"enemies":"3 Sentries","floor":10.0,"turns":4.0},{"damage":0.0,"enemies":"Lagavulin","floor":12.0,"turns":4.0},{"damage":0.0,"enemies":"Exordium Thugs","floor":14.0,"turns":2.0},{"damage":0.0,"enemies":"Slime Boss","floor":16.0,"turns":3.0},{"damage":22.0,"enemies":"2 Thieves","floor":18.0,"turns":3.0},{"damage":0.0,"enemies":"Spheric Guardian","floor":19.0,"turns":3.0},{"damage":0.0,"enemies":"Chosen and Byrds","floor":20.0,"turns":3.0},{"damage":12.0,"enemies":"Shelled Parasite and Fungi","floor":21.0,"turns":3.0},{"damage":35.0,"enemies":"Slavers","floor":23.0,"turns":5.0},{"damage":0.0,"enemies":"Sentry and Sphere","floor":24.0,"turns":2.0},{"damage":0.0,"enemies":"Cultist and Chosen","floor":27.0,"turns":2.0},{"damage":0.0,"enemies":"Centurion and Healer","floor":28.0,"turns":3.0},{"damage":0.0,"enemies":"Shelled Parasite and Fungi","floor":29.0,"turns":2.0},{"damage":0.0,"enemies":"3 Cultists","floor":31.0,"turns":3.0},{"damage":0.0,"enemies":"Collector","floor":33.0,"turns":5.0},{"damage":0.0,"enemies":"3 Shapes","floor":35.0,"turns":2.0},{"damage":0,"enemies":"3 Darklings","floor":36,"turns":4},{"damage":8,"enemies":"Maw","floor":38,"turns":4},{"damage":0,"enemies":"Writhing Mass","floor":39,"turns":7},{"damage":33,"enemies":"Nemesis","floor":40,"turns":5},{"damage":24,"enemies":"Reptomancer","floor":42,"turns":4},{"damage":0,"enemies":"Sphere and 2 Shapes","floor":44,"turns":3},{"damage":0,"enemies":"Spire Growth","floor":47,"turns":4},{"damage":11,"enemies":"Transient","floor":48,"turns":6},{"damage":38,"enemies":"Donu and Deca","floor":50,"turns":5}],"seed_played":"8355501722443154165","potions_obtained":[{"floor":2.0,"key":"SteroidPotion"},{"floor":5.0,"key":"Fire Potion"},{"floor":12.0,"key":"LiquidBronze"},{"floor":20.0,"key":"LiquidBronze"},{"floor":21.0,"key":"Regen Potion"},{"floor":24.0,"key":"Strength Potion"},{"floor":27.0,"key":"Dexterity Potion"},{"floor":29.0,"key":"Swift Potion"},{"floor":36,"key":"Weak Potion"},{"floor":40,"key":"Dexterity Potion"}],"is_trial":false,"path_per_floor":["M","M","M","M","M","R","?","E","T","E","R","E","?","M","R","B",null,"M","M","M","M","$","E","M","?","T","M","M","M","?","M","R","B",null,"M","M","?","M","M","E","R","E","T","M","R","$","M","M","R","B"],"character_chosen":"WATCHER","items_purchased":["Lantern","Finesse","Mercury Hourglass","Damaru"],"campfire_rested":1,"item_purchase_floors":[22,22,46,46],"current_hp_per_floor":[72,72,70,60,52,52,41,20,20,18,41,41,41,41,41,41,70,48,48,48,36,36,15,15,15,15,15,15,15,15,15,15,15,63,63,63,79,71,71,38,38,14,14,14,14,14,14,3,3,0,0],"gold":92,"neow_bonus":"TEN_PERCENT_HP_BONUS","is_daily":false,"chose_seed":false,"campfire_upgraded":5,"win_rate":0.0,"timestamp":1613458686,"path_taken":["M","M","M","M","M","R","?","E","T","E","R","E","?","?","R","BOSS","M","M","M","M","$","E","M","?","T","M","M","?","?","M","R","BOSS","M","M","?","M","M","E","R","E","T","M","R","$","?","M","R","BOSS"],"items_purchased_type":["Relic","Card","Relic","Relic"],"build_version":"2020-12-22","purchased_purges":2,"victory":false,"max_hp_per_floor":[79,79,79,79,79,79,79,79,79,79,79,79,79,79,79,79,79,79,79,79,79,79,79,79,79,79,79,79,79,79,79,79,79,79,79,79,79,79,79,79,79,79,79,79,79,76,76,76,76,76,76],"relic_stats":{"Centennial Puzzle":[9],"counters":[31,112],"Ornamental Fan":[332],"Shuriken":[81],"VioletLotus":[20],"Bag of Preparation":[32],"Kunai":[83],"obtain_stats":[{"Lantern":22,"Damaru":46,"Bag of Preparation":23,"Omamori":42,"TeardropLocket":12,"Mercury Hourglass":46,"Centennial Puzzle":40,"Ornamental Fan":9,"Shuriken":10,"Molten Egg 2":43,"VioletLotus":34,"Coffee Dripper":17,"Kunai":8,"PureWater":0},{"Lantern":14,"Damaru":28,"Bag of Preparation":15,"Omamori":27,"TeardropLocket":8,"Mercury Hourglass":28,"Centennial Puzzle":26,"Ornamental Fan":6,"Shuriken":7,"Molten Egg 2":27,"VioletLotus":21,"Coffee Dripper":10,"Kunai":6,"PureWater":0},{"Lantern":46,"Damaru":97,"Bag of Preparation":51,"Omamori":94,"TeardropLocket":29,"Mercury Hourglass":97,"Centennial Puzzle":90,"Ornamental Fan":21,"Shuriken":25,"Molten Egg 2":94,"VioletLotus":68,"Coffee Dripper":34,"Kunai":21,"PureWater":0}],"Mercury Hourglass":[51]},"card_choices":[{"not_picked":["ThirdEye","BowlingBash"],"picked":"Consecrate","floor":1.0},{"not_picked":["CarveReality","Protect"],"picked":"FollowUp","floor":2.0},{"not_picked":["BowlingBash","PathToVictory"],"picked":"CutThroughFate","floor":3.0},{"not_picked":["DeceiveReality","CutThroughFate"],"picked":"SandsOfTime","floor":4.0},{"not_picked":["Protect","PathToVictory"],"picked":"Evaluate","floor":5.0},{"not_picked":["ForeignInfluence","CrushJoints"],"picked":"Ragnarok","floor":8.0},{"not_picked":["SashWhip","BattleHymn"],"picked":"WheelKick","floor":10.0},{"not_picked":["Crescendo","SashWhip"],"picked":"Tantrum","floor":12.0},{"not_picked":["FlyingSleeves","EmptyBody"],"picked":"FlurryOfBlows","floor":14.0},{"not_picked":["DeusExMachina","DevaForm"],"picked":"SpiritShield","floor":16.0},{"not_picked":["ThirdEye","CrushJoints"],"picked":"Evaluate+1","floor":18.0},{"not_picked":["FlyingSleeves","PathToVictory"],"picked":"FearNoEvil","floor":19.0},{"not_picked":["Evaluate","FollowUp"],"picked":"JustLucky","floor":20.0},{"not_picked":["JustLucky","SashWhip","Evaluate"],"picked":"SKIP","floor":21.0},{"not_picked":["SignatureMove","Prostrate","Wish"],"picked":"SKIP","floor":23.0},{"not_picked":["Tantrum","LikeWater"],"picked":"EmptyBody+1","floor":24.0},{"not_picked":["FollowUp","ReachHeaven"],"picked":"MentalFortress","floor":27.0},{"not_picked":["BowlingBash","Halt"],"picked":"FlurryOfBlows","floor":28.0},{"not_picked":["ClearTheMind","EmptyBody"],"picked":"TalkToTheHand","floor":29.0},{"not_picked":["Crescendo","EmptyBody"],"picked":"ClearTheMind+1","floor":31.0},{"not_picked":["Blasphemy","Omniscience"],"picked":"Vault","floor":33.0},{"not_picked":["Pray","ForeignInfluence+1"],"picked":"TalkToTheHand","floor":35.0},{"not_picked":["FollowUp","DeceiveReality"],"picked":"TalkToTheHand+1","floor":36},{"not_picked":["CrushJoints","ClearTheMind"],"picked":"WheelKick+1","floor":38},{"not_picked":["SashWhip","Prostrate","Sanctity"],"picked":"SKIP","floor":39},{"not_picked":["Nirvana","BowlingBash+1"],"picked":"WaveOfTheHand+1","floor":40},{"not_picked":["Protect+1","CarveReality","SashWhip"],"picked":"SKIP","floor":42},{"not_picked":["Evaluate","BowlingBash+1","Prostrate"],"picked":"SKIP","floor":44},{"not_picked":["EmptyBody","Vengeance+1","BowlingBash+1"],"picked":"SKIP","floor":47},{"not_picked":["FearNoEvil+1","JustLucky+1","Indignation+1"],"picked":"SKIP","floor":48}],"player_experience":590080,"relics_obtained":[{"floor":8.0,"key":"Kunai"},{"floor":9.0,"key":"Ornamental Fan"},{"floor":10.0,"key":"Shuriken"},{"floor":12.0,"key":"TeardropLocket"},{"floor":23.0,"key":"Bag of Preparation"},{"floor":40,"key":"Centennial Puzzle"},{"floor":42,"key":"Omamori"},{"floor":43,"key":"Molten Egg 2"}],"event_choices":[{"damage_healed":0.0,"max_hp_gain":0.0,"max_hp_loss":0.0,"gold_gain":75.0,"event_name":"World of Goop","player_choice":"Gather Gold","floor":7.0,"gold_loss":0.0,"damage_taken":11.0},{"cards_removed":["Strike_P"],"damage_healed":0.0,"max_hp_gain":0.0,"max_hp_loss":0.0,"gold_gain":0.0,"event_name":"Purifier","player_choice":"Purged","floor":13.0,"gold_loss":0.0,"damage_taken":0.0},{"damage_healed":0.0,"max_hp_gain":0.0,"max_hp_loss":0.0,"gold_gain":0.0,"event_name":"Accursed Blacksmith","player_choice":"Forge","floor":25.0,"gold_loss":0.0,"damage_taken":0.0,"cards_upgraded":["SpiritShield"]},{"damage_healed":0.0,"max_hp_gain":0.0,"max_hp_loss":0.0,"gold_gain":0.0,"event_name":"Back to Basics","player_choice":"Simplicity","floor":30.0,"gold_loss":0.0,"damage_taken":0.0,"cards_upgraded":["Strike_P","Strike_P","Defend_P","Defend_P","Defend_P","Defend_P"]},{"damage_healed":16,"gold_gain":0,"player_choice":"Full Heal","damage_taken":0,"max_hp_gain":0,"max_hp_loss":0,"event_name":"Wheel of Change","floor":37,"gold_loss":0}],"is_beta":false,"boss_relics":[{"not_picked":["SacredBark","Black Star"],"picked":"Coffee Dripper"},{"not_picked":["Snecko Eye","Tiny House"],"picked":"VioletLotus"}],"items_purged_floors":[22,46],"is_endless":false,"potions_floor_spawned":[2,5,12,20,21,24,27,28,29,36,40,44,47],"killed_by":"Donu and Deca","ascension_level":12}}