{"host":"2d926qfvvz477zl6","time":1613516422,"event":{"mods":["Aspiration","BaseMod","Challenge The Spire","Conspire","Downfall","GifTheSpireLib","GungeonMod","Halation","Hermit","Hubris","Infinite Spire","Minty Spire (QoL Compilation)","Morshu Shopkeeper","Permanent Neow","Quick Restart","Rare Cards Sparkle","Reliquary","Replay The Spire","Shedinja","Somnambulant","Spicy Shops","StSLib","Stuff the Spire","Td1madao Mod","The Blue Laboratory","The Bug Knight","The Construct","The Cursed","The Disciple","The Forsaken","The Hierophant","The Senshi","TheFirefly","Wandering Minibosses","Wide Potions","everything is the same but u backflip on backflip","slay the spire mod where everything is the same but ironclad has a cowboy hat"],"gold_per_floor":[73,89,102,102,120,120,197,213,113,20,38,71,87,148,164,164,164,164],"floor_reached":16,"language":"ENG","playtime":729,"items_purged":[],"score":114,"play_id":"61783524-0bd5-4f9a-a916-4b867c63e0ea","local_time":"20210216180022","is_ascension_mode":true,"campfire_choices":[{"floor":9,"key":"RECALL"}],"circlet_count":0,"master_deck":["hexamod:Strike","hexamod:Strike","hexamod:Strike","hexamod:Defend","hexamod:Defend","hexamod:Defend","hexamod:Sear","hexamod:Float","ReplayTheSpireMod:Splinters","hexamod:SuperheatedStrike","hexamod:PowerFromBeyond","hexamod:NightmareStrike","hexamod:StepThrough","hexamod:ChargedBarrage","hexamod:SpectralSpark","hexamod:AdvancingGuard","hexamod:HeatShield","hexamod:FlamesFromBeyond","hexamod:BacktrackSmack","hexamod:ChargedBarrage"],"relics":["hexamod:SpiritBrand","conspire:TopHat","hubris:Towel","downfall:HeartBlessingBlue","Anchor","hubris:BottledRain","DemoMod:GlassGuonStoneRelic","Ice Cream"],"acts_visited":["Exordium"],"potions_floor_usage":[11,14,14,16],"damage_taken":[{"damage":17,"enemies":"2 Louse","floor":2,"turns":3},{"damage":2,"enemies":"Small Slimes","floor":3,"turns":3},{"damage":1,"enemies":"Jaw Worm","floor":5,"turns":3},{"damage":13,"enemies":"downfall:LooterAlt","floor":8,"turns":3},{"damage":4,"enemies":"downfall:FleeingMerchant","floor":10,"turns":4},{"damage":15,"enemies":"Exordium Wildlife","floor":11,"turns":4},{"damage":21,"enemies":"Lagavulin","floor":12,"turns":5},{"damage":2,"enemies":"Large Slime","floor":13,"turns":3},{"damage":0,"enemies":"Gremlin Nob","floor":14,"turns":4},{"damage":0,"enemies":"3 Louse","floor":15,"turns":3},{"damage":9,"enemies":"IC_STATUS_ARCHETYPE","floor":16,"turns":8}],"seed_played":"-3209903999649211282","potions_obtained":[{"floor":1,"key":"blueLaboratory:PhilterOfMotion"},{"floor":1,"key":"blueLaboratory:ArtificerPotion"},{"floor":1,"key":"Weak Potion"},{"floor":8,"key":"blueLaboratory:BottleOfRum"},{"floor":12,"key":"EssenceOfSteel"},{"floor":15,"key":"blueLaboratory:BottleOfVodka"}],"is_trial":false,"path_per_floor":["R","M","M","?","M","?","T","M","R","$","M","E","M","?","M","B"],"character_chosen":"THE_SPIRIT","items_purchased":["Anchor"],"campfire_rested":0,"item_purchase_floors":[10],"current_hp_per_floor":[70,53,51,51,50,50,50,37,47,43,28,7,5,5,5,0,0,0],"gold":164,"neow_bonus":"REMOVE_TWO","is_daily":false,"chose_seed":false,"campfire_upgraded":0,"win_rate":0.0,"timestamp":1613516422,"path_taken":["R","M","M","?","M","?","T","M","R","?","?","E","M","?","M","BOSS"],"items_purchased_type":["Relic"],"build_version":"2020-12-22","purchased_purges":0,"victory":false,"max_hp_per_floor":[70,70,70,70,70,70,70,70,80,80,80,80,80,80,80,80,80,80],"card_choices":[{"not_picked":["hexamod:GhostLash","hexamod:PhantomFireball"],"picked":"hexamod:SuperheatedStrike","floor":1},{"not_picked":["hexamod:RetreatToShadows","hexamod:SpectralAdrenaline"],"picked":"hexamod:PowerFromBeyond","floor":2},{"not_picked":["hexamod:PowerFromBeyond","hexamod:BacktrackSmack"],"picked":"hexamod:NightmareStrike","floor":3},{"not_picked":["hexamod:BurningTouch","hexamod:HeatShield"],"picked":"hexamod:StepThrough","floor":5},{"not_picked":["hexamod:HauntingEcho","hexamod:NightmareStrike"],"picked":"hexamod:ChargedBarrage","floor":8},{"not_picked":["hexamod:InspiringFlames","hexamod:RecurringNightmare"],"picked":"hexamod:SpectralSpark","floor":10},{"not_picked":["hexamod:GhostOfSpireFuture","hexamod:BacktrackSmack"],"picked":"hexamod:AdvancingGuard","floor":11},{"not_picked":["hexamod:SpectersWail","hexamod:Incineration"],"picked":"hexamod:HeatShield","floor":12},{"not_picked":["hexamod:Rewind","hexamod:HauntingEcho"],"picked":"hexamod:FlamesFromBeyond","floor":13},{"not_picked":["hexamod:NecessarySacrifice","hexamod:GhostLash"],"picked":"hexamod:BacktrackSmack","floor":14},{"not_picked":["hexamod:InspiringFlames","hexamod:FlamesFromBeyond"],"picked":"hexamod:ChargedBarrage","floor":15}],"player_experience":463007,"relics_obtained":[{"floor":12,"key":"hubris:BottledRain"},{"floor":14,"key":"Ice Cream"}],"event_choices":[],"is_beta":false,"boss_relics":[],"items_purged_floors":[],"is_endless":false,"potions_floor_spawned":[8,12,13,15],"killed_by":"IC_STATUS_ARCHETYPE","ascension_level":2}}