{"host":"vfjw5z5u57sxa51v","time":1613505022,"event":{"mods":["AchievementEnabler","Act Like it!","Aspiration","BaseMod","Bestiary","Better Altar","Better Match","Better Note","Better Sensory Stone","Better Skull","Better Synergies","Better Third Choice","BetterRewards","CCEM2","Colored Map","Conspire","Dota2Spire","Downfall","GifTheSpireLib","GungeonMod","Halation","Highlight Path","Hubris","Infinite Spire","Jedi Mod","Minty Spire (QoL Compilation)","Permanent Neow","Reliquary","Replay The Spire","Shop Mod","Spicy Shops","StSLib","Stuff the Spire","The Cursed","The Disciple","The Gatherer","Unceasing Turn Reminder","everything is the same but u backflip on backflip"],"gold_per_floor":[117,117,129,30,30,55,55,69,69,81,92,125,145,47,47,47,47],"floor_reached":16,"language":"DEU","playtime":944,"items_purged":["conspire:GhostlyStrike"],"score":160,"play_id":"a8f3d1f7-d49b-4c2b-afd9-89506c6f9ee5","local_time":"20210216205022","is_ascension_mode":false,"campfire_choices":[{"data":"Poisoned Stab","floor":7,"key":"SMITH"},{"data":"Prepared","floor":15,"key":"SMITH"}],"circlet_count":0,"master_deck":["conspire:GhostlyStrike","conspire:GhostlyStrike","conspire:GhostlyStrike","conspire:GhostlyStrike","conspire:GhostlyDefend","conspire:GhostlyDefend","conspire:GhostlyDefend","conspire:GhostlyDefend","conspire:GhostlyDefend","Survivor","Neutralize","Prepared+1","Poisoned Stab+1","Sucker Punch","Reflex","ReplayTheSpireMod:Scrap Shanks","StuffTheSpire:Python","Finisher","StuffTheSpire:Injection","Parasite"],"relics":["Ring of the Snake","aspiration:DSix","StuffTheSpire:RubySignet","reliquary:TridentHead","Odd Mushroom","Sundial"],"acts_visited":["Exordium"],"potions_floor_usage":[3,16,16,16],"damage_taken":[{"damage":0,"enemies":"Jaw Worm","floor":1,"turns":5},{"damage":0,"enemies":"Cultist","floor":3,"turns":3},{"damage":20,"enemies":"Lagavulin","floor":6,"turns":9},{"damage":1,"enemies":"conspire:RoseBush","floor":8,"turns":2},{"damage":1,"enemies":"Looter","floor":10,"turns":3},{"damage":8,"enemies":"Large Slime","floor":11,"turns":5},{"damage":22,"enemies":"Gremlin Nob","floor":12,"turns":5},{"damage":11,"enemies":"The Mushroom Lair","floor":13,"turns":4},{"damage":16,"enemies":"Fading Forest","floor":16,"turns":4}],"seed_played":"-8304796356928724059","potions_obtained":[{"floor":1,"key":"Fire Potion"},{"floor":3,"key":"Explosive Potion"},{"floor":5,"key":"Cursed Concoction"},{"floor":5,"key":"Strength Potion"},{"floor":10,"key":"BlessingOfTheForge"}],"is_trial":false,"path_per_floor":["M","?","M","$","?","E","R","M","T","M","M","E","?","$","R_BF","B"],"character_chosen":"THE_SILENT","items_purchased":["Poisoned Stab","Sundial"],"campfire_rested":0,"item_purchase_floors":[4,14],"current_hp_per_floor":[70,70,70,70,70,50,50,49,49,48,40,20,13,13,13,0,0],"gold":47,"neow_bonus":"DSIX","is_daily":false,"chose_seed":false,"campfire_upgraded":2,"win_rate":0.0,"timestamp":1613505022,"path_taken":["M","?","M","$","?","E","R","M","T","M","?","E","?","$","R_BF","BOSS"],"items_purchased_type":["Card","Relic"],"build_version":"2020-12-22","purchased_purges":1,"victory":false,"max_hp_per_floor":[70,70,70,70,70,70,70,70,70,70,70,70,70,70,70,70,70],"card_choices":[{"not_picked":["StuffTheSpire:BumpUp","Deflect"],"picked":"Prepared","floor":1},{"not_picked":["Leg Sweep","Deadly Poison","StuffTheSpire:Incursion"],"picked":"SKIP","floor":3},{"not_picked":["Burst","StuffTheSpire:ReptileScales"],"picked":"Sucker Punch","floor":6},{"not_picked":["Prepared","hubris:SlightOfHand"],"picked":"Reflex","floor":8},{"not_picked":["Quick Slash","Well Laid Plans"],"picked":"ReplayTheSpireMod:Scrap Shanks","floor":10},{"not_picked":["Hidden Blade","PiercingWail"],"picked":"StuffTheSpire:Python","floor":11},{"not_picked":["Blur","jedi:pocketpoison"],"picked":"Finisher","floor":12},{"not_picked":["Well Laid Plans","Sucker Punch"],"picked":"StuffTheSpire:Injection","floor":13}],"player_experience":24391,"relics_obtained":[{"floor":6,"key":"StuffTheSpire:RubySignet"},{"floor":12,"key":"reliquary:TridentHead"},{"floor":13,"key":"Odd Mushroom"}],"event_choices":[{"damage_healed":0,"gold_gain":0,"player_choice":"Agree","damage_taken":0,"max_hp_gain":0,"max_hp_loss":0,"event_name":"conspire:LoneGhost","floor":2,"gold_loss":0},{"damage_healed":0,"gold_gain":0,"player_choice":"Got Potions","damage_taken":0,"max_hp_gain":0,"max_hp_loss":0,"event_name":"Lab","floor":5,"gold_loss":0},{"damage_healed":0,"gold_gain":0,"player_choice":"Fought Mushrooms","damage_taken":0,"max_hp_gain":0,"max_hp_loss":0,"event_name":"Mushrooms","floor":13,"gold_loss":0}],"is_beta":false,"boss_relics":[],"items_purged_floors":[4],"is_endless":false,"potions_floor_spawned":[1,3,10,11],"killed_by":"Fading Forest","ascension_level":0}}