{"host":"2p3jwbtacxwf1d73","time":1613499658,"event":{"mods":["BaseMod","Colored Powertips","Hermit","Hubris","Minty Spire (QoL Compilation)","Potionbrewer","Quick Restart","Reliquary","Small Relic Pack","StSLib","The Cursed","The Death Knight","The Gatherer","The Hierophant","The Necromancer","The Servant 0.9.4"],"gold_per_floor":[115,132,146,146,157,157,182,200,200,213,247,262,292,10,10,114,114,131,131,131,142,7,41,41,53,79,79,105,122,139,139,139,234,234,247,247,31,41,53,85,34,81,81,106,121,121,121,132,132,132],"floor_reached":51,"language":"ENG","playtime":2576,"items_purged":[],"score":874,"play_id":"2bacdc2a-7ae7-4274-b47a-c86065735fe2","local_time":"20210216122058","daily_mods":["SealedDeck","Heirloom"],"is_ascension_mode":false,"campfire_choices":[{"data":"TheCursedMod:EmpowerCircles","floor":6,"key":"SMITH"},{"floor":15,"key":"REST"},{"data":"TheCursedMod:CursedRelics","floor":24,"key":"SMITH"},{"data":"TheCursedMod:CollectTribute","floor":27,"key":"SMITH"},{"data":"TheCursedMod:CollectTribute","floor":32,"key":"SMITH"},{"data":"TheCursedMod:HellfireBreathing","floor":47,"key":"SMITH"},{"data":"TheCursedMod:HellfireBreathing","floor":49,"key":"SMITH"}],"circlet_count":0,"master_deck":["TheCursedMod:SpitefulPray","TheCursedMod:CircleOfWindfury","TheCursedMod:EmpowerCircles+1","TheCursedMod:SmokeScreen","TheCursedMod:CursedStaff","TheCursedMod:SpitefulStrike","TheCursedMod:CursedMace","TheCursedMod:DoubleShield","TheCursedMod:CursedAmulet","TheCursedMod:CircleOfCorruption","TheCursedMod:CircleOfCorruption","TheCursedMod:CursedRelics+1","TheCursedMod:RapidMovement","TheCursedMod:WearCloak","TheCursedMod:FleshFromBone","TheCursedMod:CircleOfFlame","TheCursedMod:CollectTribute+1","TheCursedMod:HellfireBreathing","Bandage Up","TheCursedMod:DoubleShield","TheCursedMod:CollectTribute+1","Shame","TheCursedMod:HellfireBreathing+1","TheCursedMod:Obscuration+1","Bandage Up","TheCursedMod:SurpriseAttack","TheCursedMod:HellfireBreathing+1","TheCursedMod:LuckyCharm+1","TheCursedMod:SurpriseAttack+1","TheCursedMod:NeowsMight","Magnetism","TheCursedMod:CircleOfCorruption+1","TheCursedMod:DemonicPact"],"relics":["TheCursedMod:BlackMagic101","TheCursedMod:SoulVessel","relicPack:OneForAll","hubris:DeckOfHolding","hubris:BottledRain","reliquary:RosewoodLute","Mercury Hourglass","Black Star","Mummified Hand","Vajra","hubris:64BitClover","Regal Pillow","hubris:BundleOfHerbs","Boot","Smiling Mask","TheCursedMod:OminousMark","Letter Opener","Lantern","hubris:ToyBattleship","TungstenRod","reliquary:Boomerang","reliquary:HotPoker","Bird Faced Urn","reliquary:BallBearing"],"acts_visited":["Exordium","TheCity","TheBeyond"],"potions_floor_usage":[11,11,16,23,25,28,28,33,39,40,40,40,42],"damage_taken":[{"damage":0,"enemies":"Cultist","floor":1,"turns":3},{"damage":0,"enemies":"Jaw Worm","floor":2,"turns":2},{"damage":0,"enemies":"2 Louse","floor":3,"turns":4},{"damage":3,"enemies":"Red Slaver","floor":5,"turns":2},{"damage":8,"enemies":"Lagavulin","floor":7,"turns":4},{"damage":10,"enemies":"Exordium Wildlife","floor":8,"turns":4},{"damage":7,"enemies":"Large Slime","floor":10,"turns":2},{"damage":4,"enemies":"3 Sentries","floor":11,"turns":3},{"damage":0,"enemies":"3 Louse","floor":12,"turns":3},{"damage":5,"enemies":"Lagavulin","floor":13,"turns":7},{"damage":22,"enemies":"The Guardian","floor":16,"turns":9},{"damage":2,"enemies":"Chosen","floor":18,"turns":5},{"damage":0,"enemies":"3 Byrds","floor":21,"turns":3},{"damage":11,"enemies":"Book of Stabbing","floor":23,"turns":4},{"damage":0,"enemies":"Snake Plant","floor":25,"turns":1},{"damage":0,"enemies":"Slavers","floor":28,"turns":3},{"damage":6,"enemies":"Shelled Parasite and Fungi","floor":29,"turns":3},{"damage":0,"enemies":"3 Cultists","floor":30,"turns":4},{"damage":10,"enemies":"Collector","floor":33,"turns":7},{"damage":16,"enemies":"3 Shapes","floor":35,"turns":3},{"damage":0,"enemies":"3 Darklings","floor":38,"turns":4},{"damage":0,"enemies":"Jaw Worm Horde","floor":39,"turns":3},{"damage":17,"enemies":"Nemesis","floor":40,"turns":5},{"damage":32,"enemies":"Reptomancer","floor":42,"turns":3},{"damage":0,"enemies":"Giant Head","floor":44,"turns":5},{"damage":12,"enemies":"Sphere and 2 Shapes","floor":45,"turns":3},{"damage":14,"enemies":"4 Shapes","floor":48,"turns":3},{"damage":4,"enemies":"hubris:GrandSnecko","floor":50,"turns":5}],"seed_played":"7886536631664930349","potions_obtained":[{"floor":1,"key":"potionbrewer:AcidPotion"},{"floor":5,"key":"SpeedPotion"},{"floor":10,"key":"Fire Potion"},{"floor":16,"key":"CultistPotion"},{"floor":23,"key":"Swift Potion"},{"floor":28,"key":"DeathKnight:BottledBloodEchoes"},{"floor":30,"key":"Explosive Potion"},{"floor":33,"key":"FearPotion"},{"floor":35,"key":"potionbrewer:SplittingPotion"},{"floor":44,"key":"Weak Potion"},{"floor":48,"key":"Fire Potion"}],"is_trial":true,"path_per_floor":["M","M","M","?","M","R","E","M","T","M","E","M","E","$","R","B",null,"M","?","?","M","$","E","R","M","T","R","E","M","M","T","R","B",null,"M","?","$","M","M","E","$","E","T","E","M","?","R","M","R","B",null],"character_chosen":"THE_CURSED","items_purchased":["TheCursedMod:HellfireBreathing","Bandage Up","TheCursedMod:DoubleShield","Explosive Potion","Bandage Up","Fire Potion","Magnetism","Fire Potion","ColorlessPotion"],"campfire_rested":1,"item_purchase_floors":[14,14,14,14,22,22,37,37,41],"current_hp_per_floor":[75,75,75,75,74,74,67,58,58,53,51,52,52,52,74,65,75,75,75,75,75,75,73,73,74,74,74,75,74,75,75,75,75,75,65,65,65,75,75,69,69,47,47,59,61,66,66,69,69,75],"gold":132,"neow_bonus":"","is_daily":false,"chose_seed":false,"campfire_upgraded":6,"win_rate":0.0,"timestamp":1613499658,"path_taken":["M","M","M","?","M","R","E","M","T","M","E","M","E","$","R","BOSS","M","?","?","M","$","E","R","M","T","R","E","?","M","?","R","BOSS","M","?","$","M","M","E","$","E","T","E","M","?","R","M","R","BOSS"],"items_purchased_type":["Card","Card","Card","Potion","Card","Potion","Card","Potion","Potion"],"build_version":"2020-12-22","purchased_purges":0,"victory":true,"max_hp_per_floor":[75,75,75,75,75,75,75,75,75,75,75,75,75,75,75,75,75,75,75,75,75,75,75,75,75,75,75,75,75,75,75,75,75,75,75,75,75,75,75,75,75,75,75,75,75,75,75,75,75,75],"card_choices":[{"not_picked":["TheCursedMod:Torture","TheCursedMod:FuryStrike","TheCursedMod:Stretching"],"picked":"SKIP","floor":1},{"not_picked":["TheCursedMod:RavingStaff","TheCursedMod:SpitefulPray","TheCursedMod:SpitefulStrike"],"picked":"SKIP","floor":2},{"not_picked":["TheCursedMod:TacticalStrike","TheCursedMod:SpitefulPlan"],"picked":"TheCursedMod:CursedBlade","floor":3},{"not_picked":["TheCursedMod:CursedBlade","TheCursedMod:TacticalStrike"],"picked":"TheCursedMod:CircleOfCorruption","floor":5},{"not_picked":["TheCursedMod:BlessingInDisguise","TheCursedMod:CircleOfCorruption"],"picked":"TheCursedMod:CursedRelics","floor":7},{"not_picked":["TheCursedMod:Stretching","TheCursedMod:ManaBullet"],"picked":"TheCursedMod:RapidMovement","floor":8},{"not_picked":["TheCursedMod:Torture","TheCursedMod:Wield"],"picked":"TheCursedMod:WearCloak","floor":10},{"not_picked":["TheCursedMod:CursedShiv","TheCursedMod:SoulReap"],"picked":"TheCursedMod:FleshFromBone","floor":11},{"not_picked":["TheCursedMod:FuryStrike","TheCursedMod:RapidMovement"],"picked":"TheCursedMod:CircleOfFlame","floor":12},{"not_picked":["TheCursedMod:CircleOfFocus","TheCursedMod:Stretching"],"picked":"TheCursedMod:CollectTribute","floor":13},{"not_picked":["TheCursedMod:CursedRelics","TheCursedMod:OutForBlood"],"picked":"TheCursedMod:CollectTribute","floor":16},{"not_picked":["TheCursedMod:Stigma","TheCursedMod:WearCloak+1","TheCursedMod:SaltUponWound"],"picked":"SKIP","floor":18},{"not_picked":["TheCursedMod:CursedShiv","TheCursedMod:CircleOfFlame+1"],"picked":"TheCursedMod:Obscuration+1","floor":21},{"not_picked":["TheCursedMod:SmokeScreen","TheCursedMod:Grudge"],"picked":"TheCursedMod:SurpriseAttack","floor":23},{"not_picked":["TheCursedMod:CursedStaff","TheCursedMod:CursedBlade+1"],"picked":"TheCursedMod:HellfireBreathing","floor":25},{"not_picked":["TheCursedMod:Stretching","TheCursedMod:ReleasedKnowledge"],"picked":"TheCursedMod:LuckyCharm+1","floor":28},{"not_picked":["TheCursedMod:Wield+1","TheCursedMod:Obscuration","TheCursedMod:SoulReap"],"picked":"SKIP","floor":29},{"not_picked":["TheCursedMod:CursedStaff+1","TheCursedMod:TroublousMinions"],"picked":"TheCursedMod:SurpriseAttack+1","floor":30},{"not_picked":["TheCursedMod:StunningStrike","TheCursedMod:ShockAndAwe"],"picked":"TheCursedMod:NeowsMight","floor":33},{"not_picked":["TheCursedMod:Torture+1","TheCursedMod:Wield+1","TheCursedMod:RapidMovement+1"],"picked":"SKIP","floor":35},{"not_picked":["TheCursedMod:FleshFromBone+1","TheCursedMod:SpitefulPray","TheCursedMod:Obscuration"],"picked":"SKIP","floor":38},{"not_picked":["TheCursedMod:CircleOfBlood+1","TheCursedMod:ManaBullet"],"picked":"TheCursedMod:CircleOfCorruption+1","floor":39},{"not_picked":["TheCursedMod:Torture","TheCursedMod:ManaBullet"],"picked":"TheCursedMod:DemonicPact","floor":40},{"not_picked":["TheCursedMod:CursedShiv+1","TheCursedMod:RavingStaff","TheCursedMod:Torture+1"],"picked":"SKIP","floor":42},{"not_picked":["TheCursedMod:CursedBlade+1","TheCursedMod:ReleasedKnowledge","TheCursedMod:CircleOfCorruption"],"picked":"SKIP","floor":44},{"not_picked":["TheCursedMod:PrepareRite+1","TheCursedMod:FleshFromBone","TheCursedMod:SmokeScreen+1"],"picked":"SKIP","floor":45},{"not_picked":["TheCursedMod:RavingStaff","TheCursedMod:CircleOfCorruption","TheCursedMod:BloodBarrier+1"],"picked":"SKIP","floor":48}],"player_experience":478756,"relics_obtained":[{"floor":7,"key":"hubris:DeckOfHolding"},{"floor":9,"key":"hubris:BottledRain"},{"floor":11,"key":"reliquary:RosewoodLute"},{"floor":13,"key":"Mercury Hourglass"},{"floor":23,"key":"Vajra"},{"floor":23,"key":"hubris:64BitClover"},{"floor":26,"key":"Regal Pillow"},{"floor":28,"key":"hubris:BundleOfHerbs"},{"floor":28,"key":"Boot"},{"floor":31,"key":"Smiling Mask"},{"floor":39,"key":"Letter Opener"},{"floor":40,"key":"Lantern"},{"floor":40,"key":"hubris:ToyBattleship"},{"floor":42,"key":"TungstenRod"},{"floor":42,"key":"reliquary:Boomerang"},{"floor":43,"key":"reliquary:HotPoker"},{"floor":44,"key":"Bird Faced Urn"},{"floor":44,"key":"reliquary:BallBearing"}],"event_choices":[{"damage_healed":0,"gold_gain":0,"player_choice":"Stole Relic","damage_taken":0,"relics_obtained":["Mummified Hand"],"max_hp_gain":0,"max_hp_loss":0,"event_name":"Addict","floor":19,"gold_loss":0,"cards_obtained":["Shame"]},{"damage_healed":0,"gold_gain":0,"player_choice":"Copied","damage_taken":0,"max_hp_gain":0,"max_hp_loss":0,"event_name":"Duplicator","floor":20,"gold_loss":0,"cards_obtained":["TheCursedMod:HellfireBreathing"]},{"cards_removed":["TheCursedMod:CursedBlade"],"damage_healed":5,"gold_gain":0,"player_choice":"Offered Common","damage_taken":0,"max_hp_gain":0,"max_hp_loss":0,"event_name":"Bonfire Elementals","floor":46,"gold_loss":0},{"cards_removed":["TheCursedMod:CursedBlade"],"damage_healed":5,"gold_gain":0,"player_choice":"Offered Special","damage_taken":0,"max_hp_gain":0,"max_hp_loss":0,"event_name":"Bonfire Elementals","floor":46,"gold_loss":0}],"is_beta":false,"boss_relics":[{"not_picked":["Runic Dome","Busted Crown"],"picked":"Black Star"},{"not_picked":["Sozu","Coffee Dripper"],"picked":"TheCursedMod:OminousMark"}],"items_purged_floors":[],"is_endless":false,"potions_floor_spawned":[1,5,10,16,23,28,30,33,35,38,44,48],"ascension_level":0}}