{"host":"3j24k6gtmfx6ynrk","time":1613515013,"event":{"mods":["AchievementEnabler","BaseMod","Block Reminder","Colored Powertips","Hermit","Highlight Path","Marisa????????","Minty Spire (QoL Compilation)","Quick Restart","Rare Cards Sparkle","StSLib","The Cursed","The Hierophant","The Servant 0.9.4"],"gold_per_floor":[214,229,60,60,60,60,135,135,211,226,226,242,258,281,281,404,404,418,517,240,264,264,264,308,183,183,203,328,178,178,196,196,324,324,340,361,382,322,337,373,124,165,165,180,198,211,211,173,173,173,173,173,53,53,53],"floor_reached":54,"language":"DEU","playtime":5783,"items_purged":["Strike_R","Strike_R","Strike_R","Strike_R"],"score":734,"play_id":"2665c017-220c-4514-ab5c-6ee6e5f16f4f","local_time":"20210216233653","is_ascension_mode":false,"campfire_choices":[{"floor":6.0,"key":"REST"},{"data":"Pommel Strike","floor":8.0,"key":"SMITH"},{"data":"Body Slam","floor":11.0,"key":"SMITH"},{"data":"Clothesline","floor":15.0,"key":"SMITH"},{"data":"Rage","floor":23,"key":"SMITH"},{"floor":30,"key":"REST"},{"data":"Juggernaut","floor":32,"key":"SMITH"},{"floor":49,"key":"RECALL"},{"data":"Barricade","floor":52,"key":"SMITH"}],"circlet_count":0,"master_deck":["Defend_R","Defend_R","Defend_R","Bash","Pommel Strike+1","Body Slam+1","Panacea","Clothesline+1","Juggernaut+1","Rage+1","Ghostly Armor","Dark Shackles","Ghostly Armor","Cleave+1","Whirlwind","Shrug It Off","Feed","CurseOfTheBell","Juggernaut","Warcry+1","Fire Breathing","Entrench","Barricade+1","Entrench","Flame Barrier"],"relics":["Burning Blood","Magic Flower","Golden Idol","Sundial","Velvet Choker","Nilry\u0027s Codex","Mercury Hourglass","Regal Pillow","Peace Pipe","Question Card","Calling Bell","Centennial Puzzle","Shuriken","Pocketwatch","Juzu Bracelet","Lee\u0027s Waffle","Ice Cream"],"acts_visited":["Exordium","TheCity","TheBeyond","TheEnding"],"potions_floor_usage":[24,28,28,33,40,50,50,54],"damage_taken":[{"damage":5.0,"enemies":"2 Louse","floor":1.0,"turns":3.0},{"damage":6.0,"enemies":"Jaw Worm","floor":2.0,"turns":4.0},{"damage":3.0,"enemies":"Small Slimes","floor":10.0,"turns":3.0},{"damage":6.0,"enemies":"Exordium Wildlife","floor":12.0,"turns":4.0},{"damage":10.0,"enemies":"Looter","floor":13.0,"turns":3.0},{"damage":5.0,"enemies":"Large Slime","floor":14.0,"turns":6.0},{"damage":52.0,"enemies":"Hexaghost","floor":16.0,"turns":11.0},{"damage":12,"enemies":"3 Byrds","floor":18,"turns":6},{"damage":11,"enemies":"Spheric Guardian","floor":21,"turns":4},{"damage":3,"enemies":"Book of Stabbing","floor":24,"turns":6},{"damage":10,"enemies":"Snecko","floor":27,"turns":5},{"damage":14,"enemies":"Colosseum Slavers","floor":28,"turns":3},{"damage":20,"enemies":"Colosseum Nobs","floor":28,"turns":4},{"damage":8,"enemies":"Centurion and Healer","floor":31,"turns":6},{"damage":62,"enemies":"Collector","floor":33,"turns":9},{"damage":9,"enemies":"Orb Walker","floor":35,"turns":5},{"damage":5,"enemies":"3 Shapes","floor":36,"turns":3},{"damage":3,"enemies":"Transient","floor":37,"turns":5},{"damage":7,"enemies":"Maw","floor":39,"turns":8},{"damage":31,"enemies":"Reptomancer","floor":40,"turns":7},{"damage":3,"enemies":"Nemesis","floor":42,"turns":8},{"damage":23,"enemies":"Jaw Worm Horde","floor":44,"turns":5},{"damage":17,"enemies":"Sphere and 2 Shapes","floor":45,"turns":5},{"damage":13,"enemies":"Spire Growth","floor":46,"turns":7},{"damage":36,"enemies":"Donu and Deca","floor":50,"turns":12},{"damage":121,"enemies":"Shield and Spear","floor":54,"turns":6}],"seed_played":"6814774368143082671","potions_obtained":[{"floor":2.0,"key":"HeartOfIron"},{"floor":14.0,"key":"LiquidMemories"},{"floor":16.0,"key":"Block Potion"},{"floor":21,"key":"Strength Potion"},{"floor":28,"key":"BlessingOfTheForge"},{"floor":31,"key":"CultistPotion"},{"floor":37,"key":"Block Potion"},{"floor":42,"key":"Weak Potion"}],"is_trial":false,"path_per_floor":["M","M","$","?","?","R","?","R","T","M","R","M","M","M","R","B",null,"M","?","$","M","?","R","E","$","T","M","?","$","R","M","R","B",null,"M","M","M","?","M","E","$","E","T","M","M","M","$","$","R","B",null,"R","$","E"],"character_chosen":"IRONCLAD","items_purchased":["Panacea","Ghostly Armor","Dark Shackles","Lee\u0027s Waffle","HeartOfIron","Flame Barrier","GamblersBrew","Energy Potion"],"campfire_rested":2,"item_purchase_floors":[3,20,20,41,41,48,53,53],"current_hp_per_floor":[80,80,80,62,42,66,55,55,55,61,61,64,63,67,67,24,80,77,77,77,75,59,59,65,65,65,64,48,48,80,80,80,27,80,83,83,83,83,86,69,96,96,96,87,79,80,80,80,80,53,102,102,102,0,0],"gold":53,"neow_bonus":"HUNDRED_GOLD","is_daily":false,"chose_seed":false,"campfire_upgraded":6,"win_rate":0.0,"timestamp":1613515013,"path_taken":["M","M","$","?","?","R","?","R","T","M","R","M","M","M","R","BOSS","M","?","$","M","?","R","E","$","T","M","?","?","R","M","R","BOSS","M","M","M","?","M","E","$","E","T","M","M","M","?","$","R","BOSS","R","$","E"],"items_purchased_type":["Card","Card","Card","Relic","Potion","Card","Potion","Potion"],"build_version":"2020-12-22","purchased_purges":4,"victory":false,"max_hp_per_floor":[80,80,80,80,80,80,80,80,80,80,80,80,80,80,80,80,80,80,80,80,80,80,80,80,80,80,80,80,80,80,80,80,80,80,83,83,83,83,86,89,96,96,96,99,99,102,102,102,102,102,102,102,102,102,102],"card_choices":[{"not_picked":["True Grit","Perfected Strike"],"picked":"Pommel Strike","floor":1.0},{"not_picked":["Iron Wave","Pommel Strike"],"picked":"Body Slam","floor":2.0},{"not_picked":["Pommel Strike","Hemokinesis","Burning Pact"],"picked":"SKIP","floor":10.0},{"not_picked":["Anger","Carnage","Uppercut"],"picked":"SKIP","floor":12.0},{"not_picked":["Brutality","Pommel Strike","Thunderclap"],"picked":"SKIP","floor":13.0},{"not_picked":["Flex","Warcry"],"picked":"Clothesline","floor":14.0},{"not_picked":["Offering","Limit Break"],"picked":"Juggernaut","floor":16.0},{"not_picked":["Shockwave","Clash+1"],"picked":"Rage","floor":18},{"not_picked":["Anger","Intimidate"],"picked":"Ghostly Armor","floor":21},{"not_picked":["Brutality","Second Wind"],"picked":"Cleave+1","floor":24},{"not_picked":["Feel No Pain","Iron Wave+1"],"picked":"Whirlwind","floor":27},{"not_picked":["Anger","Armaments"],"picked":"Shrug It Off","floor":28},{"not_picked":["Flex+1","Fire Breathing","True Grit+1","Shockwave"],"picked":"SKIP","floor":31},{"not_picked":["Demon Form","Impervious","Reaper"],"picked":"Feed","floor":33},{"not_picked":["Body Slam+1","Intimidate+1","Heavy Blade","Clash+1"],"picked":"SKIP","floor":35},{"not_picked":["Headbutt","Dual Wield","Warcry+1"],"picked":"Juggernaut","floor":36},{"not_picked":["Heavy Blade","Inflame","Body Slam+1"],"picked":"Warcry+1","floor":37},{"not_picked":["Sword Boomerang+1","Power Through","Twin Strike+1","Armaments"],"picked":"SKIP","floor":39},{"not_picked":["Twin Strike+1","Body Slam","Cleave+1"],"picked":"Barricade","floor":40},{"not_picked":["Iron Wave+1","Bludgeon","Clothesline"],"picked":"Entrench","floor":42},{"not_picked":["Headbutt+1","Sword Boomerang+1","Second Wind+1","Clothesline"],"picked":"SKIP","floor":44},{"not_picked":["Hemokinesis+1","Feel No Pain","Second Wind","Whirlwind+1"],"picked":"SKIP","floor":45},{"not_picked":["Thunderclap","Pummel+1","Perfected Strike+1","Rupture+1"],"picked":"SKIP","floor":46}],"player_experience":94259,"relics_obtained":[{"floor":9.0,"key":"Sundial"},{"floor":22,"key":"Nilry\u0027s Codex"},{"floor":24,"key":"Mercury Hourglass"},{"floor":26,"key":"Regal Pillow"},{"floor":28,"key":"Peace Pipe"},{"floor":28,"key":"Question Card"},{"floor":34,"key":"Centennial Puzzle"},{"floor":34,"key":"Shuriken"},{"floor":34,"key":"Pocketwatch"},{"floor":40,"key":"Juzu Bracelet"},{"floor":42,"key":"Ice Cream"}],"event_choices":[{"damage_healed":0.0,"max_hp_gain":0.0,"max_hp_loss":0.0,"gold_gain":0.0,"event_name":"Scrap Ooze","player_choice":"Success","floor":4.0,"gold_loss":0.0,"damage_taken":18.0,"relics_obtained":["Magic Flower"]},{"damage_healed":0.0,"max_hp_gain":0.0,"max_hp_loss":0.0,"gold_gain":0.0,"event_name":"Golden Idol","player_choice":"Take Damage","floor":5.0,"gold_loss":0.0,"damage_taken":20.0,"relics_obtained":["Golden Idol"]},{"damage_healed":0.0,"max_hp_gain":0.0,"max_hp_loss":0.0,"gold_gain":75.0,"event_name":"World of Goop","player_choice":"Gather Gold","floor":7.0,"gold_loss":0.0,"damage_taken":11.0},{"damage_healed":0,"gold_gain":99,"player_choice":"Stole From Cult","damage_taken":0,"max_hp_gain":0,"max_hp_loss":0,"event_name":"Nest","floor":19,"gold_loss":0},{"damage_healed":0,"gold_gain":0,"player_choice":"Obtained Book","damage_taken":16,"max_hp_gain":0,"max_hp_loss":0,"event_name":"Cursed Tome","floor":22,"gold_loss":0},{"damage_healed":0,"gold_gain":0,"player_choice":"Fight","damage_taken":0,"max_hp_gain":0,"max_hp_loss":0,"event_name":"Colosseum","floor":28,"gold_loss":0},{"damage_healed":0,"gold_gain":0,"player_choice":"Fought Nobs","damage_taken":0,"max_hp_gain":0,"max_hp_loss":0,"event_name":"Colosseum","floor":28,"gold_loss":0},{"damage_healed":0,"gold_gain":0,"cards_transformed":["Defend_R","Strike_R"],"player_choice":"Transformed Cards","damage_taken":0,"max_hp_gain":0,"max_hp_loss":0,"event_name":"Designer","floor":38,"gold_loss":60,"cards_obtained":["Fire Breathing","Entrench"]}],"is_beta":false,"boss_relics":[{"not_picked":["Black Blood","Mark of Pain"],"picked":"Velvet Choker"},{"not_picked":["Black Star","Empty Cage"],"picked":"Calling Bell"}],"items_purged_floors":[3,20,25,29],"is_endless":false,"potions_floor_spawned":[2,14,16,21,28,31,37,42,46],"killed_by":"Shield and Spear","ascension_level":0}}