{"host":"u94fg4idz1cgcmzu","time":1613508019,"event":{"mods":["BaseMod","Colored Powertips","Downfall","GifTheSpireLib","Minty Spire (QoL Compilation)","Quick Restart","StSLib"],"gold_per_floor":[99,99,117,132,42,62,89,116,116,126,126,11,11,26,39,144,144,144,226,246,246,264,264,309,328,111,122,133,152,152,186,186,186,186],"floor_reached":32,"language":"ZHS","playtime":4898,"items_purged":["Slimebound:Strike_Slimebound","Slimebound:Defend_Slimebound","Slimebound:Tackle"],"score":264,"play_id":"3f2b65fe-1ef9-4218-9e32-dbb89f0d0c7c","local_time":"20210217044019","is_ascension_mode":false,"campfire_choices":[{"data":"Slimebound:CorrosiveSpit","floor":1.0,"key":"SMITH"},{"data":"Slimebound:GoopSpray","floor":11.0,"key":"SMITH"},{"data":"Slimebound:LeechEnergy","floor":13.0,"key":"SMITH"},{"data":"Slimebound:DuplicatedForm","floor":18,"key":"SMITH"},{"data":"Slimebound:GrowthPunch","floor":30,"key":"SMITH"}],"circlet_count":0,"master_deck":["Slimebound:Defend_Slimebound","Slimebound:Defend_Slimebound","Slimebound:Defend_Slimebound","Slimebound:Split","Slimebound:CorrosiveSpit+1","Slimebound:AcidTongue","Slimebound:LeechEnergy+1","Slimebound:GoopSpray+1","Slimebound:AcidTongue","Slimebound:DuplicatedForm+1","Slimebound:FinishingTackle","Slimebound:RainOfGoop","Slimebound:Grow","Slimebound:SplitLeeching","Slimebound:LeechingTouch","Slimebound:GrowthPunch+1","Slimebound:Repurpose"],"relics":["Slimebound:AbsorbEndCombat","Pen Nib","Art of War","Runic Pyramid","Mummified Hand","Bag of Marbles","Blood Vial"],"acts_visited":["Exordium","TheCity"],"potions_floor_usage":[],"damage_taken":[{"damage":7.0,"enemies":"Jaw Worm","floor":3.0,"turns":4.0},{"damage":4.0,"enemies":"Cultist","floor":4.0,"turns":3.0},{"damage":5.0,"enemies":"downfall:FleeingMerchant","floor":5.0,"turns":4.0},{"damage":0.0,"enemies":"2 Louse","floor":6.0,"turns":2.0},{"damage":23.0,"enemies":"3 Sentries","floor":8.0,"turns":10.0},{"damage":1.0,"enemies":"Exordium Wildlife","floor":10.0,"turns":3.0},{"damage":5.0,"enemies":"downfall:FleeingMerchant","floor":12.0,"turns":4.0},{"damage":1.0,"enemies":"Red Slaver","floor":14.0,"turns":3.0},{"damage":1.0,"enemies":"2 Fungi Beasts","floor":15.0,"turns":4.0},{"damage":12.0,"enemies":"SI_SHIV_ARCHETYPE","floor":16.0,"turns":6.0},{"damage":15,"enemies":"Spheric Guardian","floor":20,"turns":4},{"damage":15,"enemies":"Chosen","floor":22,"turns":5},{"damage":23,"enemies":"3 Cultists","floor":25,"turns":3},{"damage":23,"enemies":"downfall:FleeingMerchant","floor":26,"turns":4},{"damage":15,"enemies":"Snecko","floor":27,"turns":4},{"damage":19,"enemies":"Cultist and Chosen","floor":28,"turns":3},{"damage":15,"enemies":"Sentry and Sphere","floor":29,"turns":5},{"damage":31,"enemies":"Book of Stabbing","floor":31,"turns":4},{"damage":0,"enemies":"3 Cultists","floor":32,"turns":2}],"seed_played":"5567567854075440148","potions_obtained":[{"floor":4.0,"key":"Ancient Potion"},{"floor":8.0,"key":"PowerPotion"},{"floor":14.0,"key":"Fire Potion"}],"is_trial":false,"path_per_floor":["R","?","M","M","$","M","T","E","?","M","R","$","R","M","M","B",null,"R","T","M","?","M","?","T","M","$","M","M","M","R","E","M"],"character_chosen":"SLIMEBOUND","items_purchased":["Slimebound:Grow"],"campfire_rested":0,"item_purchase_floors":[26],"current_hp_per_floor":[71,71,70,71,70,71,71,54,54,59,59,60,60,65,68,64,71,71,71,71,71,71,71,71,71,70,71,71,71,71,61,65,65,65],"gold":186,"neow_bonus":"TEN_PERCENT_HP_BONUS","is_daily":false,"chose_seed":false,"campfire_upgraded":5,"win_rate":0.0,"timestamp":1613508019,"path_taken":["R","?","M","M","?","M","T","E","?","M","R","$","R","?","M","BOSS","R","?","M","?","M","?","T","?","?","M","?","?","R","E","M"],"items_purchased_type":["Card"],"build_version":"2020-12-22","purchased_purges":3,"victory":false,"max_hp_per_floor":[71,71,71,71,71,71,71,71,71,71,71,71,71,71,71,71,71,71,71,71,71,71,71,71,71,71,71,71,71,71,71,71,71,71],"card_choices":[{"not_picked":["Slimebound:ComboTackle","Slimebound:FinishingTackle"],"picked":"Slimebound:LeechEnergy","floor":3.0},{"not_picked":["Slimebound:SplitMire","Slimebound:BestDefense","Slimebound:FinishingTackle"],"picked":"SKIP","floor":4.0},{"not_picked":["Slimebound:LeechingTouch","Slimebound:SplitAcid"],"picked":"Slimebound:GoopSpray","floor":5.0},{"not_picked":["Slimebound:SlimeSpikes","Slimebound:HauntingLick","Slimebound:ItLooksTasty"],"picked":"SKIP","floor":6.0},{"not_picked":["Slimebound:Prepare","Slimebound:RejuvenatingLick"],"picked":"Slimebound:AcidTongue","floor":8.0},{"not_picked":["Slimebound:SplitMire","Slimebound:GoopSpray","Slimebound:Chomp"],"picked":"SKIP","floor":10.0},{"not_picked":["Slimebound:GoopTackle","Slimebound:GoopSpray","Slimebound:LeechLife"],"picked":"SKIP","floor":12.0},{"not_picked":["Slimebound:Schlurp","Slimebound:FlameTackle","Slimebound:GoopSpray"],"picked":"SKIP","floor":14.0},{"not_picked":["Slimebound:SlimeBrawl","Slimebound:ViciousTackle","Slimebound:ComboTackle"],"picked":"SKIP","floor":15.0},{"not_picked":["Slimebound:RallyTheTroops","Slimebound:OneTwoCombo"],"picked":"Slimebound:DuplicatedForm","floor":16.0},{"not_picked":["Slimebound:Schlurp+1","Slimebound:SplitMire","Slimebound:ItLooksTasty+1"],"picked":"SKIP","floor":20},{"not_picked":["Slimebound:SplitBruiser","Slimebound:TongueLash"],"picked":"Slimebound:FinishingTackle","floor":22},{"not_picked":["Slimebound:SplitBruiser+1","Slimebound:Prepare"],"picked":"Slimebound:RainOfGoop","floor":25},{"not_picked":["Slimebound:SplitMire","Slimebound:Schlurp","Slimebound:OneTwoCombo"],"picked":"SKIP","floor":26},{"not_picked":["Slimebound:LeechingTouch","Slimebound:SplitAcid+1"],"picked":"Slimebound:SplitLeeching","floor":27},{"not_picked":["Slimebound:SlimeSpikes","Slimebound:Chomp+1"],"picked":"Slimebound:LeechingTouch","floor":28},{"not_picked":["Slimebound:Prepare","Slimebound:FlameTackle+1"],"picked":"Slimebound:GrowthPunch","floor":29},{"not_picked":["Slimebound:DisruptingSlam+1","Slimebound:LeechingTouch"],"picked":"Slimebound:Repurpose","floor":31}],"player_experience":1761741,"relics_obtained":[{"floor":7.0,"key":"Pen Nib"},{"floor":8.0,"key":"Art of War"},{"floor":19,"key":"Mummified Hand"},{"floor":24,"key":"Bag of Marbles"},{"floor":31,"key":"Blood Vial"}],"event_choices":[{"damage_healed":0,"gold_gain":0,"player_choice":"Got Potions","damage_taken":0,"max_hp_gain":0,"max_hp_loss":0,"event_name":"Lab","floor":23,"gold_loss":0}],"is_beta":false,"boss_relics":[{"not_picked":["Pandora\u0027s Box","Snecko Eye"],"picked":"Runic Pyramid"}],"items_purged_floors":[5,12,26],"is_endless":false,"potions_floor_spawned":[4,8,14,15,22,25,29],"killed_by":"3 Cultists","ascension_level":0}}