{"host":"5p9hybygolzp0efr","time":1613466118,"event":{"mods":["AchievementEnabler","BaseMod","Bestiary","Colored Map","Minty Spire (QoL Compilation)","Permanent Neow","Relic Stats","StSLib"],"gold_per_floor":[116,135,149,224,224,224,256,256,329,329,341,356,356,374,374,374,374],"floor_reached":16,"language":"ENG","playtime":549,"items_purged":[],"score":158,"play_id":"66df3301-6ed8-4a6d-ba84-64b1eefab9c3","local_time":"20210216170158","is_ascension_mode":true,"campfire_choices":[{"floor":6,"key":"REST"},{"floor":8,"key":"REST"},{"data":"Conserve Battery","floor":10,"key":"SMITH"},{"data":"Zap","floor":15,"key":"SMITH"}],"circlet_count":0,"master_deck":["AscendersBane","Strike_B","Strike_B","Strike_B","Defend_B","Defend_B+1","Defend_B+1","Defend_B","Zap+1","Dualcast","Conserve Battery+1","Go for the Eyes","Scrape","Gash","Coolheaded","Cold Snap"],"relics":["Cracked Core","Bag of Preparation","Oddly Smooth Stone","White Beast Statue"],"acts_visited":["Exordium"],"potions_floor_usage":[],"damage_taken":[{"damage":6,"enemies":"Jaw Worm","floor":1,"turns":4},{"damage":7,"enemies":"2 Louse","floor":2,"turns":3},{"damage":1,"enemies":"Small Slimes","floor":3,"turns":4},{"damage":32,"enemies":"3 Sentries","floor":7,"turns":11},{"damage":0,"enemies":"3 Louse","floor":11,"turns":4},{"damage":0,"enemies":"2 Fungi Beasts","floor":12,"turns":3},{"damage":3,"enemies":"Exordium Wildlife","floor":14,"turns":6},{"damage":34,"enemies":"Slime Boss","floor":16,"turns":5}],"seed_played":"-3288912256934104950","potions_obtained":[{"floor":11,"key":"Dexterity Potion"},{"floor":12,"key":"EssenceOfSteel"}],"is_trial":false,"path_per_floor":["M","M","M","?","?","R","E","R","T","R","M","M","?","M","R","B"],"character_chosen":"DEFECT","items_purchased":[],"campfire_rested":2,"item_purchase_floors":[],"current_hp_per_floor":[62,55,54,43,28,50,18,40,40,40,40,40,33,30,30,0,0],"gold":374,"neow_bonus":"RANDOM_COMMON_RELIC","is_daily":false,"chose_seed":false,"campfire_upgraded":2,"win_rate":0.0,"timestamp":1613466118,"path_taken":["M","M","M","?","?","R","E","R","T","R","M","M","?","M","R","BOSS"],"items_purchased_type":[],"build_version":"2020-12-22","purchased_purges":0,"victory":false,"max_hp_per_floor":[75,75,75,75,75,75,75,75,75,75,75,75,75,75,75,75,75],"relic_stats":{"counters":[8,40],"Bag of Preparation":[16],"obtain_stats":[{"Oddly Smooth Stone":7,"Bag of Preparation":0,"Cracked Core":0,"White Beast Statue":9},{"Oddly Smooth Stone":4,"Bag of Preparation":0,"Cracked Core":0,"White Beast Statue":4},{"Oddly Smooth Stone":22,"Bag of Preparation":0,"Cracked Core":0,"White Beast Statue":22}]},"card_choices":[{"not_picked":["Hologram","Ball Lightning"],"picked":"Conserve Battery","floor":1},{"not_picked":["Stack","Steam","Barrage"],"picked":"SKIP","floor":2},{"not_picked":["Turbo","Darkness"],"picked":"Go for the Eyes","floor":3},{"not_picked":["Stack","Recycle"],"picked":"Scrape","floor":7},{"not_picked":["Redo","Cold Snap"],"picked":"Gash","floor":11},{"not_picked":["Rebound","Conserve Battery"],"picked":"Coolheaded","floor":12},{"not_picked":["Hello World","Barrage"],"picked":"Cold Snap","floor":14}],"player_experience":620046,"relics_obtained":[{"floor":7,"key":"Oddly Smooth Stone"},{"floor":9,"key":"White Beast Statue"}],"event_choices":[{"damage_healed":0,"gold_gain":75,"player_choice":"Gather Gold","damage_taken":11,"max_hp_gain":0,"max_hp_loss":0,"event_name":"World of Goop","floor":4,"gold_loss":0},{"damage_healed":0,"gold_gain":0,"player_choice":"Entered Light","damage_taken":15,"max_hp_gain":0,"max_hp_loss":0,"event_name":"Shining Light","floor":5,"gold_loss":0,"cards_upgraded":["Defend_B","Defend_B"]},{"cards_removed":["Strike_B"],"damage_healed":0,"gold_gain":0,"player_choice":"Card Removal","damage_taken":7,"max_hp_gain":0,"max_hp_loss":0,"event_name":"Golden Wing","floor":13,"gold_loss":0}],"is_beta":false,"boss_relics":[],"items_purged_floors":[],"is_endless":false,"potions_floor_spawned":[11,12,14],"killed_by":"Slime Boss","ascension_level":11}}