{"host":"p55ahgraoahruc9a","time":1613485861,"event":{"mods":["AchievementEnabler","BaseMod","Colored Map","Keyboard Shortcuts","Minty Spire (QoL Compilation)","Permanent Neow","Quick Restart"],"gold_per_floor":[112,123,3,22,22,47,47,66,66,166,186,200,212,242,242,339,339,355,366,366,366,112,140,160,186,186,186,203,214,227,227,227,331,331,345,84,95,145,145,174,174,187,187,187,220,66,66,86,86,86,86,86,5,39,39],"floor_reached":56,"language":"KOR","playtime":5191,"items_purged":["Strike_R","Strike_R","Defend_R"],"score":1606,"play_id":"47e305d1-7089-47e0-8150-df77d044a7c3","local_time":"20210216233101","is_ascension_mode":true,"campfire_choices":[{"data":"Body Slam","floor":7.0,"key":"SMITH"},{"data":"Shrug It Off","floor":15.0,"key":"SMITH"},{"floor":32.0,"key":"REST"},{"floor":41.0,"key":"RECALL"},{"floor":47.0,"key":"REST"},{"floor":49.0,"key":"REST"},{"floor":52.0,"key":"REST"}],"circlet_count":0,"master_deck":["Defend_R","Defend_R","Bash","Armaments","Battle Trance+1","Shrug It Off+1","Body Slam+1","Seeing Red+1","Offering","Flame Barrier+1","True Grit+1","Barricade","Havoc+1","Headbutt+1","Armaments+1","Ghostly Armor","Impervious","Body Slam","Entrench"],"relics":["Burning Blood","Lantern","Tiny Chest","InkBottle","Fusion Hammer","Gremlin Horn","CaptainsWheel","War Paint","Letter Opener","White Beast Statue","Astrolabe","Torii","Oddly Smooth Stone","Mango","Meat on the Bone","Ancient Tea Set","Art of War"],"acts_visited":["Exordium","TheCity","TheBeyond","TheEnding"],"potions_floor_usage":[55,55],"damage_taken":[{"damage":4.0,"enemies":"Jaw Worm","floor":1.0,"turns":4.0},{"damage":7.0,"enemies":"Small Slimes","floor":2.0,"turns":3.0},{"damage":3.0,"enemies":"Cultist","floor":4.0,"turns":4.0},{"damage":26.0,"enemies":"Gremlin Nob","floor":6.0,"turns":5.0},{"damage":11.0,"enemies":"Gremlin Gang","floor":8.0,"turns":5.0},{"damage":0.0,"enemies":"Looter","floor":11.0,"turns":2.0},{"damage":0.0,"enemies":"3 Louse","floor":12.0,"turns":4.0},{"damage":1.0,"enemies":"Lots of Slimes","floor":13.0,"turns":5.0},{"damage":26.0,"enemies":"Lagavulin","floor":14.0,"turns":7.0},{"damage":37.0,"enemies":"The Guardian","floor":16.0,"turns":9.0},{"damage":7.0,"enemies":"Shell Parasite","floor":18.0,"turns":3.0},{"damage":23.0,"enemies":"2 Thieves","floor":19.0,"turns":5.0},{"damage":47.0,"enemies":"Slavers","floor":23.0,"turns":10.0},{"damage":11.0,"enemies":"Snake Plant","floor":24.0,"turns":2.0},{"damage":6.0,"enemies":"Book of Stabbing","floor":25.0,"turns":3.0},{"damage":4.0,"enemies":"Centurion and Healer","floor":28.0,"turns":3.0},{"damage":6.0,"enemies":"Snecko","floor":29.0,"turns":2.0},{"damage":6.0,"enemies":"Cultist and Chosen","floor":30.0,"turns":3.0},{"damage":22.0,"enemies":"Champ","floor":33.0,"turns":8.0},{"damage":6.0,"enemies":"Orb Walker","floor":35.0,"turns":1.0},{"damage":6.0,"enemies":"3 Darklings","floor":37.0,"turns":3.0},{"damage":6.0,"enemies":"Mind Bloom Boss Battle","floor":38.0,"turns":3.0},{"damage":6.0,"enemies":"Giant Head","floor":40.0,"turns":4.0},{"damage":13.0,"enemies":"Jaw Worm Horde","floor":42.0,"turns":3.0},{"damage":6.0,"enemies":"Nemesis","floor":45.0,"turns":3.0},{"damage":6.0,"enemies":"Spire Growth","floor":48.0,"turns":3.0},{"damage":6.0,"enemies":"Time Eater","floor":50.0,"turns":4.0},{"damage":6.0,"enemies":"Shield and Spear","floor":54.0,"turns":3.0},{"damage":7,"enemies":"The Heart","floor":55,"turns":9}],"seed_played":"1657186438844095045","potions_obtained":[{"floor":4.0,"key":"EntropicBrew"},{"floor":6.0,"key":"EssenceOfSteel"},{"floor":8.0,"key":"ColorlessPotion"},{"floor":16.0,"key":"FairyPotion"},{"floor":25.0,"key":"Block Potion"},{"floor":27.0,"key":"AttackPotion"},{"floor":27.0,"key":"ColorlessPotion"},{"floor":33.0,"key":"FearPotion"},{"floor":35.0,"key":"ElixirPotion"},{"floor":37.0,"key":"PowerPotion"},{"floor":38.0,"key":"Swift Potion"},{"floor":40.0,"key":"SkillPotion"},{"floor":45.0,"key":"Block Potion"},{"floor":48.0,"key":"AttackPotion"},{"floor":54.0,"key":"FairyPotion"}],"is_trial":false,"path_per_floor":["M","M","$","M","?","E","R","M","T","?","M","M","M","E","R","B",null,"M","M","T","?","$","E","M","E","T","?","M","M","M","T","R","B",null,"M","$","M","?","?","E","R","M","T","T","E","$","R","M","R","B",null,"R","$","E","B",null],"character_chosen":"IRONCLAD","items_purchased":["Shrug It Off","Offering","Impervious","Ancient Tea Set","Entrench"],"campfire_rested":4,"item_purchase_floors":[3,22,36,46,53],"current_hp_per_floor":[72,71,71,72,77,57,57,52,52,52,58,64,69,49,49,18,77,76,59,59,45,45,28,23,23,23,23,25,25,25,25,49,33,82,82,82,82,82,82,82,82,75,75,89,89,89,96,96,96,96,96,96,96,96,95],"gold":39,"neow_bonus":"REMOVE_TWO","is_daily":false,"chose_seed":false,"campfire_upgraded":2,"win_rate":0.0,"timestamp":1613485861,"path_taken":["M","M","$","M","?","E","R","M","T","?","M","M","?","E","R","BOSS","M","?","?","?","$","E","M","E","T","?","M","M","?","?","R","BOSS","M","$","M","?","?","E","R","?","T","?","E","?","R","M","R","BOSS","R","$","E","BOSS"],"items_purchased_type":["Card","Card","Card","Relic","Card"],"build_version":"2020-12-22","purchased_purges":3,"victory":true,"max_hp_per_floor":[72,72,72,72,77,77,77,77,77,77,77,77,77,77,77,77,77,77,77,77,82,82,82,82,82,82,82,82,82,82,82,82,82,82,82,82,82,82,82,82,82,82,82,96,96,96,96,96,96,96,96,96,96,96,96],"card_choices":[{"not_picked":["Shockwave","Clothesline"],"picked":"Armaments","floor":1.0},{"not_picked":["Armaments","Sentinel"],"picked":"Battle Trance","floor":2.0},{"not_picked":["Armaments","Pommel Strike"],"picked":"Body Slam","floor":4.0},{"not_picked":["Combust","Inflame","Feel No Pain"],"picked":"SKIP","floor":6.0},{"not_picked":["Clothesline","Dark Embrace","Power Through"],"picked":"SKIP","floor":8.0},{"not_picked":["Heavy Blade","Headbutt","Metallicize"],"picked":"SKIP","floor":11.0},{"not_picked":["Body Slam","Bludgeon"],"picked":"Seeing Red","floor":12.0},{"not_picked":["Warcry","Metallicize","Thunderclap"],"picked":"SKIP","floor":13.0},{"not_picked":["True Grit","Juggernaut","Inflame"],"picked":"SKIP","floor":14.0},{"not_picked":["Reaper","Exhume"],"picked":"Berserk","floor":16.0},{"not_picked":["Warcry","Reckless Charge","Havoc"],"picked":"SKIP","floor":18.0},{"not_picked":["Infernal Blade","Metallicize","Sword Boomerang"],"picked":"SKIP","floor":19.0},{"not_picked":["Intimidate","Warcry","Sword Boomerang"],"picked":"SKIP","floor":23.0},{"not_picked":["Rampage+1","Sentinel"],"picked":"Flame Barrier+1","floor":24.0},{"not_picked":["Feel No Pain","Heavy Blade+1"],"picked":"True Grit+1","floor":25.0},{"not_picked":["Reaper","True Grit","Blood for Blood+1"],"picked":"SKIP","floor":28.0},{"not_picked":["Reaper","True Grit","Blood for Blood+1"],"picked":"SKIP","floor":28.0},{"not_picked":["Fire Breathing","Iron Wave+1","Pommel Strike"],"picked":"SKIP","floor":29.0},{"not_picked":["Searing Blow","Iron Wave","Infernal Blade"],"picked":"SKIP","floor":30.0},{"not_picked":["Juggernaut","Exhume"],"picked":"Barricade","floor":33.0},{"not_picked":["Clash+1","Anger+1"],"picked":"Ghostly Armor","floor":35.0},{"not_picked":["True Grit","Flex","Infernal Blade"],"picked":"SKIP","floor":37.0},{"not_picked":["Second Wind+1","Sentinel"],"picked":"Body Slam","floor":40.0},{"not_picked":["Rage+1","Dark Embrace+1","Second Wind"],"picked":"SKIP","floor":42.0},{"not_picked":["Headbutt+1","Warcry+1","Reaper"],"picked":"SKIP","floor":45.0},{"not_picked":["Wild Strike","Twin Strike+1","Spot Weakness"],"picked":"SKIP","floor":48.0},{"not_picked":["Carnage","Body Slam","Heavy Blade+1"],"picked":"SKIP","floor":54.0}],"player_experience":103866,"relics_obtained":[{"floor":6.0,"key":"Lantern"},{"floor":9.0,"key":"Tiny Chest"},{"floor":14.0,"key":"InkBottle"},{"floor":20.0,"key":"Gremlin Horn"},{"floor":23.0,"key":"CaptainsWheel"},{"floor":25.0,"key":"War Paint"},{"floor":26.0,"key":"Letter Opener"},{"floor":31.0,"key":"White Beast Statue"},{"floor":38.0,"key":"Torii"},{"floor":40.0,"key":"Oddly Smooth Stone"},{"floor":44.0,"key":"Mango"},{"floor":45.0,"key":"Meat on the Bone"},{"floor":54.0,"key":"Art of War"}],"event_choices":[{"damage_healed":0.0,"max_hp_gain":5.0,"max_hp_loss":0.0,"gold_gain":0.0,"event_name":"Big Fish","player_choice":"Donut","floor":5.0,"gold_loss":0.0,"damage_taken":0.0},{"damage_healed":0.0,"max_hp_gain":0.0,"max_hp_loss":0.0,"gold_gain":100.0,"event_name":"Golden Shrine","player_choice":"Pray","floor":10.0,"gold_loss":0.0,"damage_taken":0.0},{"damage_healed":0.0,"max_hp_gain":5.0,"max_hp_loss":0.0,"gold_gain":0.0,"event_name":"Forgotten Altar","player_choice":"Shed Blood","floor":21.0,"gold_loss":0.0,"damage_taken":19.0},{"damage_healed":0.0,"max_hp_gain":0.0,"max_hp_loss":0.0,"gold_gain":0.0,"event_name":"Lab","player_choice":"Got Potions","floor":27.0,"gold_loss":0.0,"damage_taken":0.0},{"damage_healed":0.0,"max_hp_gain":0.0,"max_hp_loss":0.0,"gold_gain":0.0,"event_name":"MindBloom","player_choice":"Fight","floor":38.0,"gold_loss":0.0,"damage_taken":0.0},{"damage_healed":0.0,"max_hp_gain":0.0,"max_hp_loss":0.0,"gold_gain":0.0,"event_name":"Match and Keep!","player_choice":"0 cards matched","floor":39.0,"gold_loss":0.0,"damage_taken":0.0,"cards_obtained":[]},{"damage_healed":0.0,"max_hp_gain":0.0,"max_hp_loss":0.0,"gold_gain":0.0,"event_name":"Match and Keep!","player_choice":"0 cards matched","floor":39.0,"gold_loss":0.0,"damage_taken":0.0,"cards_obtained":[]}],"is_beta":false,"boss_relics":[{"not_picked":["Black Star","Pandora\u0027s Box"],"picked":"Fusion Hammer"},{"not_picked":["Runic Dome","Mark of Pain"],"picked":"Astrolabe"}],"items_purged_floors":[3,22,36],"is_endless":false,"potions_floor_spawned":[4,6,8,16,25,28,33,35,37,38,40,42,45,48,54],"ascension_level":4}}