{"host":"8a72fthmlk1o8pdb","time":1613519113,"event":{"mods":["AchievementEnabler","Aspiration","Astrologer","Bard","BaseMod","Beaked The Cultist","Better Sensory Stone","Better Skull","Better Third Choice","ChefMod","Colored Map","Colored Powertips","Dark Map","Downfall","Friendly Minions","GifTheSpireLib","Googly Eyes","Gremlin Mod","Hermit","Hubris","JesterMod","Jorbs\u0027s Wanderer Trilogy","Marisa????????","Minty Spire (QoL Compilation)","Permanent Neow","Random Character Button","Rare Cards Sparkle","Relic Stats","Reliquary","Robot Space Explorer","Shade Mod","Shop Mod","Somnambulant","StSLib","The Animator","The Blue Laboratory","The Construct","The Cursed","The Disciple","The Hayseed","The Hierophant","The Jungle","The Marked","The Mystic","The Necromancer","The Poker Player","The Problem Sleuth","The Runesmith","thorton"],"gold_per_floor":[118,130,141,316,332,367,367,386,386,90,118,143,143,163,163,268,268,279,299,299,143,161,187,187,221,247,265,281,306,306,322,322,425,425,436,436,52,70,80,109,109,144,144,163,179,206,256,268,268,268,268,268,112,137,137],"floor_reached":56,"language":"ENG","playtime":4022,"items_purged":["Doubt","hermit:Defend_Hermit","hermit:Defend_Hermit"],"score":1387,"play_id":"94297519-ebd1-44c1-862f-cc25a061935c","local_time":"20210216154513","is_ascension_mode":true,"campfire_choices":[{"floor":7,"key":"REST"},{"floor":15,"key":"REST"},{"floor":24,"key":"REST"},{"floor":32,"key":"REST"},{"floor":41,"key":"RECALL"},{"floor":49,"key":"REST"},{"floor":52,"key":"REST"}],"circlet_count":0,"master_deck":["hermit:Strike_Hermit","hermit:Strike_Hermit","hermit:Strike_Hermit","hermit:Strike_Hermit","hermit:Defend_Hermit","hermit:Snapshot","hermit:Covet+1","hermit:GoldenBullet","hermit:CursedWeapon","hermit:CursedWeapon","hermit:HighNoon+1","hermit:OverwhelmingPower","hermit:FullyLoaded","hermit:Adapt","hermit:Showdown","hermit:HighCaliber","hermit:FlashPowder","hermit:Gestalt","hermit:FromBeyond","hubris:DuctTapeCard","hermit:Maintenance+1","hermit:HighCaliber","hermit:FullyLoaded+1"],"relics":["Fusion Hammer","hubris:Metronome","reliquary:FingerTrap","Regal Pillow","PreservedInsect","reliquary:RosewoodLute","Centennial Puzzle","reliquary:ThirdArm","hubris:MedicalManual","reliquary:TridentHead","aspiration:Lifesprig","hubris:DuctTape","MerchantsRug","Oddly Smooth Stone","Anchor","Pen Nib","CaptainsWheel","aspiration:ChemicalBlood","reliquary:Aerogel"],"acts_visited":["Exordium","TheCity","TheBeyond","TheEnding"],"potions_floor_usage":[11,18,19,22,29,29,33,39,42,46,47,47,50,55,55,55,55,55,55],"damage_taken":[{"damage":7,"enemies":"Jaw Worm","floor":1,"turns":3},{"damage":0,"enemies":"Cultist","floor":2,"turns":3},{"damage":0,"enemies":"2 Louse","floor":3,"turns":1},{"damage":4,"enemies":"Red Slaver","floor":5,"turns":4},{"damage":39,"enemies":"Lagavulin","floor":6,"turns":6},{"damage":3,"enemies":"Exordium Wildlife","floor":8,"turns":3},{"damage":9,"enemies":"3 Sentries","floor":11,"turns":4},{"damage":13,"enemies":"Blue Slaver","floor":14,"turns":2},{"damage":9,"enemies":"The Guardian","floor":16,"turns":4},{"damage":6,"enemies":"3 Byrds","floor":18,"turns":3},{"damage":14,"enemies":"Shell Parasite","floor":19,"turns":4},{"damage":13,"enemies":"Shelled Parasite and Fungi","floor":22,"turns":2},{"damage":22,"enemies":"Gremlin Leader","floor":23,"turns":4},{"damage":19,"enemies":"Slavers","floor":25,"turns":3},{"damage":4,"enemies":"Centurion and Healer","floor":27,"turns":2},{"damage":10,"enemies":"Sentry and Sphere","floor":28,"turns":4},{"damage":5,"enemies":"Book of Stabbing","floor":29,"turns":2},{"damage":12,"enemies":"Snecko","floor":31,"turns":3},{"damage":4,"enemies":"Automaton","floor":33,"turns":4},{"damage":9,"enemies":"3 Darklings","floor":35,"turns":2},{"damage":0,"enemies":"Orb Walker","floor":38,"turns":1},{"damage":8,"enemies":"Jaw Worm Horde","floor":39,"turns":3},{"damage":2,"enemies":"Giant Head","floor":40,"turns":4},{"damage":7,"enemies":"Reptomancer","floor":42,"turns":3},{"damage":0,"enemies":"3 Darklings","floor":44,"turns":1},{"damage":0,"enemies":"Writhing Mass","floor":45,"turns":1},{"damage":1,"enemies":"Nemesis","floor":46,"turns":3},{"damage":0,"enemies":"Mind Bloom Boss Battle","floor":47,"turns":2},{"damage":31,"enemies":"4 Shapes","floor":48,"turns":3},{"damage":32,"enemies":"Time Eater","floor":50,"turns":6},{"damage":1,"enemies":"Shield and Spear","floor":54,"turns":2},{"damage":144,"enemies":"The Heart","floor":55,"turns":7}],"seed_played":"-3614606824656960860","potions_obtained":[{"floor":8,"key":"Slimebound:ThreeZeroPotion"},{"floor":11,"key":"blueLaboratory:BottleOfVodka"},{"floor":14,"key":"Explosive Potion"},{"floor":16,"key":"blueLaboratory:RecallPotion"},{"floor":25,"key":"CultistPotion"},{"floor":28,"key":"blueLaboratory:BottledHope"},{"floor":31,"key":"hexamod:SoulburnPotion"},{"floor":33,"key":"Weak Potion"},{"floor":35,"key":"Guardian:BlockOnCardUsePotion"},{"floor":40,"key":"hexamod:SoulburnPotion"},{"floor":44,"key":"Fire Potion"},{"floor":55,"key":"blueLaboratory:ArtificerPotion"},{"floor":55,"key":"Guardian:BlockOnCardUsePotion"},{"floor":55,"key":"Dexterity Potion"}],"is_trial":false,"path_per_floor":["M","M","M","?","M","E","R","M","T","$","E","T","?","M","R","B",null,"M","M","?","$","M","E","R","E","T","M","M","E","?","M","R","B",null,"M","?","$","M","M","E","R","E","T","M","M","E","?","M","R","B",null,"R","$","E","B",null],"character_chosen":"HERMIT","items_purchased":["reliquary:FingerTrap","hermit:HighNoon","aspiration:Nostalgia","MerchantsRug","Oddly Smooth Stone","MealTicket","EntropicBrew","blueLaboratory:ForbiddenFruitJuice"],"campfire_rested":6,"item_purchase_floors":[10,10,21,37,37,37,37,53],"current_hp_per_floor":[68,68,68,68,64,25,47,44,44,44,35,35,35,22,59,50,75,69,55,55,55,42,20,57,38,38,34,24,19,19,7,44,40,75,66,66,66,66,58,56,56,49,49,49,49,48,62,31,72,40,89,89,89,88,21],"gold":137,"neow_bonus":"BOSS_RELIC","is_daily":false,"chose_seed":false,"campfire_upgraded":0,"win_rate":0.0,"timestamp":1613519113,"path_taken":["M","M","M","?","M","E","R","M","T","$","E","?","?","M","R","BOSS","M","M","?","$","M","E","R","E","T","M","M","E","?","?","R","BOSS","M","?","$","?","M","E","R","E","T","M","M","E","?","M","R","BOSS","R","$","E","BOSS"],"items_purchased_type":["Relic","Card","Relic","Relic","Relic","Relic","Potion","Potion"],"build_version":"2020-12-22","purchased_purges":3,"victory":true,"max_hp_per_floor":[75,75,75,75,75,75,75,75,75,75,75,75,75,75,75,75,75,75,75,75,75,75,75,75,75,75,75,75,75,75,75,75,75,75,75,75,75,75,75,75,75,75,75,75,75,75,89,89,89,89,89,89,89,89,69],"relic_stats":{"Regal Pillow":60,"Centennial Puzzle":[63],"counters":[32,99],"PreservedInsect":424,"Pen Nib":[8],"obtain_stats":[{"hubris:Metronome":9,"Regal Pillow":11,"aspiration:Lifesprig":29,"reliquary:Aerogel":54,"Mango":47,"reliquary:ThirdArm":17,"TheSimpletonMod:TheHarvester":21,"reliquary:TridentHead":25,"Centennial Puzzle":13,"hubris:Backtick":34,"reliquary:Buckler":6,"MealTicket":37,"Fusion Hammer":0,"reliquary:FingerTrap":10,"aspiration:ChemicalBlood":46,"MerchantsRug":37,"hubris:DuctTape":34,"aspiration:Nostalgia":21,"Oddly Smooth Stone":37,"PreservedInsect":12,"hubris:MedicalManual":23,"Pen Nib":42,"reliquary:RosewoodLute":13,"Anchor":40,"CaptainsWheel":43,"hermit:Momento":0},{"hubris:Metronome":6,"Regal Pillow":7,"aspiration:Lifesprig":17,"reliquary:Aerogel":31,"Mango":28,"reliquary:ThirdArm":9,"TheSimpletonMod:TheHarvester":11,"reliquary:TridentHead":14,"Centennial Puzzle":7,"hubris:Backtick":19,"reliquary:Buckler":5,"MealTicket":20,"Fusion Hammer":0,"reliquary:FingerTrap":6,"aspiration:ChemicalBlood":27,"MerchantsRug":20,"hubris:DuctTape":19,"aspiration:Nostalgia":11,"Oddly Smooth Stone":20,"PreservedInsect":7,"hubris:MedicalManual":13,"Pen Nib":24,"reliquary:RosewoodLute":7,"Anchor":23,"CaptainsWheel":24,"hermit:Momento":0},{"hubris:Metronome":20,"Regal Pillow":24,"aspiration:Lifesprig":54,"reliquary:Aerogel":92,"Mango":81,"reliquary:ThirdArm":30,"TheSimpletonMod:TheHarvester":37,"reliquary:TridentHead":46,"Centennial Puzzle":24,"hubris:Backtick":61,"reliquary:Buckler":17,"MealTicket":63,"Fusion Hammer":0,"reliquary:FingerTrap":20,"aspiration:ChemicalBlood":79,"MerchantsRug":63,"hubris:DuctTape":61,"aspiration:Nostalgia":37,"Oddly Smooth Stone":63,"PreservedInsect":24,"hubris:MedicalManual":43,"Pen Nib":74,"reliquary:RosewoodLute":24,"Anchor":71,"CaptainsWheel":74,"hermit:Momento":0}]},"card_choices":[{"not_picked":["hermit:Manifest","hermit:LowProfile","hermit:Misfire"],"picked":"SKIP","floor":1},{"not_picked":["hermit:ShadowCloak","hermit:Roulette"],"picked":"hermit:Showdown","floor":2},{"not_picked":["hermit:Feint","hermit:Virtue","hermit:Coalescence"],"picked":"SKIP","floor":3},{"not_picked":["hermit:ItchyTrigger","hermit:BodyArmor"],"picked":"hermit:GoldenBullet","floor":5},{"not_picked":["hermit:GoldenBullet","hermit:HoleUp"],"picked":"hermit:CursedWeapon","floor":6},{"not_picked":["hermit:CalledShot","hermit:TakeAim"],"picked":"hermit:CursedWeapon","floor":8},{"not_picked":["hermit:HighCaliber","hermit:WideOpen"],"picked":"hermit:OverwhelmingPower","floor":11},{"not_picked":["hermit:ItchyTrigger","hermit:CursedWeapon"],"picked":"hermit:FullyLoaded","floor":14},{"not_picked":["hermit:RoundhouseKick","hermit:Gambit"],"picked":"hermit:Adapt","floor":16},{"not_picked":["hermit:LoneWolf","hermit:GhostlyPresence+1","hermit:Enervate"],"picked":"SKIP","floor":18},{"not_picked":["hermit:Manifest+1","hermit:CalledShot","hermit:Ricochet"],"picked":"SKIP","floor":19},{"not_picked":["hermit:Coalescence","hermit:Dive"],"picked":"hermit:Showdown","floor":22},{"not_picked":["hermit:Glare","hermit:GoldenBullet"],"picked":"hermit:Maintenance+1","floor":23},{"not_picked":["hermit:FullyLoaded","hermit:LoneWolf"],"picked":"hermit:HighCaliber","floor":25},{"not_picked":["hermit:Desperado+1","hermit:LowProfile"],"picked":"hermit:FlashPowder","floor":27},{"not_picked":["hermit:Ricochet","hermit:EternalForm","hermit:Vantage"],"picked":"SKIP","floor":28},{"not_picked":["hermit:SprayPray","hermit:Brawl"],"picked":"hermit:Gestalt","floor":29},{"not_picked":["hermit:ShadowCloak","hermit:Quickdraw","hermit:SprayPray"],"picked":"SKIP","floor":31},{"not_picked":["hermit:Gambit","hermit:RoundhouseKick"],"picked":"hermit:FromBeyond","floor":33},{"not_picked":["hermit:CursedWeapon","hermit:Quickdraw+1","hermit:Midnight"],"picked":"SKIP","floor":35},{"not_picked":["hermit:Desperado","hermit:Dive","hermit:Misfire"],"picked":"SKIP","floor":38},{"not_picked":["hermit:Snipe+1","hermit:SprayPray+1"],"picked":"hermit:Maintenance+1","floor":39},{"not_picked":["hermit:LowProfile","hermit:Reprieve"],"picked":"hermit:HighCaliber","floor":40},{"not_picked":["hermit:Snipe","hermit:LowProfile+1","hermit:TrackingShot+1"],"picked":"SKIP","floor":42},{"not_picked":["hermit:Glare","hermit:Feint","hermit:LoneWolf"],"picked":"SKIP","floor":44},{"not_picked":["hermit:Headshot","hermit:EyeOfTheStorm","hermit:Misfire"],"picked":"SKIP","floor":45},{"not_picked":["hermit:Virtue","hermit:PistolWhip"],"picked":"hermit:FullyLoaded+1","floor":46},{"not_picked":["hermit:Combo","hermit:Brawl+1","hermit:Coalescence"],"picked":"SKIP","floor":48},{"not_picked":["hermit:Brawl","hermit:LowProfile+1","hermit:CalledShot+1"],"picked":"SKIP","floor":54}],"player_experience":219192,"relics_obtained":[{"floor":6,"key":"reliquary:Buckler"},{"floor":9,"key":"hubris:Metronome"},{"floor":11,"key":"Regal Pillow"},{"floor":12,"key":"PreservedInsect"},{"floor":23,"key":"hubris:MedicalManual"},{"floor":25,"key":"reliquary:TridentHead"},{"floor":29,"key":"aspiration:Lifesprig"},{"floor":40,"key":"Anchor"},{"floor":42,"key":"Pen Nib"},{"floor":43,"key":"CaptainsWheel"},{"floor":46,"key":"aspiration:ChemicalBlood"},{"floor":47,"key":"Mango"},{"floor":54,"key":"reliquary:Aerogel"}],"event_choices":[{"damage_healed":0,"gold_gain":175,"player_choice":"AGREE","damage_taken":141,"max_hp_gain":0,"max_hp_loss":0,"event_name":"betterThird:BetterSerpent","floor":4,"gold_loss":0},{"damage_healed":0,"gold_gain":1,"player_choice":"Relic Relic ","damage_taken":17,"max_hp_gain":0,"max_hp_loss":0,"event_name":"betterThird:BetterScrap","floor":13,"gold_loss":0,"cards_obtained":["aspiration:Lunge"]},{"damage_healed":0,"gold_gain":0,"player_choice":"Forge","damage_taken":0,"max_hp_gain":0,"max_hp_loss":0,"event_name":"Accursed Blacksmith","floor":30,"gold_loss":0,"cards_upgraded":["hermit:HighNoon"]},{"cards_removed":["hermit:Defend_Hermit"],"damage_healed":0,"gold_gain":0,"player_choice":"Purged","damage_taken":0,"max_hp_gain":0,"max_hp_loss":0,"event_name":"Purifier","floor":36,"gold_loss":0},{"damage_healed":0,"gold_gain":0,"player_choice":"Fight","damage_taken":0,"max_hp_gain":0,"max_hp_loss":0,"event_name":"MindBloom","floor":47,"gold_loss":0}],"is_beta":false,"boss_relics":[{"not_picked":["reliquary:WritOfMandamus","aspiration:WatcherSkillbook"],"picked":"reliquary:ThirdArm"},{"not_picked":["hubris:GrandSneckoEye","Tiny House"],"picked":"hubris:Backtick"}],"items_purged_floors":[10,37,53],"is_endless":false,"potions_floor_spawned":[8,11,14,16,25,28,31,33,35,40,44,47,48,54],"ascension_level":2}}