{"host":"u9h06qdlnp3wgzsw","time":1613493115,"event":{"mods":["Act Like it!","BaseMod","Conspire","Curses Come First","Downfall","Hallownest","Hermit","Hubris","Minty Spire (QoL Compilation)","Quick Restart","Rare Cards Sparkle","Replay The Spire","Shop Mod","StSLib","The Disciple","The Hierophant","The Servant 0.9.4"],"gold_per_floor":[115,115,115,139,64,105,105,130,153,153,153,153],"floor_reached":11,"language":"ENG","playtime":516,"items_purged":["Injury","hubris:Wrath"],"score":92,"play_id":"e207dcdf-ba51-43ce-b0c3-d574c8e90ef5","local_time":"20210216113155","is_ascension_mode":true,"campfire_choices":[{"data":"Fire Breathing","floor":7,"key":"SMITH"}],"circlet_count":0,"master_deck":["Strike_R","Strike_R","Strike_R","Strike_R","Strike_R","Defend_R","Defend_R","Defend_R","Defend_R","Bash","Feed","Fire Breathing+1"],"relics":["Burning Blood","hubris:Towel","Golden Idol","hubris:TenFootPole","hubris:SlimyHat","conspire:TopHat","Tiny Chest","Golden Egg"],"acts_visited":["Exordium"],"potions_floor_usage":[11,11],"damage_taken":[{"damage":4,"enemies":"Jaw Worm","floor":1,"turns":4},{"damage":0,"enemies":"Cultist","floor":4,"turns":4},{"damage":30,"enemies":"3 Sentries","floor":6,"turns":6},{"damage":0,"enemies":"Small Slimes","floor":8,"turns":2},{"damage":42,"enemies":"Gremlin Nob","floor":11,"turns":4}],"seed_played":"-2535432435595115059","potions_obtained":[{"floor":6,"key":"Reflective Coating"},{"floor":8,"key":"Energy Potion"}],"is_trial":false,"path_per_floor":["M","?","?","M","$","E","R","M","T","$","E"],"character_chosen":"IRONCLAD","items_purchased":["conspire:TopHat","Tiny Chest","Golden Egg"],"campfire_rested":0,"item_purchase_floors":[10,10,10],"current_hp_per_floor":[77,77,77,83,83,62,62,71,71,33,0,0],"gold":153,"neow_bonus":"THREE_RARE_CARDS","is_daily":false,"chose_seed":false,"campfire_upgraded":1,"win_rate":0.0,"timestamp":1613493115,"path_taken":["M","?","?","M","$","E","R","M","T","?","E"],"items_purchased_type":["Relic","Relic","Relic"],"build_version":"2020-12-22","purchased_purges":2,"victory":false,"max_hp_per_floor":[83,83,83,83,83,86,86,89,89,89,89,89],"card_choices":[{"not_picked":["Reaper","Double Tap"],"picked":"Feed","floor":0},{"not_picked":["Replay:Undeath\u0027s Touch","Massacre"],"picked":"Fire Breathing","floor":1},{"not_picked":["Whirlwind","ReplayReversal","Flex"],"picked":"SKIP","floor":4},{"not_picked":["Thunderclap","Defy Death","Warcry"],"picked":"SKIP","floor":6},{"not_picked":["Wild Strike","Flame Barrier","Headbutt"],"picked":"SKIP","floor":8}],"player_experience":1054681,"relics_obtained":[{"floor":6,"key":"hubris:TenFootPole"},{"floor":9,"key":"hubris:SlimyHat"}],"event_choices":[{"damage_healed":0,"gold_gain":0,"player_choice":"Take Wound","damage_taken":0,"relics_obtained":["Golden Idol"],"max_hp_gain":0,"max_hp_loss":0,"event_name":"Golden Idol","floor":3,"gold_loss":0,"cards_obtained":["Injury"]}],"is_beta":false,"boss_relics":[],"items_purged_floors":[5,10],"is_endless":false,"potions_floor_spawned":[6,8],"killed_by":"Gremlin Nob","ascension_level":6}}