{"host":"qz0goigh82dax5l2","time":1613475454,"event":{"mods":["Act Like it!","Alarm Clock","BaseMod","Hallownest","Minty Spire (QoL Compilation)","Quick Restart","StSLib","The Runesmith"],"gold_per_floor":[118,118,293,306,324,364,364,364,391,391,391,391],"floor_reached":11,"language":"ZHS","playtime":364,"items_purged":[],"score":71,"play_id":"5e13db5d-7156-459b-b2d4-01a7256b9e25","local_time":"20210216193734","is_ascension_mode":false,"campfire_choices":[{"floor":7,"key":"REST"},{"data":"1","floor":10,"key":"LIFT"}],"circlet_count":0,"master_deck":["Runesmith:Strike_RS","Runesmith:Strike_RS","Runesmith:Strike_RS","Runesmith:Strike_RS","Runesmith:Defend_RS","Runesmith:Defend_RS","Runesmith:Defend_RS","Runesmith:Defend_RS","Runesmith:CraftFirestone","Runesmith:Fortify","Runesmith:ChiselStab","Injury","Doubt","Runesmith:ChaoticBlast","Runesmith:BackupBattery","Runesmith:UnlimitedPower"],"relics":["Runesmith:BrokenRuby","Girya","Golden Idol","Boot","MealTicket"],"acts_visited":["Exordium"],"potions_floor_usage":[6,6,11,11],"damage_taken":[{"damage":1,"enemies":"Jaw Worm","floor":1,"turns":4},{"damage":10,"enemies":"Small Slimes","floor":4,"turns":3},{"damage":3,"enemies":"2 Louse","floor":5,"turns":3},{"damage":15,"enemies":"3 Sentries","floor":6,"turns":7},{"damage":50,"enemies":"Gremlin Nob","floor":11,"turns":4}],"seed_played":"-5854034810412250998","potions_obtained":[{"floor":4,"key":"PowerPotion"},{"floor":5,"key":"EntropicBrew"}],"is_trial":false,"path_per_floor":["M","?","?","M","M","E","R","?","T","R","E"],"character_chosen":"RUNESMITH_CLASS","items_purchased":[],"campfire_rested":1,"item_purchase_floors":[],"current_hp_per_floor":[48,48,48,38,35,20,41,41,41,41,0,0],"gold":391,"neow_bonus":"ONE_RARE_RELIC","is_daily":false,"chose_seed":false,"campfire_upgraded":0,"win_rate":0.0,"timestamp":1613475454,"path_taken":["M","?","?","M","M","E","R","?","T","R","E"],"items_purchased_type":[],"build_version":"2020-12-22","purchased_purges":0,"victory":false,"max_hp_per_floor":[70,70,70,70,70,70,70,70,70,70,70,70],"card_choices":[{"not_picked":["Runesmith:Overpower","Runesmith:Accelerate"],"picked":"Runesmith:ChiselStab","floor":1},{"not_picked":["Runesmith:ChiselStab","Runesmith:Retool"],"picked":"Runesmith:ChaoticBlast","floor":4},{"not_picked":["Runesmith:Prism","Runesmith:EarthShield"],"picked":"Runesmith:BackupBattery","floor":5},{"not_picked":["Runesmith:Repurpose","Runesmith:PoweredAnvil"],"picked":"Runesmith:UnlimitedPower","floor":6}],"player_experience":76270,"relics_obtained":[{"floor":6,"key":"Boot"},{"floor":9,"key":"MealTicket"}],"event_choices":[{"damage_healed":0,"gold_gain":0,"player_choice":"Take Wound","damage_taken":0,"relics_obtained":["Golden Idol"],"max_hp_gain":0,"max_hp_loss":0,"event_name":"Golden Idol","floor":2,"gold_loss":0,"cards_obtained":["Injury"]},{"damage_healed":0,"gold_gain":175,"player_choice":"AGREE","damage_taken":0,"max_hp_gain":0,"max_hp_loss":0,"event_name":"Liars Game","floor":3,"gold_loss":0,"cards_obtained":["Doubt"]},{"damage_healed":0,"gold_gain":0,"player_choice":"Ignored","damage_taken":0,"max_hp_gain":0,"max_hp_loss":0,"event_name":"Shining Light","floor":8,"gold_loss":0}],"is_beta":false,"boss_relics":[],"items_purged_floors":[],"is_endless":false,"potions_floor_spawned":[4,5],"killed_by":"Gremlin Nob","ascension_level":0}}