{"host":"yaxsefyig1et0yi2","time":1613508021,"event":{"mods":["Aspiration","BaseMod","BetterRewards","Colored Powertips","Conspire","Displayed Cursed Tome","Downfall","Halation","Hubris","Infinite Spire","JesterMod","Minty Spire (QoL Compilation)","Quick Restart","RatMod","Replay The Spire","Reworked Bosses","Spikes Relics","StSLib","The Bug Knight","The Jungle"],"gold_per_floor":[118,135,154,173,186,186,214,214,261,261,281,281,32,32,32,137,137,148,163,188,215,231,259,259,27,53,53,83,96,115,115,115,219,219,237,237,247,247,257,257,257,257,284,284,284,284],"floor_reached":45,"language":"ENG","playtime":1793,"items_purged":[],"score":553,"play_id":"953facbe-d00a-44d5-b473-31ff664f4bc9","local_time":"20210216154021","is_ascension_mode":false,"campfire_choices":[{"data":"Eruption","floor":6.0,"key":"SMITH"},{"data":"SashWhip","floor":8.0,"key":"SMITH"},{"data":"Brilliance","floor":10.0,"key":"SMITH"},{"data":"Devotion","floor":15.0,"key":"SMITH"},{"data":"hubris:InfiniteBlow","floor":24,"key":"SMITH"},{"data":"hubris:InfiniteBlow+1","floor":27,"key":"SMITH"},{"data":"ForeignInfluence","floor":32,"key":"SMITH"},{"data":"hubris:InfiniteBlow+2","floor":41,"key":"SMITH"}],"circlet_count":0,"master_deck":["Judgement+1","Strike_P","Strike_P","Strike_P","Strike_P","Defend_P","Defend_P","Defend_P","Defend_P","Eruption+1","Vigilance","Tantrum","FollowUp","Tantrum","SashWhip+1","Brilliance+1","BowlingBash","FearNoEvil","Devotion+1","FollowUp","CrushJoints","Alpha","Terror","PathToVictory+1","Halt","hubris:InfiniteBlow+3","hubris:Counter","Apotheosis","ForeignInfluence+1","TalkToTheHand+1","Sucker Punch","Alpha","WindmillStrike+1","rat:WitheringShackles","Study","infinitespire:Punishment"],"relics":["CosmicIsotope","conspire:Boomerang","Tiny Chest","aspiration:SilentSkillbook","Boot","hubris:BottledRain","Blood Vial","aspiration:HummingbirdHeart","hubris:BottledHeart","SlaversCollar","Chameleon Ring","ReplayTheSpireMod:Ring of Sloth","aspiration:RitualDagger","SpikesRelics:DaevaFist","Juzu Bracelet"],"acts_visited":["Exordium","TheCity","TheBeyond"],"potions_floor_usage":[23,23,23,33],"damage_taken":[{"damage":0.0,"enemies":"2 Louse","floor":1.0,"turns":2.0},{"damage":0.0,"enemies":"Cultist","floor":2.0,"turns":2.0},{"damage":0.0,"enemies":"Jaw Worm","floor":3.0,"turns":1.0},{"damage":0.0,"enemies":"Gremlin Gang","floor":4.0,"turns":4.0},{"damage":0.0,"enemies":"Exordium Wildlife","floor":5.0,"turns":2.0},{"damage":10.0,"enemies":"Lagavulin","floor":7.0,"turns":3.0},{"damage":0.0,"enemies":"2 Fungi Beasts","floor":11.0,"turns":2.0},{"damage":38.0,"enemies":"The Guardian","floor":16.0,"turns":8.0},{"damage":5,"enemies":"3 Byrds","floor":18,"turns":3},{"damage":0,"enemies":"Spheric Guardian","floor":19,"turns":2},{"damage":18,"enemies":"Snake Plant","floor":22,"turns":3},{"damage":58,"enemies":"Nightmare","floor":23,"turns":5},{"damage":61,"enemies":"Book of Stabbing","floor":28,"turns":4},{"damage":6,"enemies":"Centurion and Healer","floor":29,"turns":4},{"damage":8,"enemies":"Shelled Parasite and Fungi","floor":30,"turns":4},{"damage":0,"enemies":"bossMod:newCollector","floor":33,"turns":3},{"damage":0,"enemies":"3 Darklings","floor":35,"turns":3},{"damage":0,"enemies":"3 Shapes","floor":37,"turns":3},{"damage":0,"enemies":"3 Darklings","floor":39,"turns":6},{"damage":21,"enemies":"Writhing Mass","floor":45,"turns":5}],"seed_played":"8674043155004731861","potions_obtained":[{"floor":1.0,"key":"SkillPotion"},{"floor":2.0,"key":"Milkshake"},{"floor":5.0,"key":"SkillPotion"},{"floor":7.0,"key":"Block Potion"},{"floor":16.0,"key":"Adrenaline Potion"},{"floor":18,"key":"DuplicationPotion"},{"floor":20,"key":"Dexterity Potion"},{"floor":23,"key":"Strength Potion"},{"floor":33,"key":"Weak Potion"}],"is_trial":false,"path_per_floor":["M","M","M","M","M","R","E","R","T","R","M","?","$","?","R","B",null,"M","M","?","T","M","NM","R","$","T","R","E","M","M","?","R","B",null,"M","?","M","T","M","?","R","AVR","T","?","M"],"character_chosen":"WATCHER","items_purchased":["Devotion","FollowUp","CrushJoints","hubris:Counter","Apotheosis"],"campfire_rested":0,"item_purchase_floors":[13,13,13,25,25],"current_hp_per_floor":[72,72,72,72,72,72,62,62,62,62,62,62,62,72,72,34,72,67,67,39,39,21,72,72,72,72,72,11,7,64,1,1,1,1,1,1,1,1,1,1,1,1,1,1,0,0],"gold":284,"neow_bonus":"BOSS_RELIC","is_daily":false,"chose_seed":false,"campfire_upgraded":8,"win_rate":0.0,"timestamp":1613508021,"path_taken":["M","M","M","M","M","R","E","R","T","R","M","?","$","?","R","BOSS","M","M","?","?","M","NM","R","$","T","R","E","?","M","?","R","BOSS","M","?","M","?","M","?","R","AVR","T","?","M"],"items_purchased_type":["Card","Card","Card","Card","Card"],"build_version":"2020-12-22","purchased_purges":0,"victory":false,"max_hp_per_floor":[72,72,72,72,72,72,72,72,72,72,72,72,72,72,72,72,72,72,72,72,72,72,72,72,72,72,72,72,72,72,1,1,1,1,1,1,1,1,1,1,1,1,1,1,1,1],"card_choices":[{"not_picked":["Consecrate","EmptyFist"],"picked":"Tantrum","floor":1.0},{"not_picked":["CrushJoints","EmptyMind"],"picked":"FollowUp","floor":2.0},{"not_picked":["ClearTheMind","EmptyBody"],"picked":"Tantrum","floor":3.0},{"not_picked":["FlurryOfBlows","Nirvana"],"picked":"SashWhip","floor":4.0},{"not_picked":["Worship","SignatureMove"],"picked":"Brilliance","floor":5.0},{"not_picked":["CarveReality","CrushJoints"],"picked":"BowlingBash","floor":7.0},{"not_picked":["PathToVictory","BowlingBash"],"picked":"Worship","floor":11.0},{"not_picked":["Blasphemy","Replay:AllIn"],"picked":"Alpha","floor":16.0},{"not_picked":["LikeWater","Replay:ManipulateFuture","Escape Plan"],"picked":"Terror","floor":18},{"not_picked":["Blade Dance","rat:SilverDagger","Prepared","Sanctity+1"],"picked":"SKIP","floor":19},{"not_picked":["EmptyFist","Replay:Battleflow","Crescendo"],"picked":"PathToVictory+1","floor":20},{"not_picked":["Noxious Fumes","Reflex","Replay:Poison Smokescreen"],"picked":"Halt","floor":22},{"not_picked":["infinitespire:Menacing","ReplayTheSpireMod:Echoes of Time"],"picked":"hubris:InfiniteBlow","floor":23},{"not_picked":["Dodge and Roll","ClearTheMind","Heel Hook","Replay:Poison Smokescreen"],"picked":"SKIP","floor":23},{"not_picked":["ReachHeaven","Underhanded Strike","rat:Shadowstep"],"picked":"ForeignInfluence","floor":28},{"not_picked":["Slice","conspire:PoisonWeapons","Backflip"],"picked":"TalkToTheHand+1","floor":29},{"not_picked":["Dagger Throw","Deflect","ReplayTheSpireMod:Shiv Toss"],"picked":"Sucker Punch","floor":30},{"not_picked":["Doppelganger","Replay:LoomingThreat","Envenom"],"picked":"Alpha","floor":33},{"not_picked":["Blade Dance","Flying Knee","Wireheading+1"],"picked":"WindmillStrike+1","floor":35},{"not_picked":["FearNoEvil+1","Protect+1","Cloak And Dagger+1"],"picked":"rat:WitheringShackles","floor":37},{"not_picked":["Bane","ReplayTheSpireMod:Necrosis","EmptyFist+1"],"picked":"Study","floor":39}],"player_experience":289316,"relics_obtained":[{"floor":7.0,"key":"conspire:Boomerang"},{"floor":9.0,"key":"Tiny Chest"},{"floor":21,"key":"Boot"},{"floor":23,"key":"hubris:BottledRain"},{"floor":26,"key":"Blood Vial"},{"floor":28,"key":"aspiration:HummingbirdHeart"},{"floor":38,"key":"Chameleon Ring"},{"floor":40,"key":"ReplayTheSpireMod:Ring of Sloth"},{"floor":43,"key":"Juzu Bracelet"}],"event_choices":[{"cards_removed":["Worship"],"damage_healed":10.0,"max_hp_gain":0.0,"max_hp_loss":0.0,"gold_gain":0.0,"event_name":"Bonfire Elementals","player_choice":"Offered Uncommon","floor":14.0,"gold_loss":0.0,"damage_taken":0.0},{"damage_healed":0,"gold_gain":0,"player_choice":"Ignored","damage_taken":0,"max_hp_gain":0,"max_hp_loss":0,"event_name":"NoteForYourself","floor":36,"gold_loss":0}],"is_beta":false,"boss_relics":[{"not_picked":["Snecko Eye","hubris:CrackedHourglass"],"picked":"aspiration:SilentSkillbook"},{"not_picked":["infinitespire:Cupcake","Abe\u0027s Treasure"],"picked":"SlaversCollar"}],"items_purged_floors":[],"is_endless":true,"potions_floor_spawned":[1,2,5,7,16,18,22,23,33,35],"killed_by":"Writhing Mass","ascension_level":0}}