{"host":"u4tznopnj1dsdkte","time":1613496222,"event":{"mods":["AchievementEnabler","BaseMod","Colored Map","Colored Powertips","DeckTracker","Highlight Path","Minty Spire (QoL Compilation)","Relic Stats"],"gold_per_floor":[11,28,43,43,3,3,20,33,58,58,58,89,139,159,159,159,159],"floor_reached":16,"language":"ENG","playtime":744,"items_purged":[],"score":204,"play_id":"ee56c003-a794-4640-a186-d8f527839748","local_time":"20210216182342","is_ascension_mode":true,"campfire_choices":[{"data":"Backflip","floor":6.0,"key":"SMITH"},{"data":"Prepared","floor":10,"key":"SMITH"},{"floor":15,"key":"REST"}],"circlet_count":0,"master_deck":["AscendersBane","Strike_G","Strike_G","Strike_G","Strike_G","Strike_G","Defend_G","Defend_G","Defend_G","Survivor+1","Neutralize+1","Prepared+1","Dagger Spray","Backflip+1","Acrobatics","Reflex","Glass Knife","Reflex"],"relics":["Ring of the Snake","Toy Ornithopter","Anchor"],"acts_visited":["Exordium"],"potions_floor_usage":[12,14,16],"damage_taken":[{"damage":4.0,"enemies":"2 Louse","floor":1.0,"turns":3.0},{"damage":4.0,"enemies":"Small Slimes","floor":2.0,"turns":4.0},{"damage":3.0,"enemies":"Cultist","floor":3.0,"turns":4.0},{"damage":6.0,"enemies":"Looter","floor":5.0,"turns":4.0},{"damage":11.0,"enemies":"2 Fungi Beasts","floor":7.0,"turns":3.0},{"damage":0,"enemies":"Exordium Wildlife","floor":8,"turns":4},{"damage":6,"enemies":"3 Sentries","floor":12,"turns":7},{"damage":0,"enemies":"Blue Slaver","floor":14,"turns":4},{"damage":59,"enemies":"The Guardian","floor":16,"turns":18}],"seed_played":"6283418480131872803","potions_obtained":[{"floor":2.0,"key":"Fire Potion"},{"floor":3.0,"key":"SteroidPotion"},{"floor":14,"key":"Poison Potion"}],"is_trial":false,"path_per_floor":["M","M","M","?","M","R","M","M","T","R","?","E","?","M","R","B"],"character_chosen":"THE_SILENT","items_purchased":[],"campfire_rested":1,"item_purchase_floors":[],"current_hp_per_floor":[55,51,48,66,60,60,49,49,49,49,29,28,28,33,52,0,0],"gold":159,"neow_bonus":"REMOVE_TWO","is_daily":false,"chose_seed":false,"campfire_upgraded":2,"win_rate":0.0,"timestamp":1613496222,"path_taken":["M","M","M","?","M","R","M","M","T","R","?","E","?","?","R","BOSS"],"items_purchased_type":[],"build_version":"2020-12-22","purchased_purges":0,"victory":false,"max_hp_per_floor":[66,66,66,66,66,66,66,66,66,66,66,66,66,66,66,66,66],"relic_stats":{"counters":[9,51],"obtain_stats":[{"Anchor":12,"Toy Ornithopter":9,"Ring of the Snake":0},{"Anchor":7,"Toy Ornithopter":6,"Ring of the Snake":0},{"Anchor":29,"Toy Ornithopter":22,"Ring of the Snake":0}],"Toy Ornithopter":15,"Ring of the Snake":[18]},"card_choices":[{"not_picked":["Cloak And Dagger","Underhanded Strike"],"picked":"Prepared","floor":1.0},{"not_picked":["Dodge and Roll","PiercingWail"],"picked":"Dagger Spray","floor":2.0},{"not_picked":["Predator","Outmaneuver","Distraction"],"picked":"SKIP","floor":3.0},{"not_picked":["Cloak And Dagger","PiercingWail"],"picked":"Backflip","floor":5.0},{"not_picked":["Cloak And Dagger","Blade Dance"],"picked":"Acrobatics","floor":7},{"not_picked":["Catalyst","Dagger Spray"],"picked":"Reflex","floor":8},{"not_picked":["Bane","Blur"],"picked":"Glass Knife","floor":12},{"not_picked":["Escape Plan","Prepared"],"picked":"Reflex","floor":14}],"player_experience":1250121,"relics_obtained":[{"floor":9,"key":"Toy Ornithopter"},{"floor":12,"key":"Anchor"}],"event_choices":[{"damage_healed":22.0,"max_hp_gain":0.0,"max_hp_loss":0.0,"gold_gain":0.0,"event_name":"Big Fish","player_choice":"Banana","floor":4.0,"gold_loss":0.0,"damage_taken":0.0},{"damage_healed":0,"gold_gain":0,"player_choice":"Entered Light","damage_taken":20,"max_hp_gain":0,"max_hp_loss":0,"event_name":"Shining Light","floor":11,"gold_loss":0,"cards_upgraded":["Survivor","Neutralize"]},{"damage_healed":0,"gold_gain":50,"player_choice":"Pray","damage_taken":0,"max_hp_gain":0,"max_hp_loss":0,"event_name":"Golden Shrine","floor":13,"gold_loss":0}],"is_beta":false,"boss_relics":[],"items_purged_floors":[],"is_endless":false,"potions_floor_spawned":[2,3,14],"killed_by":"The Guardian","ascension_level":20}}