{"host":"lreod2rejfd0az5i","time":1613457036,"event":{"mods":["AchievementEnabler","Aspiration","BaseMod","Colored Powertips","Conspire","Downfall","Highlight Path","Hubris","Infinite Spire","Mad Scientist","Minty Spire (QoL Compilation)","Rare Cards Sparkle","Relic Stats","Replay The Spire","StSLib","The Bug Knight","The Jungle"],"gold_per_floor":[109,109,119,119,119,44,55,55,55,55,55,68,88,119,119,197,197,216,216,232,282,72,72,120,120,120,148,221,121,131,146,146,217,217,228,228,228,228,102,102,119,119,119,147,147,158,158,173,173,273,273,273],"floor_reached":51,"language":"ENG","playtime":2055,"items_purged":["Strike_G","Decay","Pain","Defend_G"],"score":1157,"play_id":"b14fcd3c-4d62-45ac-abe1-003bbc1602d0","local_time":"20210215233036","is_ascension_mode":true,"campfire_choices":[{"floor":8.0,"key":"REST"},{"data":"Accuracy","floor":15.0,"key":"SMITH"},{"data":"Finisher","floor":23,"key":"SMITH"},{"data":"Choke","floor":25,"key":"SMITH"},{"floor":32,"key":"REST"},{"data":"A Thousand Cuts","floor":40,"key":"SMITH"},{"data":"Blade Dance","floor":42,"key":"SMITH"},{"data":"Infinite Blades","floor":49,"key":"SMITH"}],"circlet_count":0,"master_deck":["AscendersBane","Strike_G","Strike_G+1","Strike_G","Defend_G","Defend_G+1","Defend_G","Defend_G","Survivor","Neutralize","Blade Dance+1","Backflip","Accuracy+1","Unload","Finisher+1","Cloak And Dagger+1","Choke+1","Infinite Blades+1","A Thousand Cuts+1","Blade Dance+1","Cloak And Dagger+1"],"relics":["Ring of the Snake","conspire:GlowingRock","infinitespire:ShieldingShard","aspiration:FrozenJewel","hubris:Towel","The Courier","SlaversCollar","Replay:Baseball","infinitespire:PuzzleCube","infinitespire:EmpoweringShard","Basket Of Snakes","Snack Pack","infinitespire:Cupcake","Chemical X","hubris:Icosahedron","Simple Rune","infinitespire:Lucky Rock","Bottled Tornado"],"acts_visited":["Exordium","TheCity","TheBeyond"],"potions_floor_usage":[20,27,27,33,50,50],"damage_taken":[{"damage":8.0,"enemies":"Small Slimes","floor":1.0,"turns":4.0},{"damage":3.0,"enemies":"2 Louse","floor":3.0,"turns":4.0},{"damage":0.0,"enemies":"Cultist","floor":7.0,"turns":3.0},{"damage":3.0,"enemies":"Large Slime","floor":12.0,"turns":7.0},{"damage":0.0,"enemies":"Exordium Wildlife","floor":13.0,"turns":4.0},{"damage":5.0,"enemies":"Lagavulin","floor":14.0,"turns":5.0},{"damage":41.0,"enemies":"Hexaghost","floor":16.0,"turns":15.0},{"damage":2,"enemies":"conspire:FuzzyDice","floor":18,"turns":9},{"damage":8,"enemies":"Spheric Guardian","floor":20,"turns":4},{"damage":5,"enemies":"Gremlin Leader","floor":27,"turns":4},{"damage":0,"enemies":"Snake Plant","floor":30,"turns":1},{"damage":15,"enemies":"Sentry and Sphere","floor":31,"turns":5},{"damage":0,"enemies":"Automaton","floor":33,"turns":6},{"damage":0,"enemies":"Orb Walker","floor":35,"turns":3},{"damage":7,"enemies":"3 Darklings","floor":41,"turns":5},{"damage":0,"enemies":"R_Hoarder","floor":44,"turns":4},{"damage":0,"enemies":"Jaw Worm Horde","floor":46,"turns":2},{"damage":0,"enemies":"Spire Growth","floor":48,"turns":2},{"damage":37,"enemies":"Replay:Hell Engine","floor":50,"turns":7},{"damage":86,"enemies":"conspire:OrnateMirror","floor":51,"turns":3}],"seed_played":"-8093125600791117593","potions_obtained":[{"floor":3.0,"key":"AttackPotion"},{"floor":7.0,"key":"FairyPotion"},{"floor":16.0,"key":"LifebloodPotion"},{"floor":20,"key":"champ:CounterPotion"},{"floor":24,"key":"Guardian:BlockOnCardUsePotion"},{"floor":27,"key":"bronze:BurnAndBuffPotion"},{"floor":31,"key":"EssenceOfSteel"},{"floor":41,"key":"hexamod:SoulburnPotion"},{"floor":46,"key":"Flashbang"}],"is_trial":false,"path_per_floor":["M","?","M","?","?","$","M","R","T","?","$","M","M","E","R","B",null,"M","?","M","?","$","R","?","R","T","E","T","$","M","M","R","B",null,"M","?","AVR","?","$","R","M","R","T","E","?","M","?","M","R","B","B"],"character_chosen":"THE_SILENT","items_purchased":["Replay:Baseball","Simple Rune"],"campfire_rested":2,"item_purchase_floors":[22,39],"current_hp_per_floor":[36,29,26,21,21,21,21,40,40,40,40,37,37,32,32,14,53,51,51,43,43,43,43,43,43,43,38,38,38,42,35,54,66,66,66,66,66,66,66,66,64,64,64,66,66,66,66,66,66,49,0,0],"gold":273,"neow_bonus":"ONE_RARE_RELIC","is_daily":false,"chose_seed":false,"campfire_upgraded":6,"win_rate":0.0,"timestamp":1613457036,"path_taken":["M","?","M","?","?","$","?","R","T","?","?","M","?","E","R","BOSS","M","?","M","?","$","R","?","R","T","E","?","?","?","M","R","BOSS","M","?","AVR","?","$","R","M","R","T","E","?","M","?","M","R","BOSS","BOSS"],"items_purchased_type":["Relic","Relic"],"build_version":"2020-12-22","purchased_purges":4,"victory":false,"max_hp_per_floor":[66,66,66,66,66,66,66,66,66,66,66,66,66,66,66,66,66,66,66,66,66,66,66,66,66,66,66,66,66,66,66,66,66,66,66,66,66,66,66,66,66,66,66,66,66,66,66,66,66,66,66,66],"relic_stats":{"counters":[20,97],"Chemical X":[2],"obtain_stats":[{"Basket Of Snakes":27,"The Courier":14,"infinitespire:Lucky Rock":43,"hubris:Towel":10,"Bottled Tornado":44,"aspiration:FrozenJewel":9,"SlaversCollar":17,"conspire:GlowingRock":0,"Replay:Baseball":22,"infinitespire:ShieldingShard":4,"hubris:Icosahedron":38,"Simple Rune":39,"infinitespire:EmpoweringShard":26,"Snack Pack":28,"Chemical X":37,"infinitespire:PuzzleCube":24,"Ring of the Snake":0,"infinitespire:Cupcake":34},{"Basket Of Snakes":10,"The Courier":6,"infinitespire:Lucky Rock":15,"hubris:Towel":3,"Bottled Tornado":16,"aspiration:FrozenJewel":3,"SlaversCollar":7,"conspire:GlowingRock":0,"Replay:Baseball":9,"infinitespire:ShieldingShard":2,"hubris:Icosahedron":14,"Simple Rune":14,"infinitespire:EmpoweringShard":9,"Snack Pack":10,"Chemical X":14,"infinitespire:PuzzleCube":9,"Ring of the Snake":0,"infinitespire:Cupcake":13},{"Basket Of Snakes":59,"The Courier":27,"infinitespire:Lucky Rock":79,"hubris:Towel":11,"Bottled Tornado":83,"aspiration:FrozenJewel":11,"SlaversCollar":42,"conspire:GlowingRock":0,"Replay:Baseball":55,"infinitespire:ShieldingShard":8,"hubris:Icosahedron":74,"Simple Rune":74,"infinitespire:EmpoweringShard":55,"Snack Pack":59,"Chemical X":74,"infinitespire:PuzzleCube":55,"Ring of the Snake":0,"infinitespire:Cupcake":71}],"Ring of the Snake":[40]},"card_choices":[{"not_picked":["hubris:Counter","Prepared","Sucker Punch"],"picked":"SKIP","floor":1.0},{"not_picked":["PiercingWail","Draining Mist"],"picked":"Blade Dance","floor":3.0},{"not_picked":["Bane","Underhanded Strike"],"picked":"Backflip","floor":7.0},{"not_picked":["Acrobatics","Phantasmal Killer","Dodge and Roll"],"picked":"SKIP","floor":12.0},{"not_picked":["Deflect","Dagger Spray"],"picked":"Accuracy","floor":13.0},{"not_picked":["Slice","Dagger Throw","Acrobatics"],"picked":"SKIP","floor":14.0},{"not_picked":["ReplayTheSpireMod:From All Sides","Burst"],"picked":"Unload","floor":16.0},{"not_picked":["Deadly Poison","Backflip","Tactician"],"picked":"SKIP","floor":18},{"not_picked":["Sucker Punch","Tactician"],"picked":"Finisher","floor":20},{"not_picked":["Dodge and Roll","ReplayTheSpireMod:The Works"],"picked":"Cloak And Dagger+1","floor":24},{"not_picked":["PiercingWail","hubris:SlightOfHand"],"picked":"Choke","floor":24},{"not_picked":["Cloak And Dagger","Dodge and Roll","Backflip+1"],"picked":"SKIP","floor":27},{"not_picked":["Backflip","Cloak And Dagger"],"picked":"Infinite Blades","floor":30},{"not_picked":["Acrobatics","ReplayTheSpireMod:Exploit Weakness","Deadly Poison"],"picked":"SKIP","floor":31},{"not_picked":["Die Die Die","ReplayTheSpireMod:From All Sides"],"picked":"A Thousand Cuts","floor":33},{"not_picked":["Flying Knee","hubris:TrickCloak+1","Blur+1"],"picked":"SKIP","floor":35},{"not_picked":["hubris:SlightOfHand","Dagger Throw+1"],"picked":"Blade Dance","floor":41},{"not_picked":["Bane","Expertise","Backflip"],"picked":"SKIP","floor":44},{"not_picked":["Dagger Throw","Hidden Blade","Dagger Spray"],"picked":"SKIP","floor":46},{"not_picked":["Quick Slash","Dagger Throw+1"],"picked":"Cloak And Dagger+1","floor":48}],"player_experience":891588,"relics_obtained":[{"floor":9.0,"key":"aspiration:FrozenJewel"},{"floor":14.0,"key":"The Courier"},{"floor":24,"key":"infinitespire:PuzzleCube"},{"floor":26,"key":"infinitespire:EmpoweringShard"},{"floor":27,"key":"Basket Of Snakes"},{"floor":28,"key":"Snack Pack"},{"floor":43,"key":"infinitespire:Lucky Rock"},{"floor":44,"key":"Bottled Tornado"}],"event_choices":[{"cards_removed":["Strike_G"],"damage_healed":0.0,"max_hp_gain":0.0,"max_hp_loss":0.0,"gold_gain":0.0,"event_name":"Golden Wing","player_choice":"Card Removal","floor":2.0,"gold_loss":0.0,"damage_taken":7.0},{"damage_healed":0.0,"max_hp_gain":0.0,"max_hp_loss":0.0,"gold_gain":0.0,"event_name":"Scrap Ooze","player_choice":"Success","floor":4.0,"gold_loss":0.0,"damage_taken":5.0,"relics_obtained":["infinitespire:ShieldingShard"]},{"damage_healed":0.0,"max_hp_gain":0.0,"max_hp_loss":0.0,"gold_gain":0.0,"event_name":"Accursed Blacksmith","player_choice":"Forge","floor":5.0,"gold_loss":0.0,"damage_taken":0.0,"cards_upgraded":["Blade Dance"]},{"damage_healed":0,"gold_gain":0,"player_choice":"Smashed Altar","damage_taken":0,"max_hp_gain":0,"max_hp_loss":0,"event_name":"Forgotten Altar","floor":19,"gold_loss":0,"cards_obtained":["Decay"]},{"damage_healed":0,"gold_gain":50,"player_choice":"Stole From Cult","damage_taken":0,"max_hp_gain":0,"max_hp_loss":0,"event_name":"Nest","floor":21,"gold_loss":0},{"damage_healed":0,"gold_gain":0,"player_choice":"Ignored","damage_taken":0,"max_hp_gain":0,"max_hp_loss":0,"event_name":"Mysterious Sphere","floor":45,"gold_loss":0}],"is_beta":false,"boss_relics":[{"not_picked":["hubris:GrandSneckoEye","Snecko Eye"],"picked":"SlaversCollar"},{"not_picked":["Replay:Drink Me","Replay:Grab Bag"],"picked":"infinitespire:Cupcake"}],"items_purged_floors":[6,22,29,37],"is_endless":false,"potions_floor_spawned":[3,7,13,16,20,27,31,41,46],"killed_by":"conspire:OrnateMirror","ascension_level":20}}