{"host":"ufl0k2so27eic2iy","time":1613506928,"event":{"mods":["BaseMod","Downfall","Minty Spire (QoL Compilation)","StSLib","The Animator"],"gold_per_floor":[109,34,66,66,80,139,139,187,187,103,103,123,123,45,45,144,144,148,170,170,201,81,85,85],"floor_reached":23,"language":"ENG","playtime":872,"items_purged":["animator:Strike","animator:Strike"],"score":348,"play_id":"86202b74-76f8-45f0-9e7c-df155cd84f2b","local_time":"20210216202208","is_ascension_mode":true,"campfire_choices":[{"data":"animator:Arpeggio","floor":7.0,"key":"SMITH"},{"floor":11.0,"key":"REST"},{"data":"animator:Saber","floor":13.0,"key":"SMITH"},{"floor":15.0,"key":"REST"}],"circlet_count":0,"master_deck":["AscendersBane","animator:Strike_FullmetalAlchemist+1","animator:Defend_FullmetalAlchemist","animator:Defend","animator:Defend","animator:Defend","animator:ElricEdward+1","animator:ElricAlphonse","animator:DolaSchwi+1","animator:Arpeggio+1","animator:Chris","animator:Scar","animator:Saber+1","animator:WinryRockbell","animator:ElricEdward","animator:FielNirvalen","animator:YachiyoNanami","animator:MarisaKirisame","animator:Envy"],"relics":["animator:LivingPicture","animator:TheMissingPiece","Golden Idol","Whetstone","Centennial Puzzle","Smiling Mask","Philosopher\u0027s Stone"],"acts_visited":["Exordium","TheCity"],"potions_floor_usage":[18,23],"damage_taken":[{"damage":0.0,"enemies":"Cultist","floor":1.0,"turns":4.0},{"damage":5.0,"enemies":"Small Slimes","floor":3.0,"turns":3.0},{"damage":0.0,"enemies":"Jaw Worm","floor":5.0,"turns":5.0},{"damage":15.0,"enemies":"Gremlin Nob","floor":6.0,"turns":4.0},{"damage":19.0,"enemies":"3 Sentries","floor":8.0,"turns":6.0},{"damage":13.0,"enemies":"3 Louse","floor":12.0,"turns":3.0},{"damage":28.0,"enemies":"Slime Boss","floor":16.0,"turns":6.0},{"damage":0,"enemies":"2 Thieves","floor":18,"turns":1},{"damage":10,"enemies":"3 Byrds","floor":19,"turns":4},{"damage":9,"enemies":"Cultist and Chosen","floor":21,"turns":5},{"damage":24,"enemies":"Book of Stabbing","floor":23,"turns":3}],"seed_played":"2849354281509345209","potions_obtained":[{"floor":3.0,"key":"Guardian:BlockOnCardUsePotion"},{"floor":5.0,"key":"Dexterity Potion"},{"floor":16.0,"key":"SmokeBomb"},{"floor":19,"key":"GamblersBrew"}],"is_trial":false,"path_per_floor":["M","?","M","?","M","E","R","E","T","$","R","M","R","$","R","B",null,"M","M","?","M","$","E"],"character_chosen":"THE_ANIMATOR","items_purchased":["animator:WinryRockbell","animator:FielNirvalen","animator:Envy"],"campfire_rested":2,"item_purchase_floors":[10,14,22],"current_hp_per_floor":[54,54,49,49,49,34,34,15,15,15,31,18,18,18,34,6,42,42,32,32,23,23,0,0],"gold":85,"neow_bonus":"UPGRADE_CARD","is_daily":false,"chose_seed":true,"campfire_upgraded":2,"win_rate":0.0,"timestamp":1613506928,"path_taken":["M","?","M","?","M","E","R","E","T","$","R","M","R","?","R","BOSS","M","M","?","?","$","E"],"items_purchased_type":["Card","Card","Card"],"build_version":"2020-12-22","purchased_purges":2,"victory":false,"max_hp_per_floor":[60,60,60,54,54,54,54,54,54,54,54,54,54,54,54,54,54,54,54,54,54,54,54,54],"card_choices":[{"not_picked":["animator:Verdia","animator:Assassin"],"picked":"animator:DolaSchwi","floor":1.0},{"not_picked":["animator:Kazuma","animator:Tyuule"],"picked":"animator:Arpeggio","floor":3.0},{"not_picked":["animator:Clownpiece","animator:ElricEdward"],"picked":"animator:Chris","floor":5.0},{"not_picked":["animator:Gluttony","animator:ElricAlphonse"],"picked":"animator:Scar","floor":6.0},{"not_picked":["animator:YaoHaDucy","animator:MamiTomoe"],"picked":"animator:Saber","floor":8.0},{"not_picked":["animator:ElricAlphonse","animator:Assassin"],"picked":"animator:ElricEdward","floor":12.0},{"not_picked":["animator:MamiTomoe","animator:YuiTsuruno"],"picked":"animator:YachiyoNanami","floor":19},{"not_picked":["animator:ElricAlphonse","animator:Assassin"],"picked":"animator:MarisaKirisame","floor":21}],"player_experience":2814414,"relics_obtained":[{"floor":6.0,"key":"Whetstone"},{"floor":8.0,"key":"Centennial Puzzle"},{"floor":9.0,"key":"Smiling Mask"}],"event_choices":[{"cards_removed":["animator:Strike"],"damage_healed":0.0,"max_hp_gain":0.0,"max_hp_loss":0.0,"gold_gain":0.0,"event_name":"The Cleric","player_choice":"Card Removal","floor":2.0,"gold_loss":75.0,"damage_taken":0.0},{"damage_healed":0.0,"max_hp_gain":0.0,"max_hp_loss":6.0,"gold_gain":0.0,"event_name":"Golden Idol","player_choice":"Lose Max HP","floor":4.0,"gold_loss":0.0,"damage_taken":0.0,"relics_obtained":["Golden Idol"]},{"damage_healed":0,"gold_gain":0,"player_choice":"Ignored","damage_taken":0,"max_hp_gain":0,"max_hp_loss":0,"event_name":"N\u0027loth","floor":20,"gold_loss":0}],"is_beta":false,"boss_relics":[{"not_picked":["Coffee Dripper","animator:CursedBlade"],"picked":"Philosopher\u0027s Stone"}],"items_purged_floors":[10,22],"is_endless":false,"potions_floor_spawned":[3,5,16,18,19],"killed_by":"Book of Stabbing","ascension_level":15}}