{"host":"mv7lc7tvirr2z3gh","time":1613509740,"event":{"mods":["100% Spire Juice","AchievementEnabler","Act Like it!","Arknights","Aspiration","BaseMod","Bestiary","Better Altar","Better Match","Better Note","Better Sensory Stone","Better Skull","Better Third Choice","BetterRewards","CapriCore","Colored Powertips","Conspire","DeckTracker","Defuse TimeMaze Blight","Dota2Spire","Downfall","Energized Spire","Gensokyo","Gold Saver","Hermit","Highlight Path","Hubris","Infinite Spire","Lobotomy","LobotomyExtend","Magitek Elite","Minty Spire (QoL Compilation)","MostiFishMod","Permanent Neow","Prisma Mod","Quick Restart","Relic Stats","Replay The Spire","Ruina","Spicy Shops","StSLib","The Alterego","The Blue Laboratory","Waifu the Spire"],"gold_per_floor":[2693,2693,2707,2722,2733,2733,2743,2743,2770,2770,2802,2814,2814,2834,2834,2834,2834],"floor_reached":16,"language":"ENG","playtime":993,"items_purged":["Injury"],"score":104,"play_id":"de5d6ebe-58ae-4f4c-a441-6fb92e199f91","local_time":"20210217100900","is_ascension_mode":false,"campfire_choices":[{"floor":6,"key":"REST"}],"circlet_count":0,"master_deck":["SpecialBullet","SpecialBullet","SpecialBullet","SpecialBullet","SpecialBullet","SpecialBullet","SpecialBullet","SpecialBullet","CentralCode","SecurityCode","InformationCode","Harvest","Penitence","Wellcheers","Scorched","Regret_ego","Horn","SpiderBud","ShedSkin","CrumblingArmor","Soda","FourthMatchFlame","OldLady","Twilight","OSAHOGD","CherryBlossom","CUTE","WallGazer"],"relics":["CogitoBucket","DaveBox","DiscerningMonocle","Whetstone","SynthV:TestCard","Dota2Spire:PowerTreads","Replay:Baseball","conspire:TreasureMap","infinitespire:Beetle Shell","Pen Nib","Happy Flower","Dota2Spire:BladeMail","SynthV","PreservedInsect","hubris:FruitBowl","Gremlin Food","Replay:Rubber Ducky","SkinProphecy","Orichalcum","aspiration:HiddenCompartment","Dota2Spire:UrnOfShadows","TheAbacus","hubris:CuriousFeather","TimeFreeze"],"acts_visited":["Exordium"],"potions_floor_usage":[16,16,16],"damage_taken":[{"damage":15,"enemies":"conspire:RoseBush","floor":1,"turns":3},{"damage":6,"enemies":"Cultist","floor":3,"turns":3},{"damage":17,"enemies":"Small Slimes","floor":4,"turns":5},{"damage":8,"enemies":"Exordium Thugs","floor":5,"turns":3},{"damage":0,"enemies":"Lots of Slimes","floor":7,"turns":1},{"damage":9,"enemies":"Lagavulin","floor":11,"turns":4},{"damage":0,"enemies":"Red Slaver","floor":12,"turns":1},{"damage":0,"enemies":"3 Louse","floor":14,"turns":3},{"damage":48,"enemies":"The Guardian","floor":16,"turns":6}],"seed_played":"-3699832309046405978","potions_obtained":[{"floor":1,"key":"champ:CounterPotion"},{"floor":3,"key":"conspire:TimeTravelPotion"}],"is_trial":false,"path_per_floor":["M","?","M","M","M","R","M","$","T","$","E","M","$","M","R","B"],"character_chosen":"Angela","items_purchased":["conspire:TreasureMap","infinitespire:Beetle Shell","Pen Nib","Happy Flower","Dota2Spire:BladeMail","SynthV","Strength Potion","Soda","FourthMatchFlame","hubris:FruitBowl","Gremlin Food","Orichalcum","aspiration:HiddenCompartment","Dota2Spire:UrnOfShadows","TheAbacus","hubris:CuriousFeather","CherryBlossom","TimeFreeze","Flashbang"],"campfire_rested":1,"item_purchase_floors":[8,8,8,8,8,8,8,8,8,10,10,13,13,13,13,13,13,13,13],"current_hp_per_floor":[63,28,30,21,21,42,50,50,50,21,20,28,28,41,41,0,0],"gold":2834,"neow_bonus":"RANDOM_COMMON_RELIC","is_daily":false,"chose_seed":false,"campfire_upgraded":0,"win_rate":0.0,"timestamp":1613509740,"path_taken":["M","?","M","M","M","R","?","?","T","?","E","M","$","M","R","BOSS"],"items_purchased_type":["Relic","Relic","Relic","Relic","Relic","Relic","Potion","Card","Card","Relic","Relic","Relic","Relic","Relic","Relic","Relic","Card","Relic","Potion"],"build_version":"2020-12-22","purchased_purges":1,"victory":false,"max_hp_per_floor":[70,70,70,70,70,70,70,70,70,70,70,70,70,78,78,80,80],"relic_stats":{"TheAbacus":[6],"Happy Flower":[5],"counters":[10,30],"Pen Nib":[2],"PreservedInsect":28,"Whetstone":[],"Orichalcum":[36],"obtain_stats":[{"Gremlin Food":10,"Dota2Spire:PowerTreads":2,"conspire:TreasureMap":8,"Dota2Spire:UrnOfShadows":13,"DaveBox":0,"Happy Flower":8,"DiscerningMonocle":0,"SynthV":8,"hubris:FruitBowl":10,"infinitespire:Beetle Shell":8,"Pen Nib":8,"PreservedInsect":9,"Whetstone":0,"SkinProphecy":12,"Orichalcum":13,"aspiration:HiddenCompartment":13,"TimeFreeze":13,"Replay:Rubber Ducky":11,"CogitoBucket":0,"Replay:Baseball":2,"SynthV:TestCard":1,"TheAbacus":13,"Dota2Spire:BladeMail":8,"hubris:CuriousFeather":13},{"Gremlin Food":5,"Dota2Spire:PowerTreads":1,"conspire:TreasureMap":5,"Dota2Spire:UrnOfShadows":8,"DaveBox":0,"Happy Flower":5,"DiscerningMonocle":0,"SynthV":5,"hubris:FruitBowl":5,"infinitespire:Beetle Shell":5,"Pen Nib":5,"PreservedInsect":5,"Whetstone":0,"SkinProphecy":8,"Orichalcum":8,"aspiration:HiddenCompartment":8,"TimeFreeze":8,"Replay:Rubber Ducky":6,"CogitoBucket":0,"Replay:Baseball":1,"SynthV:TestCard":1,"TheAbacus":8,"Dota2Spire:BladeMail":5,"hubris:CuriousFeather":8},{"Gremlin Food":15,"Dota2Spire:PowerTreads":3,"conspire:TreasureMap":15,"Dota2Spire:UrnOfShadows":21,"DaveBox":0,"Happy Flower":15,"DiscerningMonocle":0,"SynthV":15,"hubris:FruitBowl":15,"infinitespire:Beetle Shell":15,"Pen Nib":15,"PreservedInsect":15,"Whetstone":0,"SkinProphecy":21,"Orichalcum":21,"aspiration:HiddenCompartment":21,"TimeFreeze":21,"Replay:Rubber Ducky":19,"CogitoBucket":0,"Replay:Baseball":3,"SynthV:TestCard":3,"TheAbacus":21,"Dota2Spire:BladeMail":15,"hubris:CuriousFeather":21}]},"card_choices":[{"not_picked":["WristCuter"],"picked":"Harvest","floor":1},{"not_picked":["LifeForTheDareDevil","FeatherOfHonor","Pleasure"],"picked":"Penitence","floor":3},{"not_picked":["GalaxyChild","NakedNest"],"picked":"Wellcheers","floor":3},{"not_picked":["Murderer","OSAHOGD"],"picked":"Scorched","floor":4},{"not_picked":["CherryBlossom","FrostShard","Loneliness"],"picked":"Regret_ego","floor":4},{"not_picked":["TodaysExpression","Penitence","DaCapo"],"picked":"Horn","floor":5},{"not_picked":["CherryBlossoms","LittlePrince"],"picked":"SpiderBud","floor":5},{"not_picked":["SomewhereSpear","Lantern","RapturousDream"],"picked":"ShedSkin","floor":7},{"not_picked":["VoidDream","BeautyBeast"],"picked":"CrumblingArmor","floor":7},{"not_picked":["PunishingBird","ShyLook"],"picked":"OldLady","floor":11},{"not_picked":["ShedSkin","DaCapo","Beak","ScreamingWedge"],"picked":"SKIP","floor":11},{"not_picked":["Regret_ego","FeatherOfHonor","Horn"],"picked":"Twilight","floor":12},{"not_picked":["UniverseFragment","FieryBird"],"picked":"OSAHOGD","floor":12},{"not_picked":["Beak","Hypocrisy","Wingbeat"],"picked":"CUTE","floor":14},{"not_picked":["BeautyBeast","ShyLook"],"picked":"WallGazer","floor":14}],"player_experience":26180,"relics_obtained":[{"floor":1,"key":"SynthV:TestCard"},{"floor":9,"key":"PreservedInsect"},{"floor":11,"key":"Replay:Rubber Ducky"}],"event_choices":[{"damage_healed":0,"gold_gain":0,"player_choice":"RE RE ","damage_taken":39,"relics_obtained":["Dota2Spire:PowerTreads","Replay:Baseball"],"max_hp_gain":0,"max_hp_loss":0,"event_name":"betterSkull:BetterSkull","floor":2,"gold_loss":0,"cards_upgraded":[]}],"is_beta":false,"boss_relics":[],"items_purged_floors":[13],"is_endless":false,"potions_floor_spawned":[1,3,11,12],"killed_by":"The Guardian","ascension_level":0}}