{"host":"uceopoba4zvqsgiy","time":1613503761,"event":{"mods":["2.2 Compatiblity","Act Like it!","BaseMod","Better Skull","Better Third Choice","Elementarium","Evolution","GifTheSpireLib","Hermit","Humility","Infinite Spire","Jorbs\u0027s Wanderer Trilogy","Marked Mod","Minty Spire (QoL Compilation)","Potionbrewer","Reliquary","Replay The Spire","Robot Space Explorer","Shade Mod","Spicy Shops","StS++","StSLib","Stuff the Spire","The Blue Laboratory","The Caster","The Cursed","The Dragon Tamer","The Dragonkin","The Hierophant","The Judge","The Jungle","TheSurvivalist","Wandering Minibosses"],"gold_per_floor":[116,4,22,32,32,32,64,64,64,90,101,101,101,113,113,208,208,228,228,228,228,245,245,245],"floor_reached":23,"language":"ENG","playtime":1368,"items_purged":[],"score":350,"play_id":"567df230-2b83-4e6a-b1f7-c8b1e06327bb","local_time":"20210217055921","is_ascension_mode":true,"campfire_choices":[{"data":"Sunder","floor":6,"key":"SMITH"},{"floor":12,"key":"REST"},{"floor":15,"key":"REST"}],"circlet_count":0,"master_deck":["Cold Snap","Cold Snap","Cold Snap","Cold Snap","Leap","Leap","Leap","Defend_B","Zap","Dualcast","Self Repair","Sunder+1","Tempest","Regret","Burn","Hyperbeam","ReplayTheSpireMod:Calculation Training","Gash","Mirror Shield","Gash","StuffTheSpire:PestControl+1","Gash"],"relics":["Cracked Core","EVO:Axolotl","StuffTheSpire:Expresso","StuffTheSpire:RedRose","Replay:Arrowhead","Unceasing Top","Chameleon Ring","Oddly Smooth Stone","Art of War","reliquary:ThirdArm","Enchiridion"],"acts_visited":["Exordium","TheCity"],"potions_floor_usage":[11,11,22,23],"damage_taken":[{"damage":0,"enemies":"Small Slimes","floor":1,"turns":3},{"damage":0,"enemies":"Jaw Worm","floor":3,"turns":3},{"damage":0,"enemies":"2 Louse","floor":4,"turns":2},{"damage":2,"enemies":"Lagavulin","floor":7,"turns":5},{"damage":44,"enemies":"Gremlin Nob","floor":10,"turns":6},{"damage":0,"enemies":"Red Slaver","floor":11,"turns":1},{"damage":3,"enemies":"Looter","floor":14,"turns":2},{"damage":27,"enemies":"Hexaghost","floor":16,"turns":8},{"damage":12,"enemies":"Shell Parasite","floor":18,"turns":4},{"damage":7,"enemies":"Spheric Guardian","floor":22,"turns":5},{"damage":26,"enemies":"Gremlin Leader","floor":23,"turns":3}],"seed_played":"3063435394706112457","potions_obtained":[{"floor":1,"key":"FearPotion"},{"floor":4,"key":"Strength Potion"},{"floor":16,"key":"blueLaboratory:NullPotion"},{"floor":18,"key":"Reflective Coating"}],"is_trial":false,"path_per_floor":["M","$","M","M","?","R","E","?","T","E","M","R","?","M","R","B",null,"M","?","?","?","M","E"],"character_chosen":"DEFECT","items_purchased":["Self Repair"],"campfire_rested":2,"item_purchase_floors":[2],"current_hp_per_floor":[50,50,57,64,64,64,69,69,69,32,32,54,19,23,45,25,63,58,42,22,22,22,0,0],"gold":245,"neow_bonus":"ONE_RARE_RELIC","is_daily":false,"chose_seed":false,"campfire_upgraded":1,"win_rate":0.0,"timestamp":1613503761,"path_taken":["M","$","M","M","?","R","E","?","T","E","M","R","?","?","R","BOSS","M","?","?","?","?","E"],"items_purchased_type":["Card"],"build_version":"2020-12-22","purchased_purges":0,"victory":false,"max_hp_per_floor":[75,75,75,75,75,75,75,75,75,75,75,75,75,75,75,75,75,75,75,75,75,75,75,75],"card_choices":[{"not_picked":["Go for the Eyes","Rebound","Compile Driver"],"picked":"SKIP","floor":1},{"not_picked":["Skim","StuffTheSpire:CleanHardDrive"],"picked":"Sunder","floor":3},{"not_picked":["Streamline","StSpp:TargetLocked"],"picked":"Tempest","floor":4},{"not_picked":["Go for the Eyes","Rebound","StSpp:Fierceness"],"picked":"SKIP","floor":7},{"not_picked":["StuffTheSpire:LoadUp","Leap"],"picked":"Hyperbeam","floor":10},{"not_picked":["Coolheaded","Panic Button"],"picked":"ReplayTheSpireMod:Calculation Training","floor":11},{"not_picked":["BootSequence","Compile Driver"],"picked":"Gash","floor":14},{"not_picked":["StuffTheSpire:LaunchingStrike","StuffTheSpire:EventHorizon"],"picked":"Mirror Shield","floor":16},{"not_picked":["Turbo","Cold Snap"],"picked":"Gash","floor":18},{"not_picked":["Ball Lightning","Blizzard"],"picked":"Gash","floor":22}],"player_experience":1837970,"relics_obtained":[{"floor":7,"key":"Replay:Arrowhead"},{"floor":9,"key":"Unceasing Top"},{"floor":10,"key":"Chameleon Ring"},{"floor":19,"key":"Enchiridion"}],"event_choices":[{"damage_healed":69,"gold_gain":0,"player_choice":"Embrace Burn","damage_taken":0,"max_hp_gain":0,"max_hp_loss":75,"event_name":"betterThird:BetterShining","floor":8,"gold_loss":0},{"damage_healed":0,"gold_gain":0,"player_choice":"RE RE ","damage_taken":39,"relics_obtained":["Oddly Smooth Stone","Art of War"],"max_hp_gain":0,"max_hp_loss":0,"event_name":"betterSkull:BetterSkull","floor":13,"gold_loss":0,"cards_upgraded":[]},{"damage_healed":0,"gold_gain":0,"player_choice":"Obtained Book","damage_taken":16,"max_hp_gain":0,"max_hp_loss":0,"event_name":"Cursed Tome","floor":19,"gold_loss":0},{"damage_healed":0,"gold_gain":0,"player_choice":"Upgraded","damage_taken":0,"max_hp_gain":0,"max_hp_loss":0,"event_name":"Upgrade Shrine","floor":21,"gold_loss":0,"cards_upgraded":["StuffTheSpire:PestControl"]}],"is_beta":false,"boss_relics":[{"not_picked":["Nuclear Battery","SlaversCollar"],"picked":"reliquary:ThirdArm"}],"items_purged_floors":[],"is_endless":false,"potions_floor_spawned":[1,4,16,18],"killed_by":"Gremlin Leader","ascension_level":9,"is_humility":true}}