{"host":"kh6fvhxn285ncg0o","time":1613444999,"event":{"mods":["Act Like it!","BaseMod","Colored Map","Friendly Minions","Keyboard Shortcuts","Minty Spire (QoL Compilation)","Quick Restart","Relic Stats","StSLib","SuperFastMode","UnlockEverythingMod"],"gold_per_floor":[111,111,140,152,177,189,235,13,68,86,102,135,185,195,195,272,272,290,305,321,332,27,27,52,52,52,84,359,75,75,88,88,161,161,174,99,124,141,155,190,219,245,271,271,303,335,335,354,354,354,354,354,354,26,60,60],"floor_reached":57,"language":"KOR","playtime":2554,"items_purged":["Strike_R","Strike_R+1","Bash+1","Regret","Reaper"],"score":3275,"play_id":"536c6774-b40b-4821-a4c4-8bd09a6f0036","local_time":"20210216120959","is_ascension_mode":true,"campfire_choices":[{"data":"Bash","floor":6.0,"key":"SMITH"},{"data":"Armaments","floor":15.0,"key":"SMITH"},{"data":"Evolve","floor":23.0,"key":"SMITH"},{"data":"Feel No Pain","floor":25.0,"key":"SMITH"},{"data":"Burning Pact","floor":30,"key":"SMITH"},{"data":"Second Wind","floor":32,"key":"SMITH"},{"data":"Offering","floor":44,"key":"SMITH"},{"floor":49,"key":"RECALL"},{"data":"Barricade","floor":53,"key":"SMITH"}],"circlet_count":0,"master_deck":["AscendersBane","Defend_R","Defend_R","Defend_R","Defend_R","Metallicize","Feel No Pain+1","Shrug It Off","Body Slam","Armaments+1","Disarm+1","Shrug It Off+1","Barricade+1","Infernal Blade+1","Juggernaut+1","Demon Form+1","Entrench+1","Evolve+1","Fiend Fire","Warcry+1","Second Wind+1","Burning Pact+1","Offering+1","Warcry+1"],"relics":["Burning Blood","NeowsBlessing","MawBank","Art of War","Membership Card","Bronze Scales","Whetstone","Astrolabe","War Paint","ClockworkSouvenir","Oddly Smooth Stone","Unceasing Top","Regal Pillow","InkBottle","Coffee Dripper","WingedGreaves","Juzu Bracelet","Blood Vial","Lizard Tail","TheAbacus","Gremlin Horn","Anchor"],"acts_visited":["Exordium","TheCity","TheBeyond","TheEnding"],"potions_floor_usage":[27,56,56],"damage_taken":[{"damage":0.0,"enemies":"2 Louse","floor":1.0,"turns":1.0},{"damage":0.0,"enemies":"Small Slimes","floor":3.0,"turns":1.0},{"damage":0.0,"enemies":"Cultist","floor":5.0,"turns":1.0},{"damage":17.0,"enemies":"3 Sentries","floor":7.0,"turns":17.0},{"damage":32.0,"enemies":"Exordium Thugs","floor":10.0,"turns":5.0},{"damage":9.0,"enemies":"Exordium Wildlife","floor":11.0,"turns":4.0},{"damage":15.0,"enemies":"Lagavulin","floor":12.0,"turns":8.0},{"damage":19.0,"enemies":"Lots of Slimes","floor":14.0,"turns":4.0},{"damage":18.0,"enemies":"The Guardian","floor":16.0,"turns":17.0},{"damage":15.0,"enemies":"Chosen","floor":18.0,"turns":6.0},{"damage":29.0,"enemies":"Shell Parasite","floor":19.0,"turns":8.0},{"damage":30.0,"enemies":"Shelled Parasite and Fungi","floor":20.0,"turns":10.0},{"damage":35.0,"enemies":"Centurion and Healer","floor":21.0,"turns":7.0},{"damage":37.0,"enemies":"Gremlin Leader","floor":24.0,"turns":8.0},{"damage":51,"enemies":"Slavers","floor":27,"turns":7},{"damage":48,"enemies":"3 Cultists","floor":31,"turns":5},{"damage":39,"enemies":"Collector","floor":33,"turns":12},{"damage":51,"enemies":"3 Darklings","floor":35,"turns":10},{"damage":6,"enemies":"Mind Bloom Boss Battle","floor":37,"turns":4},{"damage":6,"enemies":"3 Shapes","floor":38,"turns":5},{"damage":8,"enemies":"Maw","floor":39,"turns":6},{"damage":21,"enemies":"Nemesis","floor":40,"turns":5},{"damage":6,"enemies":"Giant Head","floor":41,"turns":7},{"damage":21,"enemies":"Nemesis","floor":42,"turns":7},{"damage":6,"enemies":"Giant Head","floor":45,"turns":6},{"damage":45,"enemies":"Nemesis","floor":46,"turns":15},{"damage":40,"enemies":"Jaw Worm Horde","floor":48,"turns":12},{"damage":27,"enemies":"Awakened One","floor":50,"turns":7},{"damage":6,"enemies":"Donu and Deca","floor":51,"turns":8},{"damage":6,"enemies":"Shield and Spear","floor":55,"turns":5},{"damage":6,"enemies":"The Heart","floor":56,"turns":7}],"seed_played":"324151053840092477","potions_obtained":[{"floor":1.0,"key":"Swift Potion"},{"floor":5.0,"key":"Strength Potion"},{"floor":10.0,"key":"Fire Potion"},{"floor":12.0,"key":"Swift Potion"},{"floor":19.0,"key":"Explosive Potion"},{"floor":21.0,"key":"LiquidMemories"},{"floor":38,"key":"BlessingOfTheForge"},{"floor":42,"key":"Energy Potion"},{"floor":45,"key":"Fire Potion"},{"floor":48,"key":"PowerPotion"}],"is_trial":false,"path_per_floor":["M","?","M","?","M","R","E","$","T","M","M","E","?","M","R","B",null,"M","M","M","M","$","R","E","R","T","E","?","$","R","M","R","B",null,"M","$","?","M","M","E","E","E","T","R","E","E","?","M","R","B","B",null,"R","$","E","B",null],"character_chosen":"IRONCLAD","items_purchased":["Membership Card","Body Slam","Evolve","Fiend Fire","War Paint","ClockworkSouvenir","Second Wind","Burning Pact","InkBottle","TheAbacus","Gremlin Horn","ColorlessPotion"],"campfire_rested":0,"item_purchase_floors":[8,8,22,22,22,22,29,29,29,54,54,54],"current_hp_per_floor":[74,56,62,62,68,68,57,57,57,31,28,19,19,26,26,18,61,52,53,38,59,59,59,75,75,75,69,69,69,69,47,47,40,66,75,75,75,75,73,58,62,67,67,67,75,70,70,75,75,62,64,72,72,72,74,75],"gold":60,"neow_bonus":"THREE_ENEMY_KILL","is_daily":false,"chose_seed":false,"campfire_upgraded":8,"win_rate":0.0,"timestamp":1613444999,"path_taken":["M","?","M","?","?","R","E","?","T","M","M","E","?","M","R","BOSS","M","M","?","M","$","R","E","R","T","E","?","$","R","?","R","BOSS","M","$","?","M","M","E","E","E","T","R","E","E","?","M","R","BOSS","BOSS","R","$","E","BOSS"],"items_purchased_type":["Relic","Card","Card","Card","Relic","Relic","Card","Card","Relic","Relic","Relic","Potion"],"build_version":"2020-12-22","purchased_purges":5,"victory":true,"max_hp_per_floor":[75,75,75,75,75,75,75,75,75,75,75,75,75,75,75,75,75,75,75,75,75,75,75,75,75,75,75,75,75,75,75,75,75,75,75,75,75,75,75,75,75,75,75,75,75,75,75,75,75,75,75,75,75,75,75,75],"relic_stats":{"Regal Pillow":0,"Gremlin Horn":[1,1],"counters":[31,225],"Astrolabe":["Infernal Blade","Juggernaut","Demon Form"],"Juzu Bracelet":0,"Whetstone":["Strike_R","Strike_R"],"War Paint":["Shrug It Off","Disarm"],"MawBank":72,"Burning Blood":166,"Blood Vial":9,"Lizard Tail":0,"TheAbacus":[144],"Bronze Scales":[722],"Art of War":[114],"obtain_stats":[{"Regal Pillow":27,"NeowsBlessing":0,"Gremlin Horn":54,"Astrolabe":17,"Oddly Smooth Stone":24,"Juzu Bracelet":40,"Whetstone":12,"War Paint":22,"MawBank":2,"Burning Blood":0,"ClockworkSouvenir":22,"Blood Vial":42,"Lizard Tail":45,"Anchor":55,"TheAbacus":54,"Bronze Scales":9,"WingedGreaves":37,"Art of War":7,"Coffee Dripper":34,"Membership Card":8,"Unceasing Top":26,"InkBottle":29},{"Regal Pillow":15,"NeowsBlessing":0,"Gremlin Horn":29,"Astrolabe":9,"Oddly Smooth Stone":14,"Juzu Bracelet":22,"Whetstone":7,"War Paint":13,"MawBank":1,"Burning Blood":0,"ClockworkSouvenir":13,"Blood Vial":24,"Lizard Tail":25,"Anchor":30,"TheAbacus":29,"Bronze Scales":4,"WingedGreaves":19,"Art of War":4,"Coffee Dripper":17,"Membership Card":4,"Unceasing Top":14,"InkBottle":15},{"Regal Pillow":104,"NeowsBlessing":0,"Gremlin Horn":213,"Astrolabe":58,"Oddly Smooth Stone":97,"Juzu Bracelet":151,"Whetstone":37,"War Paint":89,"MawBank":1,"Burning Blood":0,"ClockworkSouvenir":89,"Blood Vial":165,"Lizard Tail":171,"Anchor":218,"TheAbacus":213,"Bronze Scales":20,"WingedGreaves":135,"Art of War":20,"Coffee Dripper":121,"Membership Card":20,"Unceasing Top":97,"InkBottle":104}],"Unceasing Top":[16],"InkBottle":[39]},"card_choices":[{"not_picked":["Bloodletting","Body Slam"],"picked":"Metallicize","floor":1.0},{"not_picked":["Metallicize","Second Wind"],"picked":"Feel No Pain","floor":5.0},{"not_picked":["Iron Wave","Cleave"],"picked":"Shrug It Off","floor":7.0},{"not_picked":["Twin Strike","Headbutt"],"picked":"Armaments","floor":10.0},{"not_picked":["Body Slam","Twin Strike"],"picked":"Disarm","floor":11.0},{"not_picked":["Heavy Blade","Twin Strike"],"picked":"Reaper","floor":12.0},{"not_picked":["Warcry","Heavy Blade"],"picked":"Shrug It Off","floor":14.0},{"not_picked":["Double Tap","Brutality"],"picked":"Barricade","floor":16.0},{"not_picked":["Searing Blow","Thunderclap","Wild Strike"],"picked":"SKIP","floor":19.0},{"not_picked":["Intimidate","Iron Wave"],"picked":"Entrench+1","floor":20.0},{"not_picked":["Sever Soul","Sword Boomerang+1","Ghostly Armor"],"picked":"SKIP","floor":21.0},{"not_picked":["Headbutt","Whirlwind","Twin Strike"],"picked":"SKIP","floor":24.0},{"not_picked":["Evolve","Pummel"],"picked":"Warcry+1","floor":27},{"not_picked":["Rage","Dropkick+1","Anger+1"],"picked":"SKIP","floor":31},{"not_picked":["Exhume","Impervious"],"picked":"Offering","floor":33},{"not_picked":["Body Slam+1","Armaments"],"picked":"Warcry+1","floor":35},{"not_picked":["Ghostly Armor","Hemokinesis","Carnage+1"],"picked":"SKIP","floor":40},{"not_picked":["Blood for Blood+1","Armaments","Clash+1"],"picked":"SKIP","floor":41},{"not_picked":["Heavy Blade","Reaper","Shrug It Off"],"picked":"SKIP","floor":42},{"not_picked":["Perfected Strike","Metallicize","Thunderclap"],"picked":"SKIP","floor":45},{"not_picked":["Fire Breathing","Limit Break","Twin Strike+1"],"picked":"SKIP","floor":46},{"not_picked":["Shrug It Off","Carnage","Flame Barrier"],"picked":"SKIP","floor":48},{"not_picked":["Bloodletting","Uppercut+1","Armaments+1"],"picked":"SKIP","floor":55}],"player_experience":1427229,"relics_obtained":[{"floor":7.0,"key":"Art of War"},{"floor":9.0,"key":"Bronze Scales"},{"floor":12.0,"key":"Whetstone"},{"floor":24.0,"key":"Oddly Smooth Stone"},{"floor":26.0,"key":"Unceasing Top"},{"floor":27,"key":"Regal Pillow"},{"floor":37,"key":"WingedGreaves"},{"floor":40,"key":"Juzu Bracelet"},{"floor":42,"key":"Blood Vial"},{"floor":45,"key":"Lizard Tail"},{"floor":55,"key":"Anchor"}],"event_choices":[{"damage_healed":0.0,"max_hp_gain":0.0,"max_hp_loss":0.0,"gold_gain":0.0,"event_name":"Scrap Ooze","player_choice":"Success","floor":2.0,"gold_loss":0.0,"damage_taken":18.0,"relics_obtained":["MawBank"]},{"damage_healed":0.0,"max_hp_gain":0.0,"max_hp_loss":0.0,"gold_gain":0.0,"event_name":"Match and Keep!","player_choice":"0 cards matched","floor":4.0,"gold_loss":0.0,"damage_taken":0.0,"cards_obtained":[]},{"damage_healed":0.0,"max_hp_gain":0.0,"max_hp_loss":0.0,"gold_gain":50.0,"event_name":"Golden Shrine","player_choice":"Pray","floor":13.0,"gold_loss":0.0,"damage_taken":0.0},{"damage_healed":0,"gold_gain":275,"player_choice":"Desecrate","damage_taken":0,"max_hp_gain":0,"max_hp_loss":0,"event_name":"Golden Shrine","floor":28,"gold_loss":0,"cards_obtained":["Regret"]},{"damage_healed":0,"gold_gain":0,"player_choice":"Fight","damage_taken":0,"max_hp_gain":0,"max_hp_loss":0,"event_name":"MindBloom","floor":37,"gold_loss":0},{"damage_healed":0,"gold_gain":0,"player_choice":"Ignored","damage_taken":0,"max_hp_gain":0,"max_hp_loss":0,"event_name":"Tomb of Lord Red Mask","floor":47,"gold_loss":0}],"is_beta":false,"boss_relics":[{"not_picked":["Sozu","Cursed Key"],"picked":"Astrolabe"},{"not_picked":["Tiny House","Black Blood"],"picked":"Coffee Dripper"}],"items_purged_floors":[8,22,29,36,54],"is_endless":false,"potions_floor_spawned":[1,5,10,12,19,21,38,42,45,48],"ascension_level":20}}