{"host":"sxnl403xm2xmiyj1","time":1613476626,"event":{"mods":["AchievementEnabler","BaseMod","Colored Map","Keyboard Shortcuts","Minty Spire (QoL Compilation)","Quick Restart","StSLib","SuperFastMode"],"gold_per_floor":[363,435,435,445,465,465,495,495,495,525,525,525,537,7,7,80,80,94,94,106,120,136,136,147,175,175,205,72,72,472,492,492,492,492],"floor_reached":33,"language":"KOR","playtime":696,"items_purged":["Strike_G"],"score":756,"play_id":"8ff9c2c2-4c15-4598-bbc1-b299f90a866f","local_time":"20210216205706","is_ascension_mode":true,"campfire_choices":[{"data":"Cloak And Dagger","floor":6.0,"key":"SMITH"},{"floor":8.0,"key":"REST"},{"floor":15.0,"key":"REST"},{"data":"Choke","floor":23.0,"key":"SMITH"},{"data":"After Image","floor":29,"key":"SMITH"},{"data":"Accuracy","floor":32,"key":"SMITH"}],"circlet_count":0,"master_deck":["AscendersBane","Strike_G","Strike_G","Strike_G","Strike_G","Defend_G","Defend_G","Defend_G","Defend_G+1","Defend_G+1","Survivor","Neutralize","Choke+1","Cloak And Dagger+1","Infinite Blades","Flying Knee","PiercingWail","Bullet Time","Slice","Terror","Acrobatics","After Image+1","Outmaneuver","Blade Dance","Deflect","PiercingWail","Backstab","Footwork+1","Quick Slash","Accuracy+1","Deflect","Blade Dance","Blade Dance"],"relics":["Ring of the Snake","Ice Cream","Pocketwatch","Oddly Smooth Stone","Toolbox","WristBlade","WingedGreaves","Matryoshka","Sundial","Old Coin","Mercury Hourglass"],"acts_visited":["Exordium","TheCity"],"potions_floor_usage":[27,30,33],"damage_taken":[{"damage":0.0,"enemies":"Small Slimes","floor":1.0,"turns":4.0},{"damage":0.0,"enemies":"Jaw Worm","floor":4.0,"turns":4.0},{"damage":0.0,"enemies":"2 Louse","floor":5.0,"turns":3.0},{"damage":21.0,"enemies":"Lagavulin","floor":7.0,"turns":8.0},{"damage":16.0,"enemies":"Gremlin Nob","floor":10.0,"turns":4.0},{"damage":0.0,"enemies":"Blue Slaver","floor":13.0,"turns":4.0},{"damage":0.0,"enemies":"Slime Boss","floor":16.0,"turns":6.0},{"damage":0.0,"enemies":"Spheric Guardian","floor":18.0,"turns":3.0},{"damage":0.0,"enemies":"Chosen","floor":20.0,"turns":3.0},{"damage":7.0,"enemies":"Snake Plant","floor":21.0,"turns":4.0},{"damage":13.0,"enemies":"Centurion and Healer","floor":22.0,"turns":5.0},{"damage":19.0,"enemies":"Cultist and Chosen","floor":24.0,"turns":6.0},{"damage":0.0,"enemies":"Slavers","floor":25.0,"turns":5.0},{"damage":0,"enemies":"Book of Stabbing","floor":27,"turns":3},{"damage":8,"enemies":"Colosseum Slavers","floor":30,"turns":5},{"damage":2,"enemies":"Colosseum Nobs","floor":30,"turns":5},{"damage":13,"enemies":"Snecko","floor":31,"turns":4},{"damage":17,"enemies":"Collector","floor":33,"turns":7}],"seed_played":"-6610206069459635021","potions_obtained":[{"floor":5.0,"key":"SteroidPotion"},{"floor":13.0,"key":"Explosive Potion"},{"floor":16.0,"key":"Weak Potion"},{"floor":27,"key":"SteroidPotion"},{"floor":31,"key":"Explosive Potion"}],"is_trial":false,"path_per_floor":["M","?","?","M","M","R","E","R","T","E","?","?","M","$","R","B",null,"M","?","M","M","M","R","M","E","T","E","$","R","?","M","R","B"],"character_chosen":"THE_SILENT","items_purchased":["Slice","Terror","FairyPotion","Toolbox","Acrobatics","Accuracy","Deflect"],"campfire_rested":2,"item_purchase_floors":[14,14,14,14,14,28,28],"current_hp_per_floor":[44,44,24,24,24,24,3,22,22,6,6,6,6,6,25,25,56,56,56,56,49,36,36,17,17,17,17,17,17,7,19,19,2,2],"gold":492,"neow_bonus":"TWO_FIFTY_GOLD","is_daily":false,"chose_seed":false,"campfire_upgraded":4,"win_rate":0.0,"timestamp":1613476626,"path_taken":["M","?","?","M","?","R","E","R","T","E","?","?","M","?","R","BOSS","M","?","M","M","M","R","M","E","T","E","$","R","?","M","R","BOSS"],"items_purchased_type":["Card","Card","Potion","Relic","Card","Card","Card"],"build_version":"2020-12-22","purchased_purges":1,"victory":false,"max_hp_per_floor":[66,66,66,66,66,66,66,66,66,66,66,66,66,66,66,66,66,66,66,66,66,66,66,66,66,66,66,66,66,66,66,66,66,66],"card_choices":[{"not_picked":["Cloak And Dagger","Dodge and Roll"],"picked":"Choke","floor":1.0},{"not_picked":["PiercingWail","Prepared"],"picked":"Cloak And Dagger","floor":4.0},{"not_picked":["Backflip","Crippling Poison"],"picked":"Infinite Blades","floor":5.0},{"not_picked":["Outmaneuver","All Out Attack"],"picked":"Flying Knee","floor":7.0},{"not_picked":["Deflect","Dodge and Roll"],"picked":"PiercingWail","floor":10.0},{"not_picked":["Deadly Poison","Underhanded Strike"],"picked":"Bullet Time","floor":13.0},{"not_picked":["Storm of Steel","Envenom"],"picked":"After Image","floor":16.0},{"not_picked":["Underhanded Strike","Catalyst"],"picked":"Outmaneuver","floor":18.0},{"not_picked":["Setup","Sucker Punch"],"picked":"Deflect","floor":20.0},{"not_picked":["Sucker Punch","Predator"],"picked":"PiercingWail","floor":21.0},{"not_picked":["Bane","Sucker Punch","Caltrops"],"picked":"SKIP","floor":22.0},{"not_picked":["Dodge and Roll","Calculated Gamble"],"picked":"Backstab","floor":24.0},{"not_picked":["Heel Hook","PiercingWail+1"],"picked":"Footwork+1","floor":25.0},{"not_picked":["Predator","Glass Knife"],"picked":"Quick Slash","floor":27},{"not_picked":["Bane","Backflip"],"picked":"Blade Dance","floor":30},{"not_picked":["All Out Attack","Flying Knee"],"picked":"Blade Dance","floor":31}],"player_experience":222943,"relics_obtained":[{"floor":7.0,"key":"Ice Cream"},{"floor":9.0,"key":"Pocketwatch"},{"floor":10.0,"key":"Oddly Smooth Stone"},{"floor":25.0,"key":"WingedGreaves"},{"floor":26.0,"key":"Matryoshka"},{"floor":27,"key":"Sundial"},{"floor":30,"key":"Old Coin"},{"floor":30,"key":"Mercury Hourglass"}],"event_choices":[{"damage_healed":0.0,"max_hp_gain":0.0,"max_hp_loss":0.0,"gold_gain":72.0,"event_name":"Golden Wing","player_choice":"Gained Gold","floor":2.0,"gold_loss":0.0,"damage_taken":0.0},{"damage_healed":0.0,"max_hp_gain":0.0,"max_hp_loss":0.0,"gold_gain":0.0,"event_name":"Shining Light","player_choice":"Entered Light","floor":3.0,"gold_loss":0.0,"damage_taken":20.0,"cards_upgraded":["Defend_G","Defend_G"]},{"damage_healed":0.0,"max_hp_gain":0.0,"max_hp_loss":0.0,"gold_gain":0.0,"event_name":"Golden Idol","player_choice":"Ignored","floor":11.0,"gold_loss":0.0,"damage_taken":0.0},{"damage_healed":0.0,"max_hp_gain":0.0,"max_hp_loss":0.0,"gold_gain":0.0,"event_name":"Dead Adventurer","player_choice":"Searched \u00270\u0027 times","floor":12.0,"gold_loss":0.0,"damage_taken":0.0},{"damage_healed":0.0,"max_hp_gain":0.0,"max_hp_loss":0.0,"gold_gain":0.0,"event_name":"The Library","player_choice":"Read","floor":19.0,"gold_loss":0.0,"damage_taken":0.0,"cards_obtained":["Blade Dance"]},{"damage_healed":0,"gold_gain":0,"player_choice":"Fight","damage_taken":0,"max_hp_gain":0,"max_hp_loss":0,"event_name":"Colosseum","floor":30,"gold_loss":0},{"damage_healed":0,"gold_gain":0,"player_choice":"Fought Nobs","damage_taken":0,"max_hp_gain":0,"max_hp_loss":0,"event_name":"Colosseum","floor":30,"gold_loss":0}],"is_beta":false,"boss_relics":[{"not_picked":["HoveringKite","Coffee Dripper"],"picked":"WristBlade"}],"items_purged_floors":[14],"is_endless":false,"potions_floor_spawned":[5,13,16,25,27,30,31],"killed_by":"Collector","ascension_level":17}}