{"host":"ypzi5hvah0ucsg44","time":1613486257,"event":{"mods":["BaseMod","Colored Map","Downfall","Googly Eyes","Minty Spire (QoL Compilation)","Quick Restart","Replay The Spire","StSLib","The Construct"],"gold_per_floor":[99,113,113,388,192,202,202,218,250,84,116,130,146,181,195,292,292,292,302,320,205,205,205,205,205,233,246,264,264,364,374,387,487,487,487,503,520,588,606,606,606,618,635,635,649,678,139,192,211,211],"floor_reached":51,"language":"ENG","playtime":6128,"items_purged":["Regret","bronze:Strike","bronze:Strike","bronze:Defend"],"score":873,"play_id":"a374509a-eff4-4a56-a04b-fa9a1316ec08","local_time":"20210216063737","is_ascension_mode":false,"campfire_choices":[{"data":"bronze:Replicate","floor":1,"key":"SMITH"},{"data":"bronze:Optimize","floor":18,"key":"SMITH"},{"floor":23,"key":"RECALL"},{"data":"bronze:Goto","floor":29,"key":"SMITH"},{"data":"bronze:ChosenStrike","floor":35,"key":"SMITH"}],"circlet_count":0,"master_deck":["bronze:Strike","bronze:Strike","bronze:Defend","bronze:Defend","bronze:Defend","bronze:Replicate+1","bronze:Goto+1","bronze:SpaghettiCode+1","bronze:SpaghettiCode+1","bronze:ChosenStrike+1","bronze:Optimize+1","bronze:SpaghettiCode+1"],"relics":["bronze:BronzeCore","Ring of Peace","Ring of Fury","Potion Belt","Guide Book","Dream Catcher","Lizard Tail","Coffee Dripper","Bottled Tornado","Mirror","Calipers","Question Card","Busted Crown","DollysMirror","Blue Candle","Chameleon Ring","Replay:WaspNest","ReplayFunnel","BargainBundle","Gambling Chip","Incense Burner"],"acts_visited":["Exordium","TheCity","TheBeyond"],"potions_floor_usage":[50,50,50,50,50],"damage_taken":[{"damage":6,"enemies":"Jaw Worm","floor":2,"turns":3},{"damage":3,"enemies":"downfall:FleeingMerchant","floor":5,"turns":4},{"damage":0,"enemies":"Cultist","floor":6,"turns":3},{"damage":0,"enemies":"2 Louse","floor":8,"turns":1},{"damage":0,"enemies":"Gremlin Nob","floor":9,"turns":3},{"damage":0,"enemies":"downfall:FleeingMerchant","floor":10,"turns":4},{"damage":3,"enemies":"Lagavulin","floor":11,"turns":5},{"damage":0,"enemies":"downfall:LooterAlt","floor":12,"turns":2},{"damage":35,"enemies":"Gremlin Gang","floor":13,"turns":5},{"damage":0,"enemies":"Gremlin Nob","floor":14,"turns":4},{"damage":0,"enemies":"Large Slime","floor":15,"turns":4},{"damage":16,"enemies":"SI_SHIV_ARCHETYPE","floor":16,"turns":7},{"damage":0,"enemies":"3 Byrds","floor":19,"turns":3},{"damage":6,"enemies":"Shell Parasite","floor":20,"turns":5},{"damage":6,"enemies":"downfall:FleeingMerchant","floor":21,"turns":4},{"damage":7,"enemies":"Slavers","floor":26,"turns":5},{"damage":0,"enemies":"Snake Plant","floor":27,"turns":2},{"damage":0,"enemies":"Centurion and Healer","floor":28,"turns":4},{"damage":0,"enemies":"Colosseum Nobs","floor":30,"turns":3},{"damage":0,"enemies":"Sentry and Sphere","floor":31,"turns":3},{"damage":0,"enemies":"Shelled Parasite and Fungi","floor":32,"turns":3},{"damage":0,"enemies":"WA_ARCHETYPE_CALM","floor":33,"turns":5},{"damage":0,"enemies":"Orb Walker","floor":36,"turns":2},{"damage":0,"enemies":"3 Shapes","floor":37,"turns":2},{"damage":0,"enemies":"downfall:FleeingMerchant","floor":38,"turns":3},{"damage":0,"enemies":"3 Darklings","floor":39,"turns":3},{"damage":0,"enemies":"Sphere and 2 Shapes","floor":42,"turns":2},{"damage":0,"enemies":"Spire Growth","floor":43,"turns":4},{"damage":0,"enemies":"Jaw Worm Horde","floor":45,"turns":3},{"damage":0,"enemies":"Reptomancer","floor":46,"turns":3},{"damage":0,"enemies":"2 Orb Walkers","floor":48,"turns":4},{"damage":11,"enemies":"4 Shapes","floor":49,"turns":4},{"damage":0,"enemies":"DF_ARCHETYPE_ORBS","floor":50,"turns":4}],"seed_played":"-5591144216260900829","potions_obtained":[{"floor":6,"key":"Adrenaline Potion"},{"floor":9,"key":"Regen Potion"},{"floor":11,"key":"FearPotion"},{"floor":14,"key":"Elixir"},{"floor":16,"key":"SneckoOil"},{"floor":20,"key":"Strength Potion"},{"floor":26,"key":"SteroidPotion"},{"floor":43,"key":"SteroidPotion"}],"is_trial":false,"path_per_floor":["R","M","?","?","$","M","T","M","E","$","E","M","M","E","M","B",null,"R","M","M","$","?","R","T","?","E","M","M","R","?","M","M","B",null,"R","M","M","$","M","?","T","M","M","?","M","E","$","?","M","B",null],"character_chosen":"THE_AUTOMATON","items_purchased":["bronze:SpaghettiCode","Guide Book","DollysMirror","BargainBundle","Gambling Chip","Adrenaline Potion"],"campfire_rested":0,"item_purchase_floors":[5,10,38,47,47,47],"current_hp_per_floor":[77,71,71,71,68,68,68,68,68,68,65,65,30,30,30,14,77,77,77,71,65,65,65,65,65,58,58,58,58,58,58,58,58,77,77,77,77,77,77,72,72,72,72,72,72,72,72,72,61,61],"gold":211,"neow_bonus":"TEN_PERCENT_HP_BONUS","is_daily":false,"chose_seed":false,"campfire_upgraded":4,"win_rate":0.0,"timestamp":1613486257,"path_taken":["R","M","?","?","$","?","T","M","E","?","E","M","M","E","M","BOSS","R","M","M","$","?","R","T","?","E","M","?","R","?","M","M","BOSS","R","M","M","$","M","?","T","M","M","?","?","E","$","?","M","BOSS"],"items_purchased_type":["Card","Relic","Relic","Relic","Relic","Potion"],"build_version":"2020-12-22","purchased_purges":4,"victory":true,"max_hp_per_floor":[77,77,77,77,77,77,77,77,77,77,77,77,77,77,77,77,77,77,77,77,77,77,77,77,77,77,77,77,77,77,77,77,77,77,77,77,77,77,77,77,77,77,77,77,77,77,77,77,77,77],"card_choices":[{"not_picked":["bronze:WildBeam","bronze:OilSpill","bronze:BugBarrage"],"picked":"SKIP","floor":2},{"not_picked":["bronze:MaxOutput","bronze:Fortify","bronze:OilSpill"],"picked":"SKIP","floor":5},{"not_picked":["bronze:WildBeam","bronze:Turbo","bronze:Repulsor"],"picked":"SKIP","floor":6},{"not_picked":["bronze:DelayedGuard","bronze:Deprecate"],"picked":"bronze:ChosenStrike","floor":8},{"not_picked":["bronze:Iterate","bronze:DelayedSlice","bronze:FollowUp"],"picked":"SKIP","floor":9},{"not_picked":["bronze:DarkDash","bronze:BuggyMess","bronze:Philosophize"],"picked":"SKIP","floor":10},{"not_picked":["bronze:Overheat","bronze:BronzeArmor"],"picked":"bronze:Optimize","floor":11},{"not_picked":["bronze:Iterate","bronze:Branch","bronze:Flail"],"picked":"SKIP","floor":12},{"not_picked":["bronze:AlphaBuild","bronze:Return","bronze:Boost"],"picked":"SKIP","floor":13},{"not_picked":["bronze:Frontload","bronze:Safeguard","bronze:Repair"],"picked":"SKIP","floor":14},{"not_picked":["bronze:WildBeam","bronze:Frontload","bronze:CloningBeam"],"picked":"SKIP","floor":15},{"not_picked":["bronze:OilSpill","bronze:FineTuning","bronze:Iterate"],"picked":"SKIP","floor":19},{"not_picked":["bronze:BuggyMess","bronze:Fortify+1","bronze:FineTuning"],"picked":"SKIP","floor":20},{"not_picked":["bronze:ForceShield+1","bronze:CloningBeam","bronze:BronzeArmor+1"],"picked":"SKIP","floor":21},{"not_picked":["bronze:WhirlingStrike","bronze:FollowUp","bronze:FineTuning"],"picked":"SKIP","floor":26},{"not_picked":["bronze:OilSpill","bronze:Shell","bronze:CutThrough+1"],"picked":"SKIP","floor":27},{"not_picked":["bronze:WhirlingStrike+1","bronze:FineTuning","bronze:ItsAFeature+1"],"picked":"SKIP","floor":28},{"not_picked":["bronze:Flail+1","bronze:MaxOutput","bronze:HyperBeam","bronze:BuggyMess"],"picked":"SKIP","floor":31},{"not_picked":["bronze:ForLoop","bronze:OilSpill","bronze:Branch","bronze:WildBeam"],"picked":"SKIP","floor":32},{"not_picked":["bronze:Flail","bronze:MaxOutput+1"],"picked":"SKIP","floor":36},{"not_picked":["bronze:Invalidate","bronze:NullPointer+1"],"picked":"SKIP","floor":37},{"not_picked":["bronze:Virus","bronze:Turbo+1"],"picked":"SKIP","floor":38},{"not_picked":["bronze:Return","bronze:MaxOutput+1"],"picked":"SKIP","floor":39},{"not_picked":["bronze:Branch+1","bronze:ItsAFeature+1"],"picked":"SKIP","floor":42},{"not_picked":["bronze:CutThrough+1","bronze:Frontload+1"],"picked":"SKIP","floor":43},{"not_picked":["bronze:Return","bronze:Deprecate+1"],"picked":"SKIP","floor":45},{"not_picked":["bronze:Repair","bronze:FineTuning"],"picked":"SKIP","floor":46},{"not_picked":["bronze:DarkDash+1","bronze:ChosenStrike+1"],"picked":"SKIP","floor":49}],"player_experience":131795,"relics_obtained":[{"floor":3,"key":"Ring of Peace"},{"floor":3,"key":"Ring of Fury"},{"floor":9,"key":"Potion Belt"},{"floor":11,"key":"Dream Catcher"},{"floor":14,"key":"Lizard Tail"},{"floor":24,"key":"Bottled Tornado"},{"floor":26,"key":"Mirror"},{"floor":30,"key":"Calipers"},{"floor":30,"key":"Question Card"},{"floor":41,"key":"Chameleon Ring"},{"floor":44,"key":"Replay:WaspNest"},{"floor":46,"key":"ReplayFunnel"},{"floor":48,"key":"Incense Burner"}],"event_choices":[{"damage_healed":0,"gold_gain":0,"player_choice":"Relic","damage_taken":0,"max_hp_gain":0,"max_hp_loss":0,"event_name":"Wheel of Change","floor":44,"gold_loss":0},{"damage_healed":0,"gold_gain":0,"player_choice":"Fight","damage_taken":0,"max_hp_gain":0,"max_hp_loss":0,"event_name":"Mysterious Sphere","floor":48,"gold_loss":0}],"is_beta":false,"boss_relics":[{"not_picked":["Replay:Wanted Poster","Runic Pyramid"],"picked":"Coffee Dripper"},{"not_picked":["Runic Dome","Calling Bell"],"picked":"Busted Crown"}],"items_purged_floors":[5,21,38,47],"is_endless":false,"potions_floor_spawned":[6,9,11,14,16,19,20,26,28,32,39,43,46],"ascension_level":0}}