{"host":"qy7jow5usmjkdnnq","time":1613515293,"event":{"mods":["BaseMod","Colored Map","Downfall","Minty Spire (QoL Compilation)","Relic Stats","StSLib"],"gold_per_floor":[99,109,121,140,164,164,187,200,213,243,256,285,85,95,114,213,213,213,227,227,327,347,103,103,128,113,138,138,166,66,76,94,199,199,199,214,214,264,264,290,290,290,439,449,449,460,460,479,497,497,497,523,96,96,96,96],"floor_reached":57,"language":"ENG","playtime":5712,"items_purged":["Slimebound:Defend_Slimebound","Doubt"],"score":1753,"play_id":"6b36f17a-2cc1-4b65-b563-cb35ac08940e","local_time":"20210216234133","is_ascension_mode":true,"campfire_choices":[{"data":"Slimebound:Split","floor":1.0,"key":"SMITH"},{"data":"Slimebound:SpikyOuterGoop","floor":6.0,"key":"SMITH"},{"data":"Slimebound:CorrosiveSpit","floor":13.0,"key":"SMITH"},{"floor":18.0,"key":"RECALL"},{"data":"Slimebound:TongueLash","floor":30,"key":"SMITH"},{"data":"Slimebound:SlimeSlap","floor":35,"key":"SMITH"},{"data":"Slimebound:LeechEnergy","floor":42,"key":"SMITH"},{"data":"Slimebound:LeechEnergy","floor":45,"key":"SMITH"},{"data":"Slimebound:GoopSpray","floor":47,"key":"SMITH"},{"data":"Slimebound:TongueLash","floor":54,"key":"SMITH"}],"circlet_count":0,"master_deck":["AscendersBane","Slimebound:Strike_Slimebound","Slimebound:Tackle","Slimebound:Defend_Slimebound","Slimebound:Defend_Slimebound","Slimebound:Split+1","Slimebound:CorrosiveSpit+1","Slimebound:SpikyOuterGoop+1","Slimebound:Schlurp","Slimebound:Repurpose","Slimebound:SplitMire","Slimebound:Schlurp","Slimebound:LeechingTouch","Slimebound:Prepare","Slimebound:Gluttony+1","Slimebound:DuplicatedForm+1","Slimebound:LeechingTouch","Slimebound:TongueLash+1","Slimebound:Equalize","Slimebound:LeechEnergy+1","Slimebound:LeechEnergy+1","Slimebound:Prepare","Slimebound:GoopSpray+1","Slimebound:SlimeSlap+1","Slimebound:TongueLash+1","Slimebound:Prepare+1","Slimebound:AcidTongue+1","Slimebound:LeadByExample+1","Slimebound:FormOfPuddle+1"],"relics":["Slimebound:AbsorbEndCombat","Du-Vu Doll","Tiny Chest","Frozen Egg 2","Juzu Bracelet","downfall:HeartBlessingGreen","downfall:HeartBlessingBlue","Philosopher\u0027s Stone","Bag of Preparation","Incense Burner","Strawberry","Ornamental Fan","Bottled Lightning","Lantern","downfall:HeartBlessingRed","Coffee Dripper","StoneCalendar","Bag of Marbles","Bottled Tornado","HornCleat","Pen Nib","Guardian:BottledAnomaly"],"acts_visited":["Exordium","TheCity","TheBeyond","TheEnding"],"potions_floor_usage":[50,50,56,56],"damage_taken":[{"damage":1.0,"enemies":"Cultist","floor":2.0,"turns":4.0},{"damage":0.0,"enemies":"2 Louse","floor":3.0,"turns":3.0},{"damage":2.0,"enemies":"Jaw Worm","floor":4.0,"turns":4.0},{"damage":20.0,"enemies":"Exordium Wildlife","floor":8.0,"turns":5.0},{"damage":2.0,"enemies":"2 Fungi Beasts","floor":9.0,"turns":3.0},{"damage":41.0,"enemies":"Gremlin Nob","floor":10.0,"turns":5.0},{"damage":2.0,"enemies":"downfall:LooterAlt","floor":11.0,"turns":4.0},{"damage":0.0,"enemies":"Lagavulin","floor":12.0,"turns":7.0},{"damage":0.0,"enemies":"Lots of Slimes","floor":14.0,"turns":5.0},{"damage":0.0,"enemies":"2 Fungi Beasts","floor":15.0,"turns":4.0},{"damage":8.0,"enemies":"DF_ARCHETYPE_STREAMLINE","floor":16.0,"turns":9.0},{"damage":15.0,"enemies":"Spheric Guardian","floor":19.0,"turns":5.0},{"damage":50.0,"enemies":"3 Byrds","floor":22.0,"turns":6.0},{"damage":3.0,"enemies":"downfall:FleeingMerchant","floor":23.0,"turns":4.0},{"damage":62.0,"enemies":"Slavers","floor":25.0,"turns":7.0},{"damage":23.0,"enemies":"downfall:FleeingMerchant","floor":26.0,"turns":4.0},{"damage":13,"enemies":"Gremlin Leader","floor":27,"turns":6},{"damage":22,"enemies":"Slavers","floor":29,"turns":6},{"damage":20,"enemies":"Centurion and Healer","floor":31,"turns":6},{"damage":15,"enemies":"Chosen and Byrds","floor":32,"turns":6},{"damage":21,"enemies":"IC_MUSHROOM_ARCHETYPE","floor":33,"turns":8},{"damage":32,"enemies":"Orb Walker","floor":36,"turns":4},{"damage":20,"enemies":"2 Orb Walkers","floor":38,"turns":4},{"damage":15,"enemies":"downfall:FleeingMerchant","floor":43,"turns":3},{"damage":15,"enemies":"3 Darklings","floor":44,"turns":4},{"damage":15,"enemies":"Spire Growth","floor":46,"turns":4},{"damage":21,"enemies":"4 Shapes","floor":48,"turns":4},{"damage":23,"enemies":"3 Darklings","floor":49,"turns":5},{"damage":14,"enemies":"WA_ARCHETYPE_DIVINITY","floor":50,"turns":10},{"damage":26,"enemies":"downfall:CharBossMerchant","floor":52,"turns":6},{"damage":15,"enemies":"downfall:NeowBoss","floor":55,"turns":16},{"damage":36,"enemies":"downfall:NeowBossFinal","floor":56,"turns":8}],"seed_played":"8538504328100271284","potions_obtained":[{"floor":3.0,"key":"Energy Potion"},{"floor":4.0,"key":"Strength Potion"},{"floor":8.0,"key":"Dexterity Potion"},{"floor":11.0,"key":"FairyPotion"},{"floor":25.0,"key":"FearPotion"},{"floor":27,"key":"Strength Potion"},{"floor":32,"key":"DistilledChaos"}],"is_trial":false,"path_per_floor":["R","M","M","M","T","R","T","M","M","E","M","E","R","M","M","B",null,"R","M","?","?","M","$","T","E","$","E","T","E","R","M","M","B",null,"R","M","?","?","?","T","T","R","$","M","R","M","R","M","M","B",null,"E","$","R","B","B",null],"character_chosen":"SLIMEBOUND","items_purchased":["Bag of Preparation","Slimebound:AcidTongue+1","Pen Nib","Guardian:BottledAnomaly","Slimebound:SlimyTonguePotion","sneckomod:MuddlingPotion"],"campfire_rested":0,"item_purchase_floors":[23,43,53,53,53,53],"current_hp_per_floor":[59,59,59,59,59,59,59,45,49,14,20,28,38,46,52,52,65,65,69,69,69,42,55,55,56,64,65,65,59,59,66,76,70,75,75,66,66,75,75,75,75,75,76,76,76,76,76,76,74,71,75,76,76,76,76,55],"gold":96,"neow_bonus":"ONE_RARE_RELIC","is_daily":false,"chose_seed":false,"campfire_upgraded":9,"win_rate":0.0,"timestamp":1613515293,"path_taken":["R","M","M","M","?","R","T","M","M","E","M","E","R","M","M","BOSS","R","M","?","?","M","?","T","E","$","E","?","E","R","M","M","BOSS","R","M","?","?","?","?","T","R","$","M","R","M","R","M","M","BOSS","E","$","R","BOSS","BOSS"],"items_purchased_type":["Relic","Card","Relic","Relic","Potion","Potion"],"build_version":"2020-12-22","purchased_purges":2,"victory":true,"max_hp_per_floor":[59,59,59,59,59,59,59,59,59,59,59,59,69,69,69,69,69,69,69,69,69,69,69,69,76,76,76,76,76,76,76,76,76,76,76,76,76,76,76,76,76,76,76,76,76,76,76,76,76,76,76,76,76,76,76,76],"relic_stats":{"counters":[32,176],"Ornamental Fan":[212],"Tiny Chest":2,"StoneCalendar":[156],"Pen Nib":[7],"Juzu Bracelet":0,"Bag of Preparation":[36],"obtain_stats":[{"Lantern":29,"downfall:HeartBlessingRed":30,"downfall:HeartBlessingGreen":13,"StoneCalendar":38,"Pen Nib":53,"Juzu Bracelet":12,"Bag of Preparation":23,"Incense Burner":24,"Frozen Egg 2":10,"Bottled Tornado":41,"Du-Vu Doll":0,"HornCleat":52,"downfall:HeartBlessingBlue":13,"Ornamental Fan":27,"Strawberry":25,"Tiny Chest":5,"Philosopher\u0027s Stone":17,"Slimebound:AbsorbEndCombat":0,"Coffee Dripper":34,"Bag of Marbles":40,"Bottled Lightning":28,"Guardian:BottledAnomaly":53},{"Lantern":18,"downfall:HeartBlessingRed":18,"downfall:HeartBlessingGreen":8,"StoneCalendar":23,"Pen Nib":30,"Juzu Bracelet":8,"Bag of Preparation":14,"Incense Burner":14,"Frozen Egg 2":6,"Bottled Tornado":23,"Du-Vu Doll":0,"HornCleat":30,"downfall:HeartBlessingBlue":8,"Ornamental Fan":17,"Strawberry":15,"Tiny Chest":3,"Philosopher\u0027s Stone":11,"Slimebound:AbsorbEndCombat":0,"Coffee Dripper":21,"Bag of Marbles":23,"Bottled Lightning":17,"Guardian:BottledAnomaly":30},{"Lantern":89,"downfall:HeartBlessingRed":89,"downfall:HeartBlessingGreen":34,"StoneCalendar":117,"Pen Nib":152,"Juzu Bracelet":34,"Bag of Preparation":66,"Incense Burner":66,"Frozen Egg 2":24,"Bottled Tornado":117,"Du-Vu Doll":0,"HornCleat":152,"downfall:HeartBlessingBlue":34,"Ornamental Fan":83,"Strawberry":73,"Tiny Chest":11,"Philosopher\u0027s Stone":52,"Slimebound:AbsorbEndCombat":0,"Coffee Dripper":109,"Bag of Marbles":117,"Bottled Lightning":83,"Guardian:BottledAnomaly":152}]},"card_choices":[{"not_picked":["Slimebound:LivingWall","Slimebound:PressTheAttack"],"picked":"Slimebound:SpikyOuterGoop","floor":2.0},{"not_picked":["Slimebound:Nibble","Slimebound:SlimeTap"],"picked":"Slimebound:Schlurp","floor":3.0},{"not_picked":["Slimebound:GoopTackle","Slimebound:PressTheAttack"],"picked":"Slimebound:Repurpose","floor":4.0},{"not_picked":["Slimebound:SplitAcid","Slimebound:SplitBruiser"],"picked":"Slimebound:SplitMire","floor":8.0},{"not_picked":["Slimebound:SlimeTap","Slimebound:SamplingLick"],"picked":"Slimebound:Schlurp","floor":9.0},{"not_picked":["Slimebound:AcidTongue+1","Slimebound:SplitSpecialist","Slimebound:HungryTackle"],"picked":"SKIP","floor":10.0},{"not_picked":["Slimebound:ComboTackle","Slimebound:GoopTackle"],"picked":"Slimebound:LeechingTouch","floor":11.0},{"not_picked":["Slimebound:SplitAcid","Slimebound:HungryTackle"],"picked":"Slimebound:Prepare","floor":12.0},{"not_picked":["Slimebound:Replication","Slimebound:ForwardTackle"],"picked":"Slimebound:Gluttony+1","floor":14.0},{"not_picked":["Slimebound:HauntingLick","Slimebound:RollThrough","Slimebound:Schlurp"],"picked":"SKIP","floor":15.0},{"not_picked":["Slimebound:PrepareCrush","Slimebound:SelfFormingGoo+1"],"picked":"Slimebound:DuplicatedForm+1","floor":16.0},{"not_picked":["Slimebound:GoopTackle","Slimebound:SplitBruiser"],"picked":"Slimebound:LeechingTouch","floor":19.0},{"not_picked":["Slimebound:ServeAndProtect","Slimebound:ProtectTheBoss+1"],"picked":"Slimebound:Equalize","floor":22.0},{"not_picked":["Slimebound:SplitMire","Slimebound:Chomp","Slimebound:RollThrough"],"picked":"SKIP","floor":23.0},{"not_picked":["Slimebound:SlimeSpikes","Slimebound:Repurpose"],"picked":"Slimebound:LeechEnergy","floor":25.0},{"not_picked":["Slimebound:SlimeBarrage+1","Slimebound:SplitAcid","Slimebound:SplitMire"],"picked":"SKIP","floor":26.0},{"not_picked":["Slimebound:SlimeSpikes","Slimebound:Repurpose"],"picked":"Slimebound:LeechEnergy","floor":27},{"not_picked":["Slimebound:ForwardTackle","Slimebound:SplitMire"],"picked":"Slimebound:Prepare","floor":29},{"not_picked":["Slimebound:Prepare","Slimebound:ItLooksTasty"],"picked":"Slimebound:GoopSpray","floor":31},{"not_picked":["Slimebound:Prepare","Slimebound:LevelUp+1","Slimebound:Nibble+1"],"picked":"SKIP","floor":32},{"not_picked":["Slimebound:MassRepurpose","Slimebound:DuplicatedForm+1"],"picked":"Slimebound:SlimeSlap","floor":33},{"not_picked":["Slimebound:SplitBruiser","Slimebound:HungryTackle","Slimebound:RainOfGoop"],"picked":"SKIP","floor":36},{"not_picked":["Slimebound:SplitAcid+1","Slimebound:LeadByExample+1"],"picked":"Slimebound:TongueLash","floor":38},{"not_picked":["Slimebound:FirmFortitude","Slimebound:ItLooksTasty"],"picked":"Slimebound:Prepare+1","floor":43},{"not_picked":["Slimebound:DivideAndConquer","Slimebound:SplitLeeching","Slimebound:FinishingTackle"],"picked":"SKIP","floor":44},{"not_picked":["Slimebound:HauntingLick","Slimebound:SlimeBarrage"],"picked":"Slimebound:LeadByExample+1","floor":46},{"not_picked":["Slimebound:GoopSpray","Slimebound:PressTheAttack"],"picked":"Slimebound:FormOfPuddle+1","floor":48},{"not_picked":["Slimebound:SamplingLick","Slimebound:Recollect","Slimebound:Schlurp"],"picked":"SKIP","floor":49},{"not_picked":["Slimebound:LeechEnergy","Slimebound:RollThrough","Slimebound:PressTheAttack"],"picked":"SKIP","floor":52}],"player_experience":734692,"relics_obtained":[{"floor":5.0,"key":"Tiny Chest"},{"floor":10.0,"key":"Frozen Egg 2"},{"floor":12.0,"key":"Juzu Bracelet"},{"floor":24.0,"key":"Incense Burner"},{"floor":25.0,"key":"Strawberry"},{"floor":27,"key":"Ornamental Fan"},{"floor":28,"key":"Bottled Lightning"},{"floor":29,"key":"Lantern"},{"floor":38,"key":"StoneCalendar"},{"floor":40,"key":"Bag of Marbles"},{"floor":41,"key":"Bottled Tornado"},{"floor":52,"key":"HornCleat"}],"event_choices":[{"damage_healed":0.0,"max_hp_gain":0.0,"max_hp_loss":0.0,"gold_gain":0.0,"event_name":"The Library","player_choice":"Read","floor":20.0,"gold_loss":0.0,"damage_taken":0.0,"cards_obtained":["Slimebound:TongueLash"]},{"damage_healed":0,"gold_gain":0,"player_choice":"Fight","damage_taken":0,"max_hp_gain":0,"max_hp_loss":0,"event_name":"Mysterious Sphere","floor":38,"gold_loss":0}],"is_beta":false,"boss_relics":[{"not_picked":["Slimebound:AbsorbEndCombatUpgraded","Busted Crown"],"picked":"Philosopher\u0027s Stone"},{"not_picked":["Velvet Choker","Pandora\u0027s Box"],"picked":"Coffee Dripper"}],"items_purged_floors":[23,43],"is_endless":false,"potions_floor_spawned":[3,4,8,10,11,15,25,27,32,38,46],"ascension_level":12}}