{"host":"m09tgwt98r7ugp6s","time":1613466845,"event":{"mods":["Aspiration","BaseMod","Conspire","Energized Spire","FoggyMod","GifTheSpireLib","Halation","Hubris","HumanHunterMod(????mod)","Infinite Spire","Marisa????????","Minty Spire (QoL Compilation)","Potionbrewer","Replay The Spire","Spicy Shops","StSLib","Thieving Mod","Wandering Minibosses"],"gold_per_floor":[115,115,115,115,134,134,148,148,148,148,148,148,192,157,157,157,157],"floor_reached":16,"language":"ENG","playtime":330,"items_purged":[],"score":96,"play_id":"4690cc2a-bdb1-42cf-8b63-a44863874009","local_time":"20210216111405","is_ascension_mode":false,"campfire_choices":[{"data":"potionbrewer:FlashPowder","floor":6,"key":"SMITH"},{"data":"potionbrewer:ChemicalSpill","floor":8,"key":"SMITH"},{"data":"potionbrewer:CrossReference","floor":11,"key":"SMITH"},{"data":"potionbrewer:Backhand","floor":15,"key":"SMITH"}],"circlet_count":0,"master_deck":["potionbrewer:PotionbrewerStrike","potionbrewer:PotionbrewerStrike","potionbrewer:PotionbrewerStrike","potionbrewer:PotionbrewerStrike","potionbrewer:PotionbrewerDefend","potionbrewer:PotionbrewerDefend","potionbrewer:PotionbrewerDefend","potionbrewer:PotionbrewerDefend","potionbrewer:Collect","potionbrewer:ChemicalSpill+1","potionbrewer:Smack+1","potionbrewer:FlashPowder+1","potionbrewer:CrossReference+1","potionbrewer:Backhand+1"],"relics":["potionbrewer:PotionKit","Golden Idol","Sundial","aspiration:TomeofQuesting","conspire:DecoderRing"],"acts_visited":["Exordium"],"potions_floor_usage":[7,7,13,13,13],"damage_taken":[{"damage":1,"enemies":"conspire:RoseBush","floor":1,"turns":4},{"damage":9,"enemies":"2 Louse","floor":5,"turns":3},{"damage":25,"enemies":"Jaw Worm","floor":7,"turns":7},{"damage":14,"enemies":"Gremlin Nob","floor":13,"turns":4},{"damage":0,"enemies":"Fading Forest","floor":16,"turns":1}],"seed_played":"-691697608892605313","potions_obtained":[{"floor":5,"key":"PowerPotion"},{"floor":13,"key":"potionbrewer:BoundlessPotion"}],"is_trial":false,"path_per_floor":["M","?","?","$","M","R","M","R","T","T","R","?","E","?","R","B"],"character_chosen":"POTIONBREWER","items_purchased":[],"campfire_rested":0,"item_purchase_floors":[],"current_hp_per_floor":[81,81,61,61,52,52,27,27,27,27,27,24,10,30,30,30,30],"gold":157,"neow_bonus":"TEN_PERCENT_HP_BONUS","is_daily":false,"chose_seed":false,"campfire_upgraded":4,"win_rate":0.0,"timestamp":1613466845,"path_taken":["M","?","?","?","?","R","?","R","T","?","R","?","E","?","R","BOSS"],"items_purchased_type":[],"build_version":"2020-12-22","purchased_purges":0,"victory":false,"max_hp_per_floor":[82,82,82,82,82,82,82,82,82,82,82,82,82,82,82,82,82],"card_choices":[{"not_picked":["potionbrewer:Fuel","potionbrewer:Experimentation"],"picked":"potionbrewer:Smack","floor":1},{"not_picked":["potionbrewer:AcidCloud","potionbrewer:TimeBomb"],"picked":"potionbrewer:FlashPowder","floor":5},{"not_picked":["potionbrewer:UnstableFormula","potionbrewer:VolatileSolution"],"picked":"potionbrewer:CrossReference","floor":7},{"not_picked":["potionbrewer:VolatileSolution","potionbrewer:Experimentation"],"picked":"potionbrewer:Backhand","floor":13}],"player_experience":128193,"relics_obtained":[{"floor":9,"key":"Sundial"},{"floor":13,"key":"conspire:DecoderRing"}],"event_choices":[{"damage_healed":0,"gold_gain":0,"player_choice":"Grow","damage_taken":0,"max_hp_gain":0,"max_hp_loss":0,"event_name":"Living Wall","floor":2,"gold_loss":0,"cards_upgraded":["potionbrewer:Smack"]},{"damage_healed":0,"gold_gain":0,"player_choice":"Take Damage","damage_taken":20,"relics_obtained":["Golden Idol"],"max_hp_gain":0,"max_hp_loss":0,"event_name":"Golden Idol","floor":3,"gold_loss":0},{"damage_healed":0,"gold_gain":0,"player_choice":"Success","damage_taken":3,"relics_obtained":["aspiration:TomeofQuesting"],"max_hp_gain":0,"max_hp_loss":0,"event_name":"Scrap Ooze","floor":12,"gold_loss":0},{"damage_healed":20,"gold_gain":0,"player_choice":"Healed","damage_taken":0,"max_hp_gain":0,"max_hp_loss":0,"event_name":"The Cleric","floor":14,"gold_loss":35}],"is_beta":false,"boss_relics":[],"items_purged_floors":[],"is_endless":false,"potions_floor_spawned":[5,13],"killed_by":"Fading Forest","ascension_level":0}}