{"host":"by8i6f8xc0ywpsd5","time":1613484915,"event":{"mods":["BaseMod","Colored Map","Minty Spire (QoL Compilation)","Relic Stats"],"gold_per_floor":[117,192,205,19,33,33,33,62,62,80,115,80,112,181,181,181,181],"floor_reached":16,"language":"ENG","playtime":509,"items_purged":["Strike_R"],"score":236,"play_id":"eed402a7-f126-4973-b2a0-de6b53319c48","local_time":"20210216161515","is_ascension_mode":true,"campfire_choices":[{"data":"Whirlwind","floor":6,"key":"SMITH"},{"data":"Armaments","floor":15,"key":"SMITH"}],"circlet_count":0,"master_deck":["AscendersBane","Strike_R","Strike_R","Strike_R","Strike_R","Defend_R","Defend_R","Defend_R","Defend_R","Bash","Shrug It Off","Armaments+1","Whirlwind+1","Pommel Strike","Anger","Bloodletting","Flex","Havoc","Headbutt"],"relics":["Burning Blood","CaptainsWheel","Gambling Chip","Paper Frog","Blue Candle"],"acts_visited":["Exordium"],"potions_floor_usage":[16],"damage_taken":[{"damage":2,"enemies":"2 Louse","floor":1,"turns":3},{"damage":12,"enemies":"Small Slimes","floor":3,"turns":4},{"damage":0,"enemies":"Jaw Worm","floor":5,"turns":4},{"damage":31,"enemies":"Gremlin Nob","floor":8,"turns":4},{"damage":3,"enemies":"Blue Slaver","floor":10,"turns":4},{"damage":34,"enemies":"Lagavulin","floor":11,"turns":8},{"damage":11,"enemies":"Gremlin Nob","floor":13,"turns":3},{"damage":39,"enemies":"Hexaghost","floor":16,"turns":7}],"seed_played":"-3895070832246498587","potions_obtained":[{"floor":3,"key":"Dexterity Potion"},{"floor":11,"key":"Strength Potion"}],"is_trial":false,"path_per_floor":["M","?","M","$","M","R","?","E","T","M","E","?","E","T","R","B"],"character_chosen":"IRONCLAD","items_purchased":["Whirlwind","Pommel Strike"],"campfire_rested":0,"item_purchase_floors":[4,4],"current_hp_per_floor":[79,68,62,62,68,68,68,43,43,46,18,38,33,33,33,0,0],"gold":181,"neow_bonus":"TEN_PERCENT_HP_BONUS","is_daily":false,"chose_seed":false,"campfire_upgraded":2,"win_rate":0.0,"timestamp":1613484915,"path_taken":["M","?","M","$","M","R","?","E","T","M","E","?","E","?","R","BOSS"],"items_purchased_type":["Card","Card"],"build_version":"2020-12-22","purchased_purges":1,"victory":false,"max_hp_per_floor":[82,82,82,82,82,82,82,82,82,82,82,82,82,82,82,82,82],"relic_stats":{"counters":[8,37],"Gambling Chip":[17],"Blue Candle":[0],"obtain_stats":[{"CaptainsWheel":8,"Gambling Chip":9,"Blue Candle":13,"Burning Blood":0,"Paper Frog":11},{"CaptainsWheel":4,"Gambling Chip":4,"Blue Candle":7,"Burning Blood":0,"Paper Frog":6},{"CaptainsWheel":15,"Gambling Chip":15,"Blue Candle":30,"Burning Blood":0,"Paper Frog":27}],"Burning Blood":42},"card_choices":[{"not_picked":["Flex","Pommel Strike"],"picked":"Shrug It Off","floor":1},{"not_picked":["Ghostly Armor","Body Slam"],"picked":"Armaments","floor":3},{"not_picked":["Thunderclap","Combust"],"picked":"Anger","floor":5},{"not_picked":["Searing Blow","Shrug It Off"],"picked":"Bloodletting","floor":8},{"not_picked":["Thunderclap","Dropkick"],"picked":"Flex","floor":10},{"not_picked":["Second Wind","Dark Embrace"],"picked":"Havoc","floor":11},{"not_picked":["Berserk","Rampage"],"picked":"Headbutt","floor":13}],"player_experience":1780718,"relics_obtained":[{"floor":8,"key":"CaptainsWheel"},{"floor":9,"key":"Gambling Chip"},{"floor":11,"key":"Paper Frog"},{"floor":13,"key":"Blue Candle"}],"event_choices":[{"damage_healed":0,"gold_gain":75,"player_choice":"Gather Gold","damage_taken":11,"max_hp_gain":0,"max_hp_loss":0,"event_name":"World of Goop","floor":2,"gold_loss":0},{"damage_healed":0,"gold_gain":0,"player_choice":"Ignored","damage_taken":0,"max_hp_gain":0,"max_hp_loss":0,"event_name":"Liars Game","floor":7,"gold_loss":0},{"damage_healed":20,"gold_gain":0,"player_choice":"Healed","damage_taken":0,"max_hp_gain":0,"max_hp_loss":0,"event_name":"The Cleric","floor":12,"gold_loss":35}],"is_beta":false,"boss_relics":[],"items_purged_floors":[4],"is_endless":false,"potions_floor_spawned":[3,11,13],"killed_by":"Hexaghost","ascension_level":20}}