{"host":"od06gsur5w60l0yz","time":1613498559,"event":{"mods":["BaseMod","Better Match","Better Third Choice","Colored Map","Downfall","GifTheSpireLib","Googly Eyes","Hermit","Hubris","Minty Spire (QoL Compilation)","Reliquary","Replay The Spire","StSLib","The Cursed","The Forsaken","The Hierophant","The Necromancer","The Saiyan","The Senshi"],"gold_per_floor":[117,128,148,161,171,200,213,227,250,260,273,290,306,338,338,442,442,454,438,448,468,484,516,516,516,516,516,548,564,599,619,619,717,717,731,741,841,841,854,854,889,765,792,809,840,855,855,865,865,865,865,865,431,463,463],"floor_reached":56,"language":"ENG","playtime":7169,"items_purged":["Decay","Parasite"],"score":1468,"play_id":"fc5a07f2-19e7-47bb-9803-882eba7c7631","local_time":"20210216160239","is_ascension_mode":false,"campfire_choices":[{"data":"theForsaken:DarkBarrier","floor":15.0,"key":"SMITH"},{"data":"theForsaken:WrathOfGod","floor":24.0,"key":"SMITH"},{"floor":27.0,"key":"RECALL"},{"data":"theForsaken:Horror","floor":32.0,"key":"SMITH"},{"data":"theForsaken:Confusion","floor":40.0,"key":"SMITH"},{"data":"theForsaken:WrathOfGod+1","floor":47.0,"key":"SMITH"},{"data":"theForsaken:WrathOfGod+2","floor":49.0,"key":"SMITH"},{"data":"theForsaken:WrathOfGod+3","floor":52,"key":"SMITH"}],"circlet_count":0,"master_deck":["theForsaken:TheForsaken_Strike","theForsaken:TheForsaken_Strike","theForsaken:TheForsaken_Strike","theForsaken:TheForsaken_Strike","theForsaken:TheForsaken_Defend","theForsaken:TheForsaken_Defend","theForsaken:TheForsaken_Defend","theForsaken:TheForsaken_Defend","theForsaken:Smite","theForsaken:Penitence","theForsaken:HealingLight","theForsaken:DarkBarrier+1","theForsaken:WardingHymn","theForsaken:HymnOfRest","theForsaken:ChargeAttack","theForsaken:WordsOfMight","theForsaken:Temperance","theForsaken:Enfeeble","theForsaken:QuickAttack","theForsaken:WrathOfGod+4","theForsaken:DivineGuidance","theForsaken:InspiringBlow+1","theForsaken:ShieldBash+1","theForsaken:WardingHymn","theForsaken:Horror+1","theForsaken:Confusion+1","theForsaken:LightRoll+1","theForsaken:QuickAttack+1","theForsaken:QuickAttack+1","theForsaken:Horror","Panache","theForsaken:QuickAttack+1","theForsaken:FuryStrikes+1","theForsaken:AncientWords","theForsaken:ChargeAttack","ReplayTheSpireMod:Trickstab","theForsaken:CleansingLight+1"],"relics":["theForsaken:JudgementScales","hubris:Teleporter","Replay:Wax Seal","Replay:Baseball","Painkiller Herb","hubris:Zylophone","hubris:Metronome","theSenshi:SailorFukuRelic","reliquary:PartyBalloon","Replay:Towering Pillar of Hats","Sozu","Membership Card","Vajra","ReplayTheSpireMod:Ninjato","Nunchaku","hubris:MedicalManual","Strawberry","Bird Faced Urn","Lantern","Lee\u0027s Waffle","Gremlin Horn","Gremlin Food"],"acts_visited":["Exordium","TheCity","TheBeyond","TheEnding"],"potions_floor_usage":[55,55],"damage_taken":[{"damage":0.0,"enemies":"2 Louse","floor":1.0,"turns":6.0},{"damage":1.0,"enemies":"Jaw Worm","floor":2.0,"turns":5.0},{"damage":1.0,"enemies":"Cultist","floor":3.0,"turns":6.0},{"damage":27.0,"enemies":"Lots of Slimes","floor":4.0,"turns":10.0},{"damage":14.0,"enemies":"Looter","floor":5.0,"turns":4.0},{"damage":0.0,"enemies":"Gremlin Nob","floor":6.0,"turns":7.0},{"damage":9.0,"enemies":"2 Fungi Beasts","floor":7.0,"turns":7.0},{"damage":0.0,"enemies":"Large Slime","floor":8.0,"turns":20.0},{"damage":17.0,"enemies":"Gremlin Gang","floor":10.0,"turns":11.0},{"damage":0.0,"enemies":"Exordium Wildlife","floor":11.0,"turns":8.0},{"damage":10.0,"enemies":"Looter","floor":12.0,"turns":4.0},{"damage":10.0,"enemies":"Gremlin Gang","floor":13.0,"turns":12.0},{"damage":0.0,"enemies":"Lagavulin","floor":14.0,"turns":10.0},{"damage":0.0,"enemies":"The Guardian","floor":16.0,"turns":14.0},{"damage":9.0,"enemies":"3 Byrds","floor":18.0,"turns":11.0},{"damage":0.0,"enemies":"2 Thieves","floor":19.0,"turns":4.0},{"damage":23.0,"enemies":"Snecko","floor":20.0,"turns":7.0},{"damage":0.0,"enemies":"Centurion and Healer","floor":21.0,"turns":15.0},{"damage":28.0,"enemies":"Chosen and Byrds","floor":22.0,"turns":10.0},{"damage":7.0,"enemies":"Book of Stabbing","floor":23.0,"turns":6.0},{"damage":23.0,"enemies":"Slavers","floor":28.0,"turns":12.0},{"damage":0.0,"enemies":"3 Cultists","floor":29.0,"turns":8.0},{"damage":0.0,"enemies":"Replay:Snechameleon","floor":30.0,"turns":7.0},{"damage":20.0,"enemies":"Centurion and Healer","floor":31.0,"turns":13.0},{"damage":20.0,"enemies":"hubris:MusketHawk","floor":33.0,"turns":11.0},{"damage":0.0,"enemies":"3 Shapes","floor":35.0,"turns":4.0},{"damage":8.0,"enemies":"Orb Walker","floor":36.0,"turns":4.0},{"damage":3.0,"enemies":"Writhing Mass","floor":39.0,"turns":7.0},{"damage":1.0,"enemies":"Nemesis","floor":41.0,"turns":11.0},{"damage":21.0,"enemies":"4 Shapes","floor":44.0,"turns":8.0},{"damage":0.0,"enemies":"Reptomancer","floor":45.0,"turns":10.0},{"damage":0.0,"enemies":"3 Darklings","floor":46.0,"turns":2.0},{"damage":0.0,"enemies":"Jaw Worm Horde","floor":48.0,"turns":6.0},{"damage":33,"enemies":"hubris:GrandSnecko","floor":50,"turns":16},{"damage":77,"enemies":"Shield and Spear","floor":54,"turns":14},{"damage":83,"enemies":"The Heart","floor":55,"turns":11}],"seed_played":"2975065289474534668","potions_obtained":[{"floor":5.0,"key":"Fruit Juice"},{"floor":7.0,"key":"ColorlessPotion"},{"floor":8.0,"key":"Dexterity Potion"},{"floor":11.0,"key":"sneckomod:MuddlingPotion"},{"floor":12.0,"key":"hexamod:SoulburnPotion"},{"floor":13.0,"key":"SkillPotion"},{"floor":16.0,"key":"DuplicationPotion"},{"floor":19.0,"key":"SneckoOil"},{"floor":20.0,"key":"champ:CounterPotion"},{"floor":23.0,"key":"SpeedPotion"},{"floor":29.0,"key":"GamblersBrew"},{"floor":31.0,"key":"GamblersBrew"},{"floor":33.0,"key":"Block Potion"}],"is_trial":false,"path_per_floor":["M","M","M","M","M","E","M","M","T","M","M","M","M","E","R","B",null,"?","?","?","?","?","E","T","?","T","T","E","?","E","?","T","B",null,"?","?","?","T","?","T","E","T","T","?","E","?","T","?","T","B",null,"T","T","E","B",null],"character_chosen":"THE_FORSAKEN","items_purchased":["Membership Card","Vajra","ReplayTheSpireMod:Ninjato","Nunchaku","Panache","theForsaken:AncientWords","Lantern","Lee\u0027s Waffle","theForsaken:ChargeAttack","ReplayTheSpireMod:Trickstab","Gremlin Horn"],"campfire_rested":0,"item_purchase_floors":[38,38,38,38,42,53,53,53,53,53,53],"current_hp_per_floor":[50,56,62,44,33,44,41,51,51,47,56,49,54,57,57,66,70,70,70,48,62,43,47,47,47,47,47,38,43,46,65,65,51,76,76,68,68,22,41,41,78,78,85,79,87,87,87,87,87,66,87,87,91,47,5],"gold":463,"neow_bonus":"ONE_RARE_RELIC","is_daily":false,"chose_seed":false,"campfire_upgraded":7,"win_rate":0.0,"timestamp":1613498559,"path_taken":["M","M","M","M","M","E","M","M","T","M","M","M","M","E","R","BOSS","?","?","?","?","?","E","T","?","T","T","E","?","E","?","T","BOSS","?","?","?","?","?","T","E","T","T","?","E","?","T","?","T","BOSS","T","T","E","BOSS"],"items_purchased_type":["Relic","Relic","Relic","Relic","Card","Card","Relic","Relic","Card","Card","Relic"],"build_version":"2020-12-22","purchased_purges":2,"victory":true,"max_hp_per_floor":[65,65,65,65,65,70,70,70,70,70,70,70,70,70,70,70,70,70,70,70,70,70,70,70,70,70,70,72,74,74,76,76,76,76,76,76,76,76,76,76,78,78,85,85,87,87,87,87,87,87,87,87,91,91,91],"card_choices":[{"not_picked":["theForsaken:Eulogy","theForsaken:HymnOfPatience"],"picked":"theForsaken:HealingLight","floor":1.0},{"not_picked":["theForsaken:PanicDive","theForsaken:WordsOfPestilence"],"picked":"theForsaken:DarkBarrier","floor":2.0},{"not_picked":["theForsaken:Retribution","theForsaken:RainingSunlight","theForsaken:Tranquility"],"picked":"SKIP","floor":3.0},{"not_picked":["theForsaken:SolarFlare","theForsaken:StoreUp","theForsaken:BindingThorns"],"picked":"SKIP","floor":4.0},{"not_picked":["theForsaken:InspiringBlow","theForsaken:HealingLight"],"picked":"theForsaken:WardingHymn","floor":5.0},{"not_picked":["theForsaken:Preservation","theForsaken:CleansingLight"],"picked":"theForsaken:HymnOfRest","floor":6.0},{"not_picked":["theForsaken:ShieldCharge","theForsaken:StoreUp","theForsaken:Riposte"],"picked":"SKIP","floor":7.0},{"not_picked":["theForsaken:SolarFlare","theForsaken:FatRoll","theForsaken:RainingSunlight"],"picked":"SKIP","floor":8.0},{"not_picked":["theForsaken:Parry","theForsaken:PowerUp","theForsaken:CreepingInfection"],"picked":"SKIP","floor":10.0},{"not_picked":["theForsaken:Parry","theForsaken:HorrifyingStrike","theForsaken:PanicDive"],"picked":"SKIP","floor":11.0},{"not_picked":["theForsaken:StoreUp","theForsaken:SolarFlare"],"picked":"theForsaken:ChargeAttack","floor":12.0},{"not_picked":["theForsaken:CreepingInfection","theForsaken:Retribution"],"picked":"theForsaken:WordsOfMight","floor":13.0},{"not_picked":["theForsaken:Riposte","theForsaken:Backlash","theForsaken:CreepingInfection"],"picked":"SKIP","floor":14.0},{"not_picked":["theForsaken:CorruptedForm","theForsaken:Purification"],"picked":"theForsaken:Temperance","floor":16.0},{"not_picked":["theForsaken:RainingSunlight","theForsaken:Thunderbolt+1"],"picked":"theForsaken:Enfeeble","floor":18.0},{"not_picked":["theForsaken:ShieldCharge","theForsaken:DarkBarrier"],"picked":"theForsaken:QuickAttack","floor":19.0},{"not_picked":["theForsaken:ChargeAttack","theForsaken:ShieldCharge","theForsaken:CreepingInfection"],"picked":"SKIP","floor":20.0},{"not_picked":["theForsaken:Tranquility+1","theForsaken:NobleSacrifice","theForsaken:ChargeAttack"],"picked":"SKIP","floor":21.0},{"not_picked":["theForsaken:CleansingLight","theForsaken:Preservation"],"picked":"theForsaken:WrathOfGod","floor":22.0},{"not_picked":["theForsaken:ChargeAttack+1","theForsaken:HorrifyingStrike"],"picked":"theForsaken:DivineGuidance","floor":23.0},{"not_picked":["theForsaken:ChargeAttack","theForsaken:Backlash+1"],"picked":"theForsaken:InspiringBlow+1","floor":28.0},{"not_picked":["theForsaken:BlightOfFamine+1","theForsaken:Eulogy+1"],"picked":"theForsaken:ShieldBash+1","floor":29.0},{"not_picked":["theForsaken:StoreUp","theForsaken:NobleSacrifice"],"picked":"theForsaken:WardingHymn","floor":30.0},{"not_picked":["theForsaken:PanicDive","theForsaken:PowerUp+1"],"picked":"theForsaken:Horror","floor":31.0},{"not_picked":["theForsaken:CorruptDeck","theForsaken:SpreadingPlague"],"picked":"theForsaken:Confusion","floor":33.0},{"not_picked":["theForsaken:PanicDive+1","theForsaken:Backlash"],"picked":"theForsaken:LightRoll+1","floor":35.0},{"not_picked":["theForsaken:LightRoll","theForsaken:ScorchingSunlight"],"picked":"theForsaken:QuickAttack+1","floor":36.0},{"not_picked":["theForsaken:SacrificeSoul","theForsaken:Parry"],"picked":"theForsaken:QuickAttack+1","floor":39.0},{"not_picked":["theForsaken:HymnOfPatience+1","theForsaken:CreepingInfection+1"],"picked":"theForsaken:Horror","floor":41.0},{"not_picked":["theForsaken:Parry+1","theForsaken:Enfeeble","theForsaken:MagicWeapon"],"picked":"SKIP","floor":44.0},{"not_picked":["theForsaken:CleansingLight","theForsaken:HymnOfRest+1"],"picked":"theForsaken:QuickAttack+1","floor":45.0},{"not_picked":["theForsaken:CleansingLight","theForsaken:Eulogy","theForsaken:CreepingInfection+1"],"picked":"SKIP","floor":46.0},{"not_picked":["theForsaken:Backlash+1","theForsaken:Parry+1"],"picked":"theForsaken:FuryStrikes+1","floor":48.0},{"not_picked":["theForsaken:DarkRift","theForsaken:StoreUp+1"],"picked":"theForsaken:CleansingLight+1","floor":54}],"player_experience":224123,"relics_obtained":[{"floor":6.0,"key":"Replay:Wax Seal"},{"floor":14.0,"key":"Replay:Baseball"},{"floor":23.0,"key":"hubris:Zylophone"},{"floor":26.0,"key":"theSenshi:SailorFukuRelic"},{"floor":28.0,"key":"reliquary:PartyBalloon"},{"floor":30.0,"key":"Replay:Towering Pillar of Hats"},{"floor":41.0,"key":"hubris:MedicalManual"},{"floor":43.0,"key":"Strawberry"},{"floor":45.0,"key":"Bird Faced Urn"},{"floor":54,"key":"Gremlin Food"}],"event_choices":[{"damage_healed":0.0,"max_hp_gain":0.0,"max_hp_loss":0.0,"gold_gain":100.0,"event_name":"Golden Shrine","player_choice":"Pray","floor":37.0,"gold_loss":0.0,"damage_taken":0.0}],"is_beta":false,"boss_relics":[{"not_picked":["hubris:CrackedHourglass","hubris:GrandSneckoEye"],"picked":"Painkiller Herb"},{"not_picked":["ChewingGum","SacredBark"],"picked":"Sozu"}],"items_purged_floors":[42,53],"is_endless":false,"potions_floor_spawned":[5,7,8,11,12,13,14,16,19,20,23,29,31,33,35,46,48],"ascension_level":0}}