{"host":"k5dhp0bkccqfauyu","time":1613447436,"event":{"mods":["BaseMod","Better Note","Better Skull","Better Vampires","Colored Map","Colored Powertips","DeckTracker","Minty Spire (QoL Compilation)","Permanent Neow","StSLib","SuperFastMode"],"gold_per_floor":[112,112,130,147,107,136,147,176,200,200,219,245,245,261,261,362,362,372,385,399,399,45,76,76,106,133,4,33,59,70,90,90,195,195,209,47,47,61,76,76,290,321,321,333,360,360,371,400,400,400,400,400,114,148,148],"floor_reached":56,"language":"ENG","playtime":2307,"items_purged":["Strike_B","Zap","Dualcast"],"score":1623,"play_id":"dba10824-951c-43f7-92cf-9fcaa1cd2e3b","local_time":"20210216145036","is_ascension_mode":true,"campfire_choices":[{"data":"Storm","floor":10,"key":"SMITH"},{"data":"Static Discharge","floor":15,"key":"SMITH"},{"data":"Seek","floor":24,"key":"SMITH"},{"data":"Heatsinks","floor":32,"key":"SMITH"},{"data":"Capacitor","floor":40,"key":"SMITH"},{"floor":46,"key":"RECALL"},{"data":"Fission","floor":49,"key":"SMITH"},{"data":"Hologram","floor":52,"key":"SMITH"}],"circlet_count":0,"master_deck":["Rebound","Static Discharge+1","Storm+1","Capacitor+1","White Noise","Seek+1","Conserve Battery+1","Machine Learning","Hologram+1","Coolheaded","BootSequence","Core Surge","Reinforced Body","Feed+1","Undo","Heatsinks+1","Coolheaded+1","Turbo+1","Barrage+1","Reboot","Undo","Storm+1","Cold Snap","Force Field","Coolheaded+1","Loop+1","Coolheaded+1","Loop+1","Fission+1","Capacitor+1"],"relics":["Cracked Core","Letter Opener","Lantern","MealTicket","Bronze Scales","Lizard Tail","Philosopher\u0027s Stone","Membership Card","Pocketwatch","Strawberry","Omamori","Frozen Egg 2","Red Mask","Thread and Needle","Pandora\u0027s Box","DataDisk","PreservedInsect","Bag of Marbles","Boot","CaptainsWheel","StoneCalendar","HornCleat","Medical Kit","Bottled Lightning","Oddly Smooth Stone"],"acts_visited":["Exordium","TheCity","TheBeyond","TheEnding"],"potions_floor_usage":[6,8,12,12,16,23,23,29,29,55,55],"damage_taken":[{"damage":7,"enemies":"Small Slimes","floor":1,"turns":3},{"damage":3,"enemies":"Jaw Worm","floor":3,"turns":3},{"damage":1,"enemies":"Cultist","floor":4,"turns":3},{"damage":13,"enemies":"Lagavulin","floor":6,"turns":4},{"damage":7,"enemies":"3 Louse","floor":7,"turns":3},{"damage":24,"enemies":"3 Sentries","floor":8,"turns":5},{"damage":1,"enemies":"Exordium Wildlife","floor":11,"turns":3},{"damage":3,"enemies":"Gremlin Nob","floor":12,"turns":3},{"damage":2,"enemies":"Lots of Slimes","floor":14,"turns":3},{"damage":6,"enemies":"Hexaghost","floor":16,"turns":5},{"damage":0,"enemies":"Chosen","floor":18,"turns":3},{"damage":25,"enemies":"3 Byrds","floor":19,"turns":2},{"damage":19,"enemies":"Shelled Parasite and Fungi","floor":20,"turns":4},{"damage":10,"enemies":"Gremlin Leader","floor":23,"turns":7},{"damage":7,"enemies":"Book of Stabbing","floor":25,"turns":5},{"damage":15,"enemies":"Masked Bandits","floor":28,"turns":3},{"damage":24,"enemies":"Slavers","floor":29,"turns":4},{"damage":0,"enemies":"Snecko","floor":30,"turns":5},{"damage":0,"enemies":"Cultist and Chosen","floor":31,"turns":4},{"damage":9,"enemies":"Automaton","floor":33,"turns":9},{"damage":0,"enemies":"3 Shapes","floor":35,"turns":3},{"damage":0,"enemies":"Orb Walker","floor":38,"turns":3},{"damage":0,"enemies":"3 Darklings","floor":39,"turns":3},{"damage":13,"enemies":"Nemesis","floor":42,"turns":4},{"damage":0,"enemies":"Sphere and 2 Shapes","floor":44,"turns":3},{"damage":0,"enemies":"Giant Head","floor":45,"turns":4},{"damage":0,"enemies":"Maw","floor":47,"turns":5},{"damage":0,"enemies":"Nemesis","floor":48,"turns":5},{"damage":17,"enemies":"Time Eater","floor":50,"turns":9},{"damage":0,"enemies":"Shield and Spear","floor":54,"turns":2},{"damage":0,"enemies":"The Heart","floor":55,"turns":7}],"seed_played":"-8798387866158119865","potions_obtained":[{"floor":1,"key":"BlessingOfTheForge"},{"floor":4,"key":"Ancient Potion"},{"floor":5,"key":"FairyPotion"},{"floor":6,"key":"Fruit Juice"},{"floor":11,"key":"SkillPotion"},{"floor":12,"key":"FocusPotion"},{"floor":18,"key":"SpeedPotion"},{"floor":20,"key":"DistilledChaos"},{"floor":28,"key":"Regen Potion"},{"floor":29,"key":"Strength Potion"},{"floor":31,"key":"FocusPotion"},{"floor":39,"key":"FocusPotion"},{"floor":45,"key":"FearPotion"},{"floor":47,"key":"LiquidBronze"},{"floor":48,"key":"Block Potion"}],"is_trial":false,"path_per_floor":["M","?","M","M","?","E","M","E","T","R","M","E","?","M","R","B",null,"M","M","M","?","$","E","R","E","T","$","?","E","M","M","R","B",null,"M","$","?","M","M","R","?","E","T","M","E","R","M","E","R","B",null,"R","$","E","B",null],"character_chosen":"DEFECT","items_purchased":["Membership Card","Pocketwatch","Explosive Potion","Frozen Egg 2","DataDisk","Loop+1","Medical Kit","Capacitor+1","Bottled Lightning"],"campfire_rested":0,"item_purchase_floors":[22,22,22,27,36,36,53,53,53],"current_hp_per_floor":[47,40,37,36,36,23,16,22,22,22,21,18,15,13,13,7,80,80,55,36,36,51,52,52,45,45,60,49,37,41,45,45,36,103,107,107,107,107,107,107,30,21,21,25,25,25,29,29,29,16,123,123,123,127,127],"gold":148,"neow_bonus":"TRANSFORM_TWO_CARDS","is_daily":false,"chose_seed":false,"campfire_upgraded":7,"win_rate":0.0,"timestamp":1613447436,"path_taken":["M","?","M","M","?","E","M","E","T","R","?","E","?","M","R","BOSS","M","M","M","?","$","E","R","E","T","?","?","E","?","M","R","BOSS","M","$","?","M","?","R","?","E","T","M","E","R","?","E","R","BOSS","R","$","E","BOSS"],"items_purchased_type":["Relic","Relic","Potion","Relic","Relic","Card","Relic","Card","Relic"],"build_version":"2020-12-22","purchased_purges":3,"victory":true,"max_hp_per_floor":[75,75,75,75,75,75,75,80,80,80,80,80,80,80,80,80,80,80,80,80,80,80,91,91,91,91,91,95,95,99,103,103,103,103,107,107,107,107,107,107,107,111,111,115,115,115,119,119,119,123,123,123,123,127,127],"card_choices":[{"not_picked":["Leap","Recycle"],"picked":"Storm","floor":1},{"not_picked":["Gash","Steam Power"],"picked":"Capacitor","floor":3},{"not_picked":["Beam Cell","Rebound"],"picked":"White Noise","floor":4},{"not_picked":["Redo","Stack"],"picked":"Seek","floor":6},{"not_picked":["Go for the Eyes","Turbo"],"picked":"Conserve Battery","floor":7},{"not_picked":["Darkness","Tempest"],"picked":"Machine Learning","floor":8},{"not_picked":["Gash","Sweeping Beam"],"picked":"Hologram","floor":11},{"not_picked":["Cold Snap","Aggregate"],"picked":"Coolheaded","floor":12},{"not_picked":["Reprogram","Doom and Gloom"],"picked":"BootSequence","floor":14},{"not_picked":["Buffer","Thunder Strike"],"picked":"Core Surge","floor":16},{"not_picked":["Sweeping Beam","Redo","Turbo"],"picked":"SKIP","floor":18},{"not_picked":["FTL","Barrage","Leap"],"picked":"SKIP","floor":19},{"not_picked":["Coolheaded","Skim"],"picked":"Reinforced Body","floor":20},{"not_picked":["Loop","Doom and Gloom"],"picked":"Undo","floor":23},{"not_picked":["Barrage","Stack"],"picked":"Heatsinks","floor":25},{"not_picked":["Compile Driver+1","Leap"],"picked":"Coolheaded","floor":28},{"not_picked":["Redo+1","Barrage","Go for the Eyes+1"],"picked":"SKIP","floor":29},{"not_picked":["Beam Cell+1","Blizzard"],"picked":"Turbo+1","floor":30},{"not_picked":["Barrage+1","Redo","Doom and Gloom"],"picked":"SKIP","floor":31},{"not_picked":["Redo","Doom and Gloom"],"picked":"Barrage+1","floor":31},{"not_picked":["Machine Learning+1","Multi-Cast"],"picked":"Reboot","floor":33},{"not_picked":["Conserve Battery+1","Lockon"],"picked":"Coolheaded+1","floor":35},{"not_picked":["Compile Driver","Rebound+1"],"picked":"Coolheaded+1","floor":38},{"not_picked":["BootSequence+1","Tempest","Redo+1"],"picked":"SKIP","floor":39},{"not_picked":["Conserve Battery","Coolheaded"],"picked":"Loop+1","floor":42},{"not_picked":["Steam","Sweeping Beam+1","Reprogram"],"picked":"SKIP","floor":44},{"not_picked":["Meteor Strike","Coolheaded+1"],"picked":"Fission","floor":45},{"not_picked":["Fusion+1","Stack+1","Go for the Eyes"],"picked":"SKIP","floor":47},{"not_picked":["Hyperbeam","Tempest","Rip and Tear+1"],"picked":"SKIP","floor":48},{"not_picked":["Redo+1","Streamline","Gash+1"],"picked":"SKIP","floor":54}],"player_experience":1872386,"relics_obtained":[{"floor":6,"key":"Letter Opener"},{"floor":8,"key":"Lantern"},{"floor":9,"key":"MealTicket"},{"floor":12,"key":"Bronze Scales"},{"floor":23,"key":"Strawberry"},{"floor":25,"key":"Omamori"},{"floor":28,"key":"Red Mask"},{"floor":29,"key":"Thread and Needle"},{"floor":42,"key":"Boot"},{"floor":43,"key":"CaptainsWheel"},{"floor":45,"key":"StoneCalendar"},{"floor":48,"key":"HornCleat"},{"floor":54,"key":"Oddly Smooth Stone"}],"event_choices":[{"cards_removed":["Strike_B"],"damage_healed":0,"gold_gain":0,"player_choice":"Card Removal","damage_taken":7,"max_hp_gain":0,"max_hp_loss":0,"event_name":"Golden Wing","floor":2,"gold_loss":0},{"damage_healed":0,"gold_gain":0,"player_choice":"Bought 3 Potions","damage_taken":0,"max_hp_gain":0,"max_hp_loss":0,"event_name":"The Woman in Blue","floor":5,"gold_loss":0},{"damage_healed":0,"gold_gain":0,"player_choice":"Success","damage_taken":3,"relics_obtained":["Lizard Tail"],"max_hp_gain":0,"max_hp_loss":0,"event_name":"Scrap Ooze","floor":13,"gold_loss":0},{"cards_removed":["Core Surge"],"damage_healed":0,"gold_gain":0,"player_choice":"Take \u0026 Give","damage_taken":0,"max_hp_gain":0,"max_hp_loss":0,"event_name":"betterNote:BetterNote","floor":21,"gold_loss":0,"cards_obtained":["Feed"]},{"damage_healed":0,"gold_gain":0,"player_choice":"Fought Bandits","damage_taken":0,"max_hp_gain":0,"max_hp_loss":0,"event_name":"Masked Bandits","floor":28,"gold_loss":0},{"damage_healed":0,"gold_gain":0,"player_choice":"Gave Potion","damage_taken":0,"relics_obtained":["PreservedInsect"],"max_hp_gain":0,"max_hp_loss":0,"event_name":"WeMeetAgain","floor":37,"gold_loss":0},{"damage_healed":0,"gold_gain":214,"player_choice":"UP UP GO GO RE ","damage_taken":85,"relics_obtained":["Bag of Marbles"],"max_hp_gain":0,"max_hp_loss":0,"event_name":"betterSkull:BetterSkull","floor":41,"gold_loss":0,"cards_upgraded":["Conserve Battery","Coolheaded"]}],"is_beta":false,"boss_relics":[{"not_picked":["Runic Dome","SlaversCollar"],"picked":"Philosopher\u0027s Stone"},{"not_picked":["Fusion Hammer","Runic Pyramid"],"picked":"Pandora\u0027s Box"}],"items_purged_floors":[22,36,53],"is_endless":false,"potions_floor_spawned":[1,4,6,11,12,18,20,28,29,31,39,45,47,48],"ascension_level":1}}