{"host":"4wbfffuiqd9v0v1t","time":1613509025,"event":{"mods":["BaseMod","Bestiary","Highlight Path","Minty Spire (QoL Compilation)","Relic Stats","StSLib","ojb\u0027s Info Mod"],"gold_per_floor":[116,116,130,130,147,147,175,175,223,238,248,248,248],"floor_reached":12,"language":"ENG","playtime":1238,"items_purged":[],"score":160,"play_id":"163e88dc-b541-4bb4-b789-f8318850e209","local_time":"20210216155705","is_ascension_mode":true,"campfire_choices":[{"data":"Defragment","floor":6.0,"key":"SMITH"},{"floor":8.0,"key":"REST"}],"circlet_count":0,"master_deck":["AscendersBane","Strike_B","Strike_B","Strike_B","Strike_B","Defend_B","Defend_B","Defend_B","Defend_B","Zap","Dualcast","Doom and Gloom+1","Defragment+1","Biased Cognition","Steam","Genetic Algorithm"],"relics":["SlaversCollar","Smiling Mask","Nunchaku","Centennial Puzzle"],"acts_visited":["Exordium"],"potions_floor_usage":[11],"damage_taken":[{"damage":9.0,"enemies":"Jaw Worm","floor":1.0,"turns":6.0},{"damage":2.0,"enemies":"2 Louse","floor":3.0,"turns":3.0},{"damage":2.0,"enemies":"Cultist","floor":5.0,"turns":4.0},{"damage":15.0,"enemies":"Lagavulin","floor":7.0,"turns":5.0},{"damage":13,"enemies":"Large Slime","floor":10,"turns":4},{"damage":11,"enemies":"Exordium Thugs","floor":11,"turns":3},{"damage":18,"enemies":"3 Sentries","floor":12,"turns":5}],"seed_played":"-8475585900923879480","potions_obtained":[{"floor":1.0,"key":"DistilledChaos"},{"floor":5.0,"key":"SteroidPotion"}],"is_trial":false,"path_per_floor":["M","?","M","?","M","R","E","R","T","M","M","E"],"character_chosen":"DEFECT","items_purchased":[],"campfire_rested":1,"item_purchase_floors":[],"current_hp_per_floor":[55,37,35,35,33,33,18,39,39,26,15,0,0],"gold":248,"neow_bonus":"BOSS_RELIC","is_daily":false,"chose_seed":false,"campfire_upgraded":1,"win_rate":0.0,"timestamp":1613509025,"path_taken":["M","?","M","?","M","R","E","R","T","M","?","E"],"items_purchased_type":[],"build_version":"2020-12-22","purchased_purges":0,"victory":false,"max_hp_per_floor":[71,71,71,71,71,71,71,71,71,71,71,71,71],"relic_stats":{"Nunchaku":[1],"Centennial Puzzle":[9],"counters":[7,30],"Smiling Mask":0,"obtain_stats":[{"SlaversCollar":0,"Nunchaku":7,"Centennial Puzzle":9,"Cracked Core":0,"Smiling Mask":2},{"SlaversCollar":0,"Nunchaku":4,"Centennial Puzzle":4,"Cracked Core":0,"Smiling Mask":1},{"SlaversCollar":0,"Nunchaku":18,"Centennial Puzzle":18,"Cracked Core":0,"Smiling Mask":6}]},"card_choices":[{"not_picked":["Storm","Compile Driver","Barrage"],"picked":"SKIP","floor":1.0},{"not_picked":["Coolheaded","Leap"],"picked":"Doom and Gloom","floor":3.0},{"not_picked":["Coolheaded","Static Discharge"],"picked":"Defragment","floor":5.0},{"not_picked":["Stack","Tempest"],"picked":"Biased Cognition","floor":7.0},{"not_picked":["Hologram","Streamline"],"picked":"Steam","floor":10},{"not_picked":["Redo","Conserve Battery"],"picked":"Genetic Algorithm","floor":11}],"player_experience":155708,"relics_obtained":[{"floor":7.0,"key":"Nunchaku"},{"floor":9.0,"key":"Centennial Puzzle"}],"event_choices":[{"damage_healed":0.0,"max_hp_gain":0.0,"max_hp_loss":0.0,"gold_gain":0.0,"event_name":"Scrap Ooze","player_choice":"Success","floor":2.0,"gold_loss":0.0,"damage_taken":18.0,"relics_obtained":["Smiling Mask"]},{"damage_healed":0.0,"max_hp_gain":0.0,"max_hp_loss":0.0,"gold_gain":0.0,"event_name":"Upgrade Shrine","player_choice":"Upgraded","floor":4.0,"gold_loss":0.0,"damage_taken":0.0,"cards_upgraded":["Doom and Gloom"]}],"is_beta":false,"boss_relics":[],"items_purged_floors":[],"is_endless":false,"potions_floor_spawned":[1,5],"killed_by":"3 Sentries","ascension_level":20}}