{"host":"t9vqxmgmtrdkt9v9","time":1613467970,"event":{"mods":["AchievementEnabler","BaseMod","Colored Map","Minty Spire (QoL Compilation)","Permanent Neow","Relic Stats","StSLib"],"gold_per_floor":[216,226,226,226,249,51,51,82,82,82,97,97,97,115,115,208,208,208,208],"floor_reached":18,"language":"ENG","playtime":753,"items_purged":[],"score":292,"play_id":"5b5a911f-806f-453c-bc19-3c0592d6a5a8","local_time":"20210216193250","is_ascension_mode":true,"campfire_choices":[{"data":"Consume","floor":10,"key":"SMITH"},{"floor":13,"key":"REST"},{"floor":15,"key":"REST"}],"circlet_count":0,"master_deck":["AscendersBane","Strike_B","Strike_B","Strike_B","Defend_B","Defend_B","Defend_B","Zap","Dualcast","Consume+1","Go for the Eyes","Sweeping Beam","Cold Snap","Echo Form+1","Hologram","Core Surge"],"relics":["Cracked Core","Golden Idol","Toy Ornithopter","ClockworkSouvenir","Happy Flower","Bottled Flame","Philosopher\u0027s Stone"],"acts_visited":["Exordium","TheCity"],"potions_floor_usage":[16,16],"damage_taken":[{"damage":8,"enemies":"Cultist","floor":1,"turns":5},{"damage":6,"enemies":"Jaw Worm","floor":2,"turns":4},{"damage":31,"enemies":"Gremlin Nob","floor":8,"turns":4},{"damage":5,"enemies":"2 Louse","floor":11,"turns":3},{"damage":22,"enemies":"Exordium Thugs","floor":14,"turns":4},{"damage":13,"enemies":"Hexaghost","floor":16,"turns":12},{"damage":54,"enemies":"3 Byrds","floor":18,"turns":2}],"seed_played":"578592650754820333","potions_obtained":[{"floor":11,"key":"Block Potion"},{"floor":14,"key":"Fire Potion"}],"is_trial":false,"path_per_floor":["M","M","?","?","T","$","?","E","T","R","M","?","R","M","R","B",null,"M"],"character_chosen":"DEFECT","items_purchased":["ClockworkSouvenir","Sweeping Beam"],"campfire_rested":2,"item_purchase_floors":[6,6],"current_hp_per_floor":[56,50,43,43,43,43,43,12,12,12,7,7,26,4,23,20,53,0,0],"gold":208,"neow_bonus":"HUNDRED_GOLD","is_daily":false,"chose_seed":false,"campfire_upgraded":1,"win_rate":0.0,"timestamp":1613467970,"path_taken":["M","M","?","?","?","$","?","E","T","R","?","?","R","M","R","BOSS","M"],"items_purchased_type":["Relic","Card"],"build_version":"2020-12-22","purchased_purges":0,"victory":false,"max_hp_per_floor":[71,71,71,64,64,64,64,64,64,64,64,64,64,64,64,64,64,64,64],"relic_stats":{"Happy Flower":[7],"counters":[7,34],"Golden Idol":32,"obtain_stats":[{"Bottled Flame":9,"Happy Flower":8,"Golden Idol":4,"Philosopher\u0027s Stone":17,"Cracked Core":0,"Toy Ornithopter":5,"ClockworkSouvenir":6},{"Bottled Flame":3,"Happy Flower":3,"Golden Idol":2,"Philosopher\u0027s Stone":6,"Cracked Core":0,"Toy Ornithopter":2,"ClockworkSouvenir":2},{"Bottled Flame":13,"Happy Flower":13,"Golden Idol":9,"Philosopher\u0027s Stone":32,"Cracked Core":0,"Toy Ornithopter":9,"ClockworkSouvenir":9}],"Toy Ornithopter":10},"card_choices":[{"not_picked":["Barrage","Leap"],"picked":"Consume","floor":1},{"not_picked":["Turbo","Beam Cell"],"picked":"Go for the Eyes","floor":2},{"not_picked":["Rebound","Compile Driver"],"picked":"Cold Snap","floor":8},{"not_picked":["Coolheaded","Conserve Battery"],"picked":"Echo Form","floor":11},{"not_picked":["Blizzard","Skim"],"picked":"Hologram","floor":14},{"not_picked":["Multi-Cast","Thunder Strike"],"picked":"Core Surge","floor":16}],"player_experience":421055,"relics_obtained":[{"floor":5,"key":"Toy Ornithopter"},{"floor":8,"key":"Happy Flower"},{"floor":9,"key":"Bottled Flame"}],"event_choices":[{"cards_removed":["Strike_B"],"damage_healed":0,"gold_gain":0,"player_choice":"Card Removal","damage_taken":7,"max_hp_gain":0,"max_hp_loss":0,"event_name":"Golden Wing","floor":3,"gold_loss":0},{"damage_healed":0,"gold_gain":0,"player_choice":"Lose Max HP","damage_taken":0,"relics_obtained":["Golden Idol"],"max_hp_gain":0,"max_hp_loss":7,"event_name":"Golden Idol","floor":4,"gold_loss":0},{"cards_removed":["Defend_B"],"damage_healed":0,"gold_gain":0,"player_choice":"Purged","damage_taken":0,"max_hp_gain":0,"max_hp_loss":0,"event_name":"Purifier","floor":7,"gold_loss":0},{"damage_healed":0,"gold_gain":0,"player_choice":"Forge","damage_taken":0,"max_hp_gain":0,"max_hp_loss":0,"event_name":"Accursed Blacksmith","floor":12,"gold_loss":0,"cards_upgraded":["Echo Form"]}],"is_beta":false,"boss_relics":[{"not_picked":["Sozu","SlaversCollar"],"picked":"Philosopher\u0027s Stone"}],"items_purged_floors":[],"is_endless":false,"potions_floor_spawned":[11,14],"killed_by":"3 Byrds","ascension_level":17}}