{"host":"qksa0nge77ubun9a","time":1613519629,"event":{"mods":["AchievementEnabler","BaseMod","Colored Map","Colored Powertips","Googly Eyes","Highlight Path","Minty Spire (QoL Compilation)","Quick Restart","StSLib"],"gold_per_floor":[114,114,39,63,82,121,134,155,155,55,93,111,149,165,165,261,261,255,269,109,24,24,24,40,64,64,64,99,99,117,117,117,210,210,224,324,340,361,211,211,231,231,305,130,166,166,499,510,510,510,510],"floor_reached":50,"language":"ENG","playtime":10556,"items_purged":["Injury","Strike_R","Strike_R","Strike_R","Defend_R"],"score":973,"play_id":"003cebea-0922-454f-bdc6-3c95175d0984","local_time":"20210216155349","is_ascension_mode":true,"campfire_choices":[{"floor":15.0,"key":"REST"},{"data":"Barricade","floor":23.0,"key":"SMITH"},{"floor":27.0,"key":"DIG"},{"floor":29.0,"key":"REST"},{"floor":32.0,"key":"DIG"},{"floor":42.0,"key":"REST"},{"data":"True Grit","floor":46.0,"key":"SMITH"},{"floor":49,"key":"REST"}],"circlet_count":0,"master_deck":["AscendersBane","Strike_R","Defend_R","Bash","Juggernaut","Metallicize","Metallicize","Wild Strike","Feed","Burning Pact","Pummel","Flame Barrier","Iron Wave","Immolate","True Grit+1","Barricade+1","Fire Breathing","Second Wind","Fire Breathing","Ghostly","Ghostly","Ghostly","Ghostly","Ghostly","Fire Breathing+1","Power Through","Dual Wield","Immolate","Rampage+1","Rupture+1","Spot Weakness+1","Feel No Pain","Burning Pact+1","Evolve","Shrug It Off"],"relics":["Burning Blood","Pear","Letter Opener","Omamori","Gambling Chip","Calling Bell","Art of War","Paper Frog","Shovel","Self Forming Clay","Nunchaku","Bottled Lightning","Ancient Tea Set","Blood Vial","Astrolabe","Pantograph","Darkstone Periapt"],"acts_visited":["Exordium","TheCity","TheBeyond"],"potions_floor_usage":[48],"damage_taken":[{"damage":16.0,"enemies":"Cultist","floor":1.0,"turns":4.0},{"damage":0.0,"enemies":"Small Slimes","floor":4.0,"turns":4.0},{"damage":5.0,"enemies":"2 Louse","floor":5.0,"turns":3.0},{"damage":19.0,"enemies":"Lagavulin","floor":6.0,"turns":7.0},{"damage":17.0,"enemies":"Exordium Thugs","floor":7.0,"turns":4.0},{"damage":0.0,"enemies":"2 Fungi Beasts","floor":8.0,"turns":4.0},{"damage":13.0,"enemies":"3 Sentries","floor":11.0,"turns":7.0},{"damage":23.0,"enemies":"Lots of Slimes","floor":12.0,"turns":4.0},{"damage":16.0,"enemies":"Lagavulin","floor":13.0,"turns":6.0},{"damage":7.0,"enemies":"Large Slime","floor":14.0,"turns":7.0},{"damage":55.0,"enemies":"The Guardian","floor":16.0,"turns":10.0},{"damage":27.0,"enemies":"2 Thieves","floor":18.0,"turns":4.0},{"damage":16.0,"enemies":"Chosen","floor":19.0,"turns":7.0},{"damage":18.0,"enemies":"Snake Plant","floor":24.0,"turns":6.0},{"damage":7.0,"enemies":"Centurion and Healer","floor":25.0,"turns":9.0},{"damage":33.0,"enemies":"Slavers","floor":28.0,"turns":6.0},{"damage":0.0,"enemies":"3 Cultists","floor":30.0,"turns":6.0},{"damage":16.0,"enemies":"Champ","floor":33.0,"turns":14.0},{"damage":9.0,"enemies":"3 Darklings","floor":35.0,"turns":8.0},{"damage":25.0,"enemies":"Orb Walker","floor":37.0,"turns":6.0},{"damage":0.0,"enemies":"4 Shapes","floor":38.0,"turns":6.0},{"damage":0.0,"enemies":"Giant Head","floor":40.0,"turns":1.0},{"damage":25.0,"enemies":"Spire Growth","floor":41.0,"turns":8.0},{"damage":2.0,"enemies":"Reptomancer","floor":45.0,"turns":8.0},{"damage":30,"enemies":"3 Darklings","floor":48,"turns":5},{"damage":60,"enemies":"Donu and Deca","floor":50,"turns":8}],"seed_played":"3234769121366153267","potions_obtained":[{"floor":1.0,"key":"Energy Potion"},{"floor":7.0,"key":"GamblersBrew"},{"floor":8.0,"key":"EssenceOfSteel"},{"floor":12.0,"key":"CultistPotion"},{"floor":16.0,"key":"Weak Potion"},{"floor":19.0,"key":"LiquidBronze"},{"floor":24.0,"key":"SpeedPotion"},{"floor":30.0,"key":"Dexterity Potion"},{"floor":35.0,"key":"SmokeBomb"},{"floor":48,"key":"Fruit Juice"}],"is_trial":false,"path_per_floor":["M","?","$","M","M","E","M","M","T","$","E","M","E","M","R","B",null,"M","M","$","?","?","R","M","M","T","R","E","R","M","$","R","B",null,"M","?","M","M","$","E","M","R","T","$","E","R","?","M","R","B"],"character_chosen":"IRONCLAD","items_purchased":["Fire Breathing"],"campfire_rested":4,"item_purchase_floors":[20],"current_hp_per_floor":[62,62,62,68,69,66,58,67,67,67,60,46,39,38,68,19,81,63,56,56,56,54,54,42,41,41,41,14,30,36,36,36,28,48,47,47,30,38,38,46,29,45,45,45,51,51,51,34,51,0,0],"gold":510,"neow_bonus":"ONE_RANDOM_RARE_CARD","is_daily":false,"chose_seed":false,"campfire_upgraded":2,"win_rate":0.0,"timestamp":1613519629,"path_taken":["M","?","$","M","M","E","M","M","T","$","E","M","E","M","R","BOSS","M","M","$","?","?","R","?","M","T","R","E","R","M","$","R","BOSS","M","?","M","?","$","E","M","R","T","$","E","R","?","M","R","BOSS"],"items_purchased_type":["Card"],"build_version":"2020-12-22","purchased_purges":5,"victory":false,"max_hp_per_floor":[80,80,80,80,80,90,93,96,96,96,96,99,102,102,102,102,102,105,108,108,108,54,54,54,54,54,54,54,54,54,54,54,54,54,54,54,54,54,54,54,54,54,54,54,54,54,54,59,59,59,59],"card_choices":[{"not_picked":["Searing Blow","Reckless Charge"],"picked":"Metallicize","floor":1.0},{"not_picked":["Headbutt","True Grit"],"picked":"Metallicize","floor":4.0},{"not_picked":["Thunderclap","Clothesline"],"picked":"Wild Strike","floor":5.0},{"not_picked":["Spot Weakness","Clothesline"],"picked":"Feed","floor":6.0},{"not_picked":["Clash","Spot Weakness"],"picked":"Burning Pact","floor":7.0},{"not_picked":["Searing Blow","Twin Strike"],"picked":"Pummel","floor":8.0},{"not_picked":["Sword Boomerang","Twin Strike"],"picked":"Flame Barrier","floor":11.0},{"not_picked":["Body Slam","Anger"],"picked":"Iron Wave","floor":12.0},{"not_picked":["Flex","Clothesline"],"picked":"Immolate","floor":13.0},{"not_picked":["Bloodletting","Reckless Charge"],"picked":"True Grit","floor":14.0},{"not_picked":["Brutality","Impervious"],"picked":"Barricade","floor":16.0},{"not_picked":["Dual Wield+1","Thunderclap"],"picked":"Fire Breathing","floor":18.0},{"not_picked":["Warcry","Iron Wave"],"picked":"Second Wind","floor":19.0},{"not_picked":["Immolate","Perfected Strike+1"],"picked":"Fire Breathing+1","floor":24.0},{"not_picked":["Pummel","Clothesline"],"picked":"Power Through","floor":25.0},{"not_picked":["Pummel","Perfected Strike"],"picked":"Dual Wield","floor":28.0},{"not_picked":["Perfected Strike","Twin Strike","Rupture+1"],"picked":"SKIP","floor":30.0},{"not_picked":["Perfected Strike","Twin Strike","Rupture+1"],"picked":"SKIP","floor":30.0},{"not_picked":["Perfected Strike","Twin Strike","Rupture+1"],"picked":"SKIP","floor":30.0},{"not_picked":["Double Tap","Demon Form"],"picked":"Immolate","floor":33.0},{"not_picked":["Bloodletting","Cleave"],"picked":"Feel No Pain","floor":35.0},{"not_picked":["Clothesline+1","Wild Strike","Anger"],"picked":"SKIP","floor":37.0},{"not_picked":["Rupture","Thunderclap","Bloodletting"],"picked":"SKIP","floor":38.0},{"not_picked":["True Grit","Iron Wave"],"picked":"Burning Pact+1","floor":41.0},{"not_picked":["Rampage","Body Slam+1"],"picked":"Evolve","floor":45.0},{"not_picked":["Uppercut","Dual Wield+1"],"picked":"Shrug It Off","floor":48}],"player_experience":1411523,"relics_obtained":[{"floor":6.0,"key":"Pear"},{"floor":9.0,"key":"Letter Opener"},{"floor":11.0,"key":"Omamori"},{"floor":13.0,"key":"Gambling Chip"},{"floor":17.0,"key":"Art of War"},{"floor":17.0,"key":"Paper Frog"},{"floor":17.0,"key":"Shovel"},{"floor":26.0,"key":"Nunchaku"},{"floor":27.0,"key":"Bottled Lightning"},{"floor":28.0,"key":"Ancient Tea Set"},{"floor":32.0,"key":"Blood Vial"},{"floor":43.0,"key":"Pantograph"},{"floor":45.0,"key":"Darkstone Periapt"}],"event_choices":[{"damage_healed":0.0,"max_hp_gain":0.0,"max_hp_loss":0.0,"gold_gain":0.0,"event_name":"Golden Idol","player_choice":"Take Wound","floor":2.0,"gold_loss":0.0,"damage_taken":0.0,"relics_obtained":["Golden Idol"],"cards_obtained":["Injury"]},{"damage_healed":0.0,"max_hp_gain":0.0,"max_hp_loss":0.0,"gold_gain":0.0,"event_name":"Addict","player_choice":"Obtained Relic","floor":21.0,"gold_loss":85.0,"damage_taken":0.0,"relics_obtained":["Self Forming Clay"]},{"damage_healed":0.0,"max_hp_gain":0.0,"max_hp_loss":54.0,"gold_gain":0.0,"event_name":"Ghosts","player_choice":"Became a Ghost","floor":22.0,"gold_loss":0.0,"damage_taken":0.0,"cards_obtained":["Ghostly","Ghostly","Ghostly","Ghostly","Ghostly"]},{"damage_healed":0.0,"max_hp_gain":0.0,"max_hp_loss":0.0,"gold_gain":100.0,"event_name":"Golden Shrine","player_choice":"Pray","floor":36.0,"gold_loss":0.0,"damage_taken":0.0},{"damage_healed":0.0,"max_hp_gain":0.0,"max_hp_loss":0.0,"gold_gain":333.0,"event_name":"The Moai Head","player_choice":"Gave Idol","floor":47.0,"relics_lost":["Golden Idol"],"gold_loss":0.0,"damage_taken":0.0}],"is_beta":false,"boss_relics":[{"not_picked":["Sozu","Pandora\u0027s Box"],"picked":"Calling Bell"},{"not_picked":["Empty Cage","Runic Pyramid"],"picked":"Astrolabe"}],"items_purged_floors":[3,10,20,39,44],"is_endless":false,"potions_floor_spawned":[1,7,8,12,16,19,24,30,35,40,48],"killed_by":"Donu and Deca","ascension_level":13}}