{"host":"8lvnnmfamkc2d31d","time":1613437878,"event":{"mods":["2.2 Compatiblity","Act Like it!","Arknights","BaseMod","Colored Map","Minty Spire (QoL Compilation)","Relic Stats","StSLib"],"gold_per_floor":[112,62,77,77,87,121,132,164,164,164,164],"floor_reached":10,"language":"ENG","playtime":410,"items_purged":[],"score":82,"play_id":"522f3450-2183-488c-8cab-294d8b7a03e6","local_time":"20210215191118","is_ascension_mode":true,"campfire_choices":[],"circlet_count":0,"master_deck":["ats:Strike C","ats:Strike G","ats:Strike S","ats:Armor Crushing Shot","ats:Defend","ats:Defend","ats:Defend","ats:Defend","ats:Emotion Absorption","ats:Closed Bolt Burst Fire","ats:Very Hot Blade","Panacea","ats:Song Of Battle","ats:Closed Bolt Burst Fire","ats:Closed Bolt Burst Fire","ats:Guard Mode+1"],"relics":["ats:Sanity","Vajra","ats:Originium","Toxic Egg 2","HornCleat"],"acts_visited":["Exordium"],"potions_floor_usage":[10,10],"damage_taken":[{"damage":0,"enemies":"2 Louse","floor":1,"turns":2},{"damage":0,"enemies":"Small Slimes","floor":3,"turns":2},{"damage":1,"enemies":"Cultist","floor":5,"turns":3},{"damage":28,"enemies":"Gremlin Nob","floor":6,"turns":5},{"damage":6,"enemies":"3 Louse","floor":7,"turns":2},{"damage":26,"enemies":"Lagavulin","floor":8,"turns":7},{"damage":17,"enemies":"3 Sentries","floor":10,"turns":5}],"seed_played":"2446447558505455341","potions_obtained":[{"floor":5,"key":"GamblersBrew"},{"floor":7,"key":"ats:Emergency Sanity Potion"}],"is_trial":false,"path_per_floor":["M","?","M","?","M","E","M","E","T","E"],"character_chosen":"DOCTOR_CLASS","items_purchased":[],"campfire_rested":0,"item_purchase_floors":[],"current_hp_per_floor":[72,72,72,72,71,43,37,11,11,0,0],"gold":164,"neow_bonus":"RANDOM_COMMON_RELIC","is_daily":false,"chose_seed":false,"campfire_upgraded":0,"win_rate":0.0,"timestamp":1613437878,"path_taken":["M","?","M","?","M","E","M","E","T","E"],"items_purchased_type":[],"build_version":"2020-12-22","purchased_purges":0,"victory":false,"max_hp_per_floor":[72,72,72,72,72,72,72,72,72,72,72],"relic_stats":{"counters":[7,26],"obtain_stats":[{"HornCleat":8,"ats:Originium":6,"Vajra":0,"ats:Sanity":0,"Toxic Egg 2":6},{"HornCleat":6,"ats:Originium":4,"Vajra":0,"ats:Sanity":0,"Toxic Egg 2":4},{"HornCleat":21,"ats:Originium":12,"Vajra":0,"ats:Sanity":0,"Toxic Egg 2":12}]},"card_choices":[{"not_picked":["ats:Hammer On","ats:Ignite"],"picked":"ats:Closed Bolt Burst Fire","floor":1},{"not_picked":["ats:Leaping Hammer","ats:Hammer On"],"picked":"ats:Very Hot Blade","floor":3},{"not_picked":["ats:Counter Healing Mode","ats:Thermite Blade"],"picked":"ats:Song Of Battle","floor":5},{"not_picked":["ats:Hammer On","ats:Roar Of Ursus"],"picked":"ats:Closed Bolt Burst Fire","floor":6},{"not_picked":["ats:Composite Medical Shells","ats:Very Hot Blade"],"picked":"ats:Closed Bolt Burst Fire","floor":7},{"not_picked":["ats:Ignite","ats:Collapsing Strike"],"picked":"ats:Guard Mode+1","floor":8}],"player_experience":448614,"relics_obtained":[{"floor":6,"key":"ats:Originium"},{"floor":6,"key":"Toxic Egg 2"},{"floor":8,"key":"ats:Originium"},{"floor":8,"key":"HornCleat"}],"event_choices":[{"cards_removed":["ats:Strike V"],"damage_healed":0,"gold_gain":0,"player_choice":"Card Removal","damage_taken":0,"max_hp_gain":0,"max_hp_loss":0,"event_name":"The Cleric","floor":2,"gold_loss":50},{"damage_healed":0,"gold_gain":0,"player_choice":"1 cards matched","damage_taken":0,"max_hp_gain":0,"max_hp_loss":0,"event_name":"Match and Keep!","floor":4,"gold_loss":0,"cards_obtained":["Panacea"]}],"is_beta":false,"boss_relics":[],"items_purged_floors":[],"is_endless":false,"potions_floor_spawned":[5,7],"killed_by":"3 Sentries","ascension_level":1}}