{"host":"faxec7zdkweurczj","time":1613467663,"event":{"mods":["Ascension Reborn","BaseMod","Colored Powertips","Conspire","Highlight Path","Minty Spire (QoL Compilation)","Replay The Spire","Shop Mod","StSLib","TestMod","[IsaacMod]以撒尖塔","篝火指南"],"gold_per_floor":[114,204,204,222,238,274,274,274,332,55,91,108,108,137,137,257,257,278,291,32,32,48,78,101,101,128,145,157,103,140,515,331,448,448,464,215,236,181,181,181,192,192,277,314,314,314,327,348,235,235,235,136,64,99,99],"floor_reached":56,"language":"ZHS","playtime":1854,"items_purged":["Strike_R+1","Strike_R+1","Strike_R+1","Strike_R+1","Warcry+1","Blood for Blood","Strike_R+1","Defend_R+1","Defend_R+1","Shockwave+1","Thunderclap"],"score":450,"play_id":"09695938-a9b1-46fe-81c6-961bc61913ea","local_time":"20210216172743","is_ascension_mode":true,"campfire_choices":[{"floor":7,"key":"RECALL"},{"data":"Cleave","floor":13,"key":"SMITH"},{"data":"Berserk","floor":15,"key":"SMITH"},{"data":"Demon Form","floor":25,"key":"SMITH"},{"data":"Body Slam","floor":40,"key":"SMITH"},{"data":"Thunderclap","floor":45,"key":"SMITH"}],"circlet_count":0,"master_deck":["Defend_R+2","Defend_R+2","Bash+1","Cleave+1","Berserk+1","Demon Form+1","Armaments+1","Heavy Blade+1","Metallicize+1","Shrug It Off+1","Thunderclap+1","Body Slam+1","Limit Break+1","Entrench+1","Demon Form+1","Inflame+1"],"relics":["Burning Blood","testmod-TestBox","HushsDoor","testmod-Charity","Happy Flower","HowToJump","Pen Nib","Gremlin Food","SatanicBible","Toxic Egg 2","Orichalcum","Replay:Bandana","Turnip","DeathBook","ReplayTheSpireMod:Ninjato","Letter Opener","testmod-Hope","Void","testmod-Justice","Bronze Scales","Lantern","testmod-LifeArmor","GuppysTail","MerchantsRug","DeadEye","testmod-RealStoneCalender","testmod-Brilliant","Replay:Ringing Soul","Sling","TungstenRod","SacredBark","GuppysHead","Replay:Baseball","HandDrill","Simple Rune","Durian","conspire:DeflatedDodgeball","UnicornStump","testmod-FatalChain","Bag of Marbles","King of Hearts","Counterbalance","ReplayTheSpireMod:Shallot","Bronze Scales","testmod-Antiphasic"],"acts_visited":["Exordium","TheCity","TheBeyond","TheEnding"],"potions_floor_usage":[12,16,16,28,33,33,55,55,55],"damage_taken":[{"damage":0,"enemies":"2 Louse","floor":1,"turns":1},{"damage":0,"enemies":"Small Slimes","floor":4,"turns":1},{"damage":0,"enemies":"Jaw Worm","floor":5,"turns":1},{"damage":0,"enemies":"3 Sentries","floor":6,"turns":4},{"damage":0,"enemies":"Lagavulin","floor":11,"turns":4},{"damage":0,"enemies":"Red Slaver","floor":12,"turns":2},{"damage":0,"enemies":"3 Sentries","floor":14,"turns":1},{"damage":0,"enemies":"The Guardian","floor":16,"turns":7},{"damage":0,"enemies":"Spheric Guardian","floor":18,"turns":2},{"damage":0,"enemies":"3 Byrds","floor":22,"turns":3},{"damage":0,"enemies":"Slavers","floor":23,"turns":2},{"damage":3,"enemies":"Centurion and Healer","floor":24,"turns":4},{"damage":0,"enemies":"Chosen and Byrds","floor":27,"turns":2},{"damage":0,"enemies":"Shelled Parasite and Fungi","floor":28,"turns":2},{"damage":0,"enemies":"conspire:Head Lice","floor":30,"turns":3},{"damage":0,"enemies":"Snecko","floor":31,"turns":2},{"damage":0,"enemies":"conspire:MysteriousRune","floor":33,"turns":4},{"damage":0,"enemies":"3 Shapes","floor":35,"turns":1},{"damage":0,"enemies":"3 Darklings","floor":37,"turns":2},{"damage":0,"enemies":"Writhing Mass","floor":41,"turns":2},{"damage":0,"enemies":"R_Hoarder","floor":44,"turns":3},{"damage":0,"enemies":"Spire Growth","floor":47,"turns":2},{"damage":0,"enemies":"Transient","floor":48,"turns":4},{"damage":0,"enemies":"Time Eater","floor":50,"turns":3},{"damage":0,"enemies":"Shield and Spear","floor":54,"turns":2},{"damage":0,"enemies":"Delirium","floor":55,"turns":11}],"seed_played":"1634197055291605809","potions_obtained":[{"floor":5,"key":"PowerPotion"},{"floor":5,"key":"Weak Potion"},{"floor":11,"key":"Block Potion"},{"floor":12,"key":"Strength Potion"},{"floor":18,"key":"Explosive Potion"},{"floor":22,"key":"ColorlessPotion"},{"floor":23,"key":"Regen Potion"},{"floor":23,"key":"PowerPotion"},{"floor":24,"key":"SteroidPotion"},{"floor":24,"key":"testmod-TestPotion"},{"floor":27,"key":"Energy Potion"},{"floor":28,"key":"Block Potion"},{"floor":28,"key":"Regen Potion"},{"floor":31,"key":"FearPotion"},{"floor":35,"key":"Fire Potion"},{"floor":37,"key":"Dexterity Potion"}],"is_trial":false,"path_per_floor":["M","?","?","M","M","E","R","?","T","$","E","M","R","E","R","B",null,"M","?","$","?","M","E","M","R","T","M","M","$","E","M","R","B",null,"M","$","M","$","?","R","M","?","T","E","R","?","M","M","R","B",null,"R","$","E","B",null],"character_chosen":"IRONCLAD","items_purchased":["SatanicBible","Cleave","DeathBook","Letter Opener","MerchantsRug","DeadEye","testmod-RealStoneCalender","Shrug It Off+1","War Paint","Sling","GuppysHead","CultistPotion","HandDrill","Thunderclap","Frozen Egg 2","Demon Form+1","Counterbalance","ReplayTheSpireMod:Shallot","Inflame+1"],"campfire_rested":0,"item_purchase_floors":[10,10,17,20,29,29,29,29,32,32,34,34,36,36,36,52,52,53,53],"current_hp_per_floor":[86,87,87,88,89,90,90,90,91,91,92,93,93,102,102,120,105,124,125,126,126,155,164,181,181,182,201,218,221,244,254,254,270,249,252,255,279,280,280,280,294,294,300,317,317,317,333,356,356,373,373,379,387,402,423],"gold":99,"neow_bonus":"THREE_ENEMY_KILL","is_daily":false,"chose_seed":false,"campfire_upgraded":5,"win_rate":0.0,"timestamp":1613467663,"path_taken":["M","?","?","M","M","E","R","?","T","$","E","M","R","E","R","BOSS","M","?","$","?","M","E","M","R","T","M","M","$","E","M","R","BOSS","M","$","M","$","?","R","M","?","T","E","R","?","M","M","R","BOSS","R","$","E","BOSS"],"items_purchased_type":["Relic","Card","Relic","Relic","Relic","Relic","Relic","Card","Relic","Relic","Relic","Potion","Relic","Card","Relic","Card","Relic","Relic","Card"],"build_version":"2020-12-22","purchased_purges":11,"victory":true,"max_hp_per_floor":[86,87,87,88,89,90,90,90,91,91,92,93,93,102,102,120,105,124,125,126,126,155,164,181,181,182,201,218,221,244,254,254,270,249,252,255,279,280,280,280,294,294,300,317,317,317,333,356,356,373,373,379,387,402,423],"card_choices":[{"not_picked":["Headbutt","Impervious","Ghostly Armor"],"picked":"SKIP","floor":1},{"not_picked":["Dark Embrace+1","Clash","True Grit"],"picked":"SKIP","floor":4},{"not_picked":["Shrug It Off","Pommel Strike","Havoc+1"],"picked":"SKIP","floor":5},{"not_picked":["ReplayTheSpireMod:Corrosion Curse","Eclipse","Havoc"],"picked":"SKIP","floor":6},{"not_picked":["Anger","Power Through","Havoc"],"picked":"SKIP","floor":6},{"not_picked":["Searing Blow","Sword Boomerang"],"picked":"Bomb","floor":11},{"not_picked":["Heavy Blade","Rupture","Reaper"],"picked":"SKIP","floor":11},{"not_picked":["Replay:Undeath\u0027s Touch+1","ReplayTheSpireMod:Muscle Training+1","Clothesline"],"picked":"SKIP","floor":12},{"not_picked":["Bloodletting+1","Body Slam"],"picked":"Berserk","floor":14},{"not_picked":["Flame Barrier+1","Replay:Undeath\u0027s Touch","ReplayReversal+1"],"picked":"Singing Bowl","floor":14},{"not_picked":["Impervious+1","Demonic Infusion+1"],"picked":"Demon Form","floor":16},{"not_picked":["Twin Strike","Infernal Blade+1","Warcry+1"],"picked":"Singing Bowl","floor":18},{"not_picked":["Burning Pact+1","Warcry+1","Armaments+1"],"picked":"Singing Bowl","floor":22},{"not_picked":["Heavy Blade+1","Battle Trance+1","Pommel Strike"],"picked":"Singing Bowl","floor":23},{"not_picked":["Shockwave+1","Sentinel+1","Run Through+1"],"picked":"Singing Bowl","floor":24},{"not_picked":["Power Through+1","Rage+1"],"picked":"Metallicize+1","floor":27},{"not_picked":["ReplayTheSpireMod:Strike From Hell+1","Blood for Blood","Sword Boomerang"],"picked":"Singing Bowl","floor":28},{"not_picked":["Clothesline","Intimidate+1","Brutality"],"picked":"Singing Bowl","floor":30},{"not_picked":["ReplayTheSpireMod:Limb From Limb+1","Perfected Strike","Warcry+1"],"picked":"Singing Bowl","floor":31},{"not_picked":["Eclipse+1","Immolate","Brutality"],"picked":"Singing Bowl","floor":33},{"not_picked":["Massacre+1","Armaments+1","Power Through+1"],"picked":"Singing Bowl","floor":35},{"not_picked":["Clothesline","Warcry+1"],"picked":"Body Slam","floor":37},{"not_picked":["Rampage+1","Cleave"],"picked":"Limit Break+1","floor":41},{"not_picked":["Rampage","Clothesline+1","conspire:HitWhereItHurts"],"picked":"Singing Bowl","floor":44},{"not_picked":["True Grit+1","Shrug It Off+1"],"picked":"Entrench+1","floor":47},{"not_picked":["Wild Strike+1","Shrug It Off+1","Evolve+1"],"picked":"Singing Bowl","floor":48},{"not_picked":["Anger+1","Warcry+1","Havoc+1"],"picked":"SKIP","floor":54}],"player_experience":1249655,"relics_obtained":[{"floor":1,"key":"Happy Flower"},{"floor":1,"key":"Matryoshka"},{"floor":4,"key":"Omamori"},{"floor":5,"key":"testmod-DragonStarHat"},{"floor":6,"key":"testmod-Motorcycle"},{"floor":6,"key":"HowToJump"},{"floor":9,"key":"Pen Nib"},{"floor":9,"key":"Gremlin Food"},{"floor":11,"key":"Toxic Egg 2"},{"floor":11,"key":"Orichalcum"},{"floor":12,"key":"Replay:Bandana"},{"floor":14,"key":"Replay:Mystery Machine"},{"floor":14,"key":"Singing Bowl"},{"floor":16,"key":"Turnip"},{"floor":18,"key":"MawBank"},{"floor":18,"key":"ReplayTheSpireMod:Ninjato"},{"floor":22,"key":"testmod-Hope"},{"floor":23,"key":"Void"},{"floor":23,"key":"SteamSale"},{"floor":24,"key":"testmod-Justice"},{"floor":26,"key":"Diplopia"},{"floor":26,"key":"Bronze Scales"},{"floor":26,"key":"Lantern"},{"floor":27,"key":"testmod-LifeArmor"},{"floor":28,"key":"GuppysTail"},{"floor":30,"key":"testmod-Brilliant"},{"floor":30,"key":"Replay:Ringing Soul"},{"floor":31,"key":"Old Coin"},{"floor":33,"key":"TungstenRod"},{"floor":35,"key":"Art of War"},{"floor":35,"key":"Replay:Baseball"},{"floor":37,"key":"Dream Catcher"},{"floor":41,"key":"Simple Rune"},{"floor":43,"key":"Durian"},{"floor":43,"key":"conspire:DeflatedDodgeball"},{"floor":44,"key":"UnicornStump"},{"floor":44,"key":"testmod-FatalChain"},{"floor":47,"key":"Bag of Marbles"},{"floor":48,"key":"King of Hearts"},{"floor":54,"key":"testmod-Antiphasic"}],"event_choices":[{"damage_healed":0,"gold_gain":76,"player_choice":"Gained Gold","damage_taken":0,"max_hp_gain":0,"max_hp_loss":0,"event_name":"Golden Wing","floor":2,"gold_loss":0},{"damage_healed":0,"gold_gain":0,"player_choice":"Leave","damage_taken":0,"max_hp_gain":0,"max_hp_loss":0,"event_name":"conspire:Investor","floor":8,"gold_loss":0},{"damage_healed":0,"gold_gain":0,"player_choice":"Ignored","damage_taken":0,"max_hp_gain":0,"max_hp_loss":0,"event_name":"Vampires","floor":19,"gold_loss":0},{"damage_healed":0,"gold_gain":0,"player_choice":"Smashed Altar","damage_taken":0,"max_hp_gain":0,"max_hp_loss":0,"event_name":"Forgotten Altar","floor":21,"gold_loss":0,"cards_obtained":["Decay"]},{"damage_healed":0,"gold_gain":0,"player_choice":"Ignored","damage_taken":0,"max_hp_gain":0,"max_hp_loss":0,"event_name":"给自己的盒子","floor":39,"gold_loss":0}],"is_beta":false,"boss_relics":[{"not_picked":["conspire:SeveredTorchhead","Ring of Chaos"],"picked":"Replay:Ancient Bell"},{"not_picked":[]},{"not_picked":["testmod-SaigiyounoYou","Philosopher\u0027s Stone"],"picked":"SacredBark"},{"not_picked":[]}],"items_purged_floors":[10,17,20,29,32,34,36,38,49,52,53],"is_endless":false,"potions_floor_spawned":[5,6,16,23,24,28,31,44,48,54],"ascension_level":-20}}