{"host":"q786d26vp7h4gpli","time":1613476945,"event":{"mods":["BaseMod","Downfall","Minty Spire (QoL Compilation)","Quick Restart","Remove Card Discount Mod","StSLib","Td1madao Mod"],"gold_per_floor":[114,131,171,171,188,188,220,233,233,11,36,63,123,123,123,274,274,297,51,51,70,70,70,84,128,181,181,202,226,242,242,242,341,341,354,396,396,408,508,508,478,75,75,88,141,141,141],"floor_reached":46,"language":"ENG","playtime":3447,"items_purged":["Normality","downfall:Haunted","downfall:Haunted","downfall:Bewildered"],"score":450,"play_id":"b72fbea8-985f-4cb9-9b57-acb465baeb00","local_time":"20210216200225","is_ascension_mode":false,"campfire_choices":[{"floor":6,"key":"REST"},{"floor":15,"key":"REST"},{"floor":23,"key":"REST"},{"floor":27,"key":"REST"},{"data":"Wish","floor":32,"key":"SMITH"},{"floor":40,"key":"REST"}],"circlet_count":0,"master_deck":["Strike_P","Strike_P","Strike_P","Strike_P","Defend_P","Defend_P","Defend_P","Defend_P","Eruption+1","Vigilance","Wish+1","Protect","CrushJoints","PathToVictory","EmptyBody","DeceiveReality","Consecrate","WindmillStrike","ReachHeaven","FearNoEvil","FollowUp","Judgement","Prostrate","BattleHymn","ThirdEye","Crescendo","PathToVictory","Establishment","Halt+1","BattleHymn","DevaForm","Decay","Protect"],"relics":["PureWater","MealTicket","Thread and Needle","Pen Nib","Odd Mushroom","Bottled Lightning","Turnip","Bloody Idol","Mercury Hourglass","Nilry\u0027s Codex","Blue Candle","Orichalcum","Fusion Hammer","Du-Vu Doll","Pantograph","Bronze Scales","StrikeDummy","Peace Pipe"],"acts_visited":["Exordium","TheCity","TheBeyond"],"potions_floor_usage":[7,7,16,25,33,33,38,45,45],"damage_taken":[{"damage":3.0,"enemies":"2 Louse","floor":1.0,"turns":3.0},{"damage":6.0,"enemies":"Small Slimes","floor":2.0,"turns":6.0},{"damage":5.0,"enemies":"Jaw Worm","floor":3.0,"turns":8.0},{"damage":3,"enemies":"Gremlin Gang","floor":5,"turns":4},{"damage":2,"enemies":"Lagavulin","floor":7,"turns":5},{"damage":1,"enemies":"3 Louse","floor":8,"turns":3},{"damage":3,"enemies":"The Mushroom Lair","floor":11,"turns":7},{"damage":8,"enemies":"Gremlin Nob","floor":12,"turns":4},{"damage":0,"enemies":"Gremlin Nob","floor":13,"turns":3},{"damage":7,"enemies":"Slime Boss","floor":16,"turns":8},{"damage":4,"enemies":"Chosen","floor":18,"turns":2},{"damage":0,"enemies":"Shell Parasite","floor":21,"turns":7},{"damage":2,"enemies":"Shelled Parasite and Fungi","floor":24,"turns":6},{"damage":18,"enemies":"Slavers","floor":25,"turns":5},{"damage":0,"enemies":"Chosen and Byrds","floor":28,"turns":4},{"damage":3,"enemies":"3 Cultists","floor":29,"turns":4},{"damage":5,"enemies":"Snake Plant","floor":30,"turns":3},{"damage":9,"enemies":"Champ","floor":33,"turns":11},{"damage":8,"enemies":"Orb Walker","floor":35,"turns":4},{"damage":0,"enemies":"3 Shapes","floor":36,"turns":3},{"damage":44,"enemies":"Maw","floor":38,"turns":10},{"damage":4,"enemies":"Sphere and 2 Shapes","floor":44,"turns":4},{"damage":47,"enemies":"2 Orb Walkers","floor":45,"turns":4},{"damage":39,"enemies":"Reptomancer","floor":46,"turns":2}],"seed_played":"6184482239450331511","potions_obtained":[{"floor":2.0,"key":"BlessingOfTheForge"},{"floor":5,"key":"Weak Potion"},{"floor":8,"key":"champ:CounterPotion"},{"floor":18,"key":"PowerPotion"},{"floor":24,"key":"Dexterity Potion"},{"floor":30,"key":"DistilledChaos"},{"floor":33,"key":"PowerPotion"},{"floor":35,"key":"EssenceOfSteel"},{"floor":41,"key":"Strength Potion"},{"floor":41,"key":"DistilledChaos"}],"is_trial":false,"path_per_floor":["M","M","M","?","M","R","E","M","T","$","?","E","?","?","R","B",null,"M","$","?","M","?","R","M","E","T","R","M","M","M","?","R","B",null,"M","M","?","M","?","R","?","$","T","M","?","E"],"character_chosen":"WATCHER","items_purchased":["Pen Nib","WindmillStrike","Mercury Hourglass","Pantograph","Bronze Scales"],"campfire_rested":5,"item_purchase_floors":[10,10,19,42,42],"current_hp_per_floor":[69,63,58,58,55,72,70,69,69,72,69,61,61,43,64,57,72,68,72,56,56,56,72,70,52,52,72,72,69,64,64,64,60,72,69,72,72,33,43,66,66,77,77,77,35,0,0],"gold":141,"neow_bonus":"ONE_RANDOM_RARE_CARD","is_daily":false,"chose_seed":false,"campfire_upgraded":1,"win_rate":0.0,"timestamp":1613476945,"path_taken":["M","M","M","?","M","R","E","M","T","$","?","E","?","?","R","BOSS","M","$","?","M","?","R","M","E","T","R","M","M","?","?","R","BOSS","M","M","?","M","?","R","?","$","T","?","?","E"],"items_purchased_type":["Relic","Card","Relic","Relic","Relic"],"build_version":"2020-12-22","purchased_purges":4,"victory":false,"max_hp_per_floor":[72,72,72,72,72,72,72,72,72,72,72,72,72,72,72,72,72,72,72,72,72,72,72,72,72,72,72,72,72,72,72,72,72,72,72,72,72,72,77,77,77,77,77,77,77,77,77],"card_choices":[{"not_picked":["CrushJoints","Meditate"],"picked":"Protect","floor":1.0},{"not_picked":["LikeWater","Protect"],"picked":"CrushJoints","floor":2.0},{"not_picked":["Halt","EmptyBody"],"picked":"PathToVictory","floor":3.0},{"not_picked":["ThirdEye","WaveOfTheHand"],"picked":"EmptyBody","floor":5},{"not_picked":["ClearTheMind","CrushJoints"],"picked":"DeceiveReality","floor":7},{"not_picked":["SashWhip","Study"],"picked":"Consecrate","floor":8},{"not_picked":["Worship","Crescendo"],"picked":"ReachHeaven","floor":11},{"not_picked":["Nirvana","Blasphemy"],"picked":"FearNoEvil","floor":12},{"not_picked":["ClearTheMind","CutThroughFate"],"picked":"FollowUp","floor":13},{"not_picked":["Vault","LessonLearned"],"picked":"Judgement","floor":16},{"not_picked":["Meditate+1","Swivel"],"picked":"Prostrate","floor":18},{"not_picked":["Consecrate","CutThroughFate"],"picked":"Adaptation","floor":21},{"not_picked":["Wallop+1","ClearTheMind"],"picked":"BattleHymn","floor":24},{"not_picked":["Wireheading","Evaluate"],"picked":"ThirdEye","floor":25},{"not_picked":["CrushJoints","WaveOfTheHand"],"picked":"Crescendo","floor":28},{"not_picked":["JustLucky","Indignation"],"picked":"PathToVictory","floor":29},{"not_picked":["InnerPeace","Halt","ForeignInfluence"],"picked":"SKIP","floor":30},{"not_picked":["Alpha","Omniscience"],"picked":"Establishment","floor":33},{"not_picked":["CutThroughFate+1","Crescendo","BowlingBash+1"],"picked":"SKIP","floor":35},{"not_picked":["SashWhip+1","ForeignInfluence"],"picked":"Halt+1","floor":36},{"not_picked":["CrushJoints+1","Evaluate"],"picked":"BattleHymn","floor":38},{"not_picked":["SignatureMove+1","ThirdEye"],"picked":"Protect","floor":44}],"player_experience":596935,"relics_obtained":[{"floor":7,"key":"MealTicket"},{"floor":9,"key":"Thread and Needle"},{"floor":11,"key":"Odd Mushroom"},{"floor":12,"key":"Bottled Lightning"},{"floor":13,"key":"Turnip"},{"floor":20,"key":"Nilry\u0027s Codex"},{"floor":25,"key":"Blue Candle"},{"floor":26,"key":"Orichalcum"},{"floor":43,"key":"StrikeDummy"},{"floor":45,"key":"Peace Pipe"}],"event_choices":[{"damage_healed":0.0,"max_hp_gain":0.0,"max_hp_loss":0.0,"gold_gain":0.0,"event_name":"Living Wall","player_choice":"Grow","floor":4.0,"gold_loss":0.0,"damage_taken":0.0,"cards_upgraded":["Eruption"]},{"damage_healed":0,"gold_gain":0,"player_choice":"Fought Mushrooms","damage_taken":0,"max_hp_gain":0,"max_hp_loss":0,"event_name":"Mushrooms","floor":11,"gold_loss":0},{"damage_healed":0,"gold_gain":0,"player_choice":"Searched \u00271\u0027 times","damage_taken":0,"max_hp_gain":0,"max_hp_loss":0,"event_name":"Dead Adventurer","floor":13,"gold_loss":0},{"damage_healed":0,"gold_gain":0,"player_choice":"Take Damage","damage_taken":18,"relics_obtained":["Golden Idol"],"max_hp_gain":0,"max_hp_loss":0,"event_name":"Golden Idol","floor":14,"gold_loss":0},{"damage_healed":0,"gold_gain":0,"player_choice":"Obtained Book","damage_taken":16,"max_hp_gain":0,"max_hp_loss":0,"event_name":"Cursed Tome","floor":20,"gold_loss":0},{"cards_removed":["Adaptation"],"damage_healed":0,"gold_gain":0,"player_choice":"Card Removal","damage_taken":0,"max_hp_gain":0,"max_hp_loss":0,"event_name":"Wheel of Change","floor":22,"gold_loss":0},{"damage_healed":0,"gold_gain":0,"player_choice":"Gave Idol","damage_taken":0,"relics_obtained":["Bloody Idol"],"max_hp_gain":0,"max_hp_loss":0,"event_name":"Forgotten Altar","floor":31,"relics_lost":["Golden Idol"],"gold_loss":0},{"damage_healed":0,"gold_gain":0,"player_choice":"Ignored","damage_taken":0,"max_hp_gain":0,"max_hp_loss":0,"event_name":"Tomb of Lord Red Mask","floor":37,"gold_loss":0},{"damage_healed":0,"gold_gain":0,"player_choice":"Bought 2 Potions","damage_taken":0,"max_hp_gain":0,"max_hp_loss":0,"event_name":"The Woman in Blue","floor":41,"gold_loss":0},{"damage_healed":0,"gold_gain":0,"player_choice":"Fight","damage_taken":0,"max_hp_gain":0,"max_hp_loss":0,"event_name":"Mysterious Sphere","floor":45,"gold_loss":0}],"is_beta":false,"boss_relics":[{"not_picked":["Ectoplasm","Velvet Choker","Empty Cage"]},{"not_picked":["Busted Crown","Calling Bell"],"picked":"Fusion Hammer"}],"items_purged_floors":[42,42,42,42],"is_endless":false,"potions_floor_spawned":[2,5,8,18,24,30,33,35],"killed_by":"Reptomancer","ascension_level":0}}