{"host":"jksq986fwerfio60","time":1613448387,"event":{"mods":["BaseMod","Colored Map","Colored Powertips","Downfall","Hermit","Jorbs\u0027s Wanderer Trilogy","Marisa¡]Ãú«B¡@Å]²z¨F¡^","Minty Spire (QoL Compilation)","Replay The Spire","Shop Mod","StSLib","The Construct","UnlockEverythingMod"],"gold_per_floor":[115,115,130,130,130,130,156,174,197,217,167,167,186,39,39,137,137,156,156,166,265,38,38,57,69,140,40,53,69,69,69,69],"floor_reached":31,"language":"ZHS","playtime":1286,"items_purged":["hermit:Defend_Hermit","hermit:Strike_Hermit"],"score":237,"play_id":"ef0b8827-5bf3-4b03-b5d2-1369d8a3d0eb","local_time":"20210216120627","is_ascension_mode":false,"campfire_choices":[{"data":"hermit:BigShot","floor":6,"key":"SMITH"},{"data":"hermit:Snapshot","floor":12,"key":"SMITH"},{"data":"hermit:Combo","floor":15,"key":"SMITH"},{"floor":23,"key":"REST"}],"circlet_count":0,"master_deck":["hermit:Strike_Hermit+1","hermit:Strike_Hermit","hermit:Strike_Hermit","hermit:Defend_Hermit","hermit:Defend_Hermit","hermit:Defend_Hermit","hermit:Snapshot+1","hermit:Covet","hermit:BigShot+1","hermit:FlashPowder+1","hermit:Ricochet","hermit:Ricochet","hermit:Combo+1","hermit:Enervate","hermit:Headshot+1","hermit:TakeAim","hermit:GhostlyPresence+1"],"relics":["hermit:Momento","Lantern","Bronze Scales","Runic Pyramid","Nloth\u0027s Gift","Happy Flower"],"acts_visited":["Exordium","TheCity"],"potions_floor_usage":[13,16,20,29],"damage_taken":[{"damage":0,"enemies":"Jaw Worm","floor":1,"turns":3},{"damage":3,"enemies":"2 Louse","floor":3,"turns":3},{"damage":25,"enemies":"Gremlin Nob","floor":7,"turns":5},{"damage":0,"enemies":"Cultist","floor":8,"turns":3},{"damage":0,"enemies":"2 Fungi Beasts","floor":10,"turns":4},{"damage":0,"enemies":"Exordium Wildlife","floor":13,"turns":3},{"damage":23,"enemies":"The Guardian","floor":16,"turns":6},{"damage":17,"enemies":"Shell Parasite","floor":18,"turns":4},{"damage":20,"enemies":"2 Thieves","floor":20,"turns":3},{"damage":17,"enemies":"Snecko","floor":24,"turns":5},{"damage":10,"enemies":"Snake Plant","floor":25,"turns":3},{"damage":10,"enemies":"Shelled Parasite and Fungi","floor":28,"turns":4},{"damage":14,"enemies":"Chosen and Byrds","floor":29,"turns":5},{"damage":15,"enemies":"Centurion and Healer","floor":31,"turns":1}],"seed_played":"7174568050957989384","potions_obtained":[{"floor":3,"key":"BlessingOfTheForge"},{"floor":7,"key":"Weak Potion"},{"floor":18,"key":"ColorlessPotion"},{"floor":25,"key":"LiquidBronze"},{"floor":29,"key":"bronze:BurnAndBuffPotion"}],"is_trial":false,"path_per_floor":["M","?","M","?","?","R","E","M","T","M","?","R","M","$","R","B",null,"M","?","M","?","$","R","M","M","T","$","M","M","?","M"],"character_chosen":"HERMIT","items_purchased":["hermit:Combo","hermit:Enervate","Happy Flower"],"campfire_rested":1,"item_purchase_floors":[14,14,22],"current_hp_per_floor":[75,75,72,72,60,60,35,35,35,35,35,35,35,35,35,12,75,58,58,38,38,38,60,43,33,33,33,23,9,9,0,0],"gold":69,"neow_bonus":"THREE_CARDS","is_daily":false,"chose_seed":false,"campfire_upgraded":3,"win_rate":0.0,"timestamp":1613448387,"path_taken":["M","?","M","?","?","R","E","M","T","M","?","R","M","?","R","BOSS","M","?","?","?","?","R","M","M","T","$","M","M","?","M"],"items_purchased_type":["Card","Card","Relic"],"build_version":"2020-12-22","purchased_purges":2,"victory":false,"max_hp_per_floor":[75,75,75,75,75,75,75,75,75,75,75,75,75,75,75,75,75,75,75,75,75,75,75,75,75,75,75,75,75,75,75,75],"card_choices":[{"not_picked":["hermit:Quickdraw","hermit:CalledShot"],"picked":"hermit:Ricochet","floor":0},{"not_picked":["hermit:Roulette","hermit:Glare"],"picked":"hermit:BigShot","floor":1},{"not_picked":["hermit:FlashPowder","hermit:HighCaliber","hermit:Manifest"],"picked":"SKIP","floor":3},{"not_picked":["hermit:HighCaliber","hermit:Malice","hermit:Virtue"],"picked":"SKIP","floor":7},{"not_picked":["hermit:DeadMansHand","hermit:CursedWeapon"],"picked":"hermit:Ricochet","floor":8},{"not_picked":["hermit:Coalescence","hermit:Feint","hermit:HighNoon"],"picked":"SKIP","floor":10},{"not_picked":["hermit:Determination","hermit:Misfire"],"picked":"hermit:Ricochet","floor":13},{"not_picked":["hermit:BodyArmor+1","hermit:HighCaliber"],"picked":"hermit:Headshot+1","floor":18},{"not_picked":["hermit:Snipe+1","hermit:Dissolve"],"picked":"hermit:TakeAim","floor":20},{"not_picked":["hermit:WideOpen","hermit:Shortfuse+1","hermit:Misfire"],"picked":"SKIP","floor":24},{"not_picked":["hermit:TrackingShot","hermit:Maintenance","hermit:Vantage"],"picked":"SKIP","floor":25},{"not_picked":["hermit:Virtue","hermit:Determination+1","hermit:Dive"],"picked":"SKIP","floor":28},{"not_picked":["hermit:NoHoldsBarred","hermit:Dive"],"picked":"hermit:GhostlyPresence+1","floor":29}],"player_experience":38020,"relics_obtained":[{"floor":7,"key":"Boot"},{"floor":9,"key":"Bronze Scales"}],"event_choices":[{"damage_healed":0,"gold_gain":0,"player_choice":"Success","damage_taken":12,"relics_obtained":["Lantern"],"max_hp_gain":0,"max_hp_loss":0,"event_name":"Scrap Ooze","floor":5,"gold_loss":0},{"damage_healed":0,"gold_gain":0,"player_choice":"Left Gold","damage_taken":0,"max_hp_gain":0,"max_hp_loss":0,"event_name":"World of Goop","floor":11,"gold_loss":50},{"damage_healed":0,"gold_gain":0,"player_choice":"Traded Relic","damage_taken":0,"relics_obtained":["Nloth\u0027s Gift"],"max_hp_gain":0,"max_hp_loss":0,"event_name":"N\u0027loth","floor":19,"relics_lost":["Boot"],"gold_loss":0},{"damage_healed":0,"gold_gain":99,"player_choice":"Stole From Cult","damage_taken":0,"max_hp_gain":0,"max_hp_loss":0,"event_name":"Nest","floor":21,"gold_loss":0}],"is_beta":false,"boss_relics":[{"not_picked":["Coffee Dripper","SlaversCollar"],"picked":"Runic Pyramid"}],"items_purged_floors":[22,27],"is_endless":false,"potions_floor_spawned":[3,7,18,25,29],"killed_by":"Centurion and Healer","ascension_level":0}}