{"host":"krw8blyxua7at9ak","time":1613502333,"event":{"mods":["BaseMod","Highlight Path","Minty Spire (QoL Compilation)","ojb\u0027s Info Mod"],"gold_per_floor":[109,109,259,12,12,22,47,61,61,78,78,78],"floor_reached":11,"language":"ENG","playtime":291,"items_purged":["Doubt"],"score":196,"play_id":"849ccc4b-e34f-4605-9315-343d8155f333","local_time":"20210216200533","is_ascension_mode":true,"campfire_choices":[],"circlet_count":0,"master_deck":["AscendersBane","Strike_G","Strike_G","Strike_G","Strike_G","Strike_G","Defend_G","Defend_G","Defend_G","Defend_G","Defend_G","Survivor","Neutralize","Slice","Noxious Fumes","Night Terror","Bouncing Flask","Poisoned Stab","Doppelganger"],"relics":["Ring of the Snake","NeowsBlessing","Eternal Feather","Ancient Tea Set","Lantern"],"acts_visited":["Exordium"],"potions_floor_usage":[11,11],"damage_taken":[{"damage":0.0,"enemies":"Small Slimes","floor":1.0,"turns":1.0},{"damage":0.0,"enemies":"2 Louse","floor":6.0,"turns":1.0},{"damage":0.0,"enemies":"3 Sentries","floor":7.0,"turns":1.0},{"damage":4.0,"enemies":"Cultist","floor":8.0,"turns":4.0},{"damage":3.0,"enemies":"Blue Slaver","floor":10.0,"turns":4.0},{"damage":32,"enemies":"Gremlin Nob","floor":11,"turns":3}],"seed_played":"-6952347402257554110","potions_obtained":[{"floor":6.0,"key":"Poison Potion"},{"floor":8.0,"key":"GamblersBrew"}],"is_trial":false,"path_per_floor":["M","?","?","$","?","M","E","M","T","M","E"],"character_chosen":"THE_SILENT","items_purchased":["Ancient Tea Set"],"campfire_rested":0,"item_purchase_floors":[4],"current_hp_per_floor":[59,33,33,33,33,33,33,29,29,26,0,0],"gold":78,"neow_bonus":"THREE_ENEMY_KILL","is_daily":false,"chose_seed":false,"campfire_upgraded":0,"win_rate":0.0,"timestamp":1613502333,"path_taken":["M","?","?","$","?","M","E","M","T","M","E"],"items_purchased_type":["Relic"],"build_version":"2020-12-22","purchased_purges":1,"victory":false,"max_hp_per_floor":[66,66,66,66,66,66,66,66,66,66,66,66],"card_choices":[{"not_picked":["PiercingWail","Bane"],"picked":"Slice","floor":1.0},{"not_picked":["Bane","Flechettes","Quick Slash"],"picked":"SKIP","floor":6.0},{"not_picked":["Concentrate","Masterful Stab"],"picked":"Bouncing Flask","floor":7.0},{"not_picked":["Infinite Blades","Terror"],"picked":"Poisoned Stab","floor":8.0},{"not_picked":["Dash","Heel Hook"],"picked":"Doppelganger","floor":10.0}],"player_experience":416318,"relics_obtained":[{"floor":7.0,"key":"Lantern"}],"event_choices":[{"damage_healed":0.0,"max_hp_gain":0.0,"max_hp_loss":0.0,"gold_gain":0.0,"event_name":"Scrap Ooze","player_choice":"Success","floor":2.0,"gold_loss":0.0,"damage_taken":26.0,"relics_obtained":["Eternal Feather"]},{"damage_healed":0.0,"max_hp_gain":0.0,"max_hp_loss":0.0,"gold_gain":150.0,"event_name":"Liars Game","player_choice":"AGREE","floor":3.0,"gold_loss":0.0,"damage_taken":0.0,"cards_obtained":["Doubt"]},{"damage_healed":0.0,"max_hp_gain":0.0,"max_hp_loss":0.0,"gold_gain":0.0,"event_name":"Match and Keep!","player_choice":"2 cards matched","floor":5.0,"gold_loss":0.0,"damage_taken":0.0,"cards_obtained":["Noxious Fumes","Night Terror"]}],"is_beta":false,"boss_relics":[],"items_purged_floors":[4],"is_endless":false,"potions_floor_spawned":[6,8],"killed_by":"Gremlin Nob","ascension_level":20}}