{"host":"w01zow3jg16g8jdh","time":1613486509,"event":{"mods":["2.2 Compatiblity","AchievementEnabler","BaseMod","DeckTracker","Hermit","Keyboard Shortcuts","Marisa£¨Ùöéë¡¡Øª×âÞÞ£©","Minty Spire (QoL Compilation)","Permanent Neow","StSLib","SuperFastMode"],"gold_per_floor":[119,132,132,155,155,190,190,219,292,321,347,367,388,388,388,471,471,481,481,497,516,534,588,588,631,631,666,677,692,195,213,213,291,291,310,35,54,64,86,118,127,162,215,250,250,250,250,275,287,299],"floor_reached":51,"language":"KOR","playtime":946,"items_purged":["Strike_MRS"],"score":1833,"play_id":"15f4eb21-9f97-4a05-9eed-242548ff0a67","local_time":"20210216234149","is_ascension_mode":true,"campfire_choices":[{"data":"MysteriousBeam","floor":7,"key":"SMITH"},{"data":"SprinkleStarSeal","floor":15,"key":"SMITH"},{"data":"CollectingQuirk","floor":24,"key":"SMITH"},{"floor":32,"key":"REST"},{"data":"Apotheosis","floor":46,"key":"SMITH"},{"data":"EarthLightRay","floor":49,"key":"SMITH"}],"circlet_count":0,"master_deck":["AscendersBane","Strike_MRS","Strike_MRS","Strike_MRS","Defend_MRS","Defend_MRS","Defend_MRS","MasterSpark+1","UpSweep","SporeBomb","NonDirectionalLaser","MysteriousBeam+1","MagicAbsorber","SprinkleStarSeal+1","CollectingQuirk+1","Parasite","Parasite","PropBag","MillisecondPulsars+1","EarthLightRay+1","Singularity+1","Apotheosis+1","GrandCross+1"],"relics":["MiniHakkero","CeramicFish","Mummified Hand","Orichalcum","Thread and Needle","Ornamental Fan","Anchor","Black Star","ShroomBag","Ginger","InkBottle","Frozen Egg 2","Question Card","Vajra","Du-Vu Doll","SproutingBranch","SlaversCollar","Kunai","Pear","Mango","Bottled Lightning","Art of War","Bag of Marbles","Bronze Scales","Calipers","Mercury Hourglass","MawBank"],"acts_visited":["Exordium","TheCity","TheBeyond"],"potions_floor_usage":[16,20,20,29,38,50],"damage_taken":[{"damage":4,"enemies":"Small Slimes","floor":1,"turns":3},{"damage":0,"enemies":"Jaw Worm","floor":2,"turns":2},{"damage":1,"enemies":"Cultist","floor":4,"turns":3},{"damage":28,"enemies":"Lagavulin","floor":6,"turns":7},{"damage":4,"enemies":"3 Sentries","floor":8,"turns":4},{"damage":0,"enemies":"3 Louse","floor":10,"turns":2},{"damage":8,"enemies":"Gremlin Nob","floor":11,"turns":3},{"damage":0,"enemies":"Exordium Wildlife","floor":12,"turns":3},{"damage":0,"enemies":"Large Slime","floor":13,"turns":3},{"damage":4,"enemies":"Hexaghost","floor":16,"turns":6},{"damage":0,"enemies":"Shell Parasite","floor":18,"turns":3},{"damage":11,"enemies":"2 Thieves","floor":20,"turns":3},{"damage":13,"enemies":"Snake Plant","floor":21,"turns":3},{"damage":0,"enemies":"Centurion and Healer","floor":22,"turns":5},{"damage":0,"enemies":"Gremlin Leader","floor":23,"turns":2},{"damage":19,"enemies":"Book of Stabbing","floor":25,"turns":5},{"damage":8,"enemies":"Gremlin Leader","floor":27,"turns":5},{"damage":0,"enemies":"Cultist and Chosen","floor":28,"turns":3},{"damage":0,"enemies":"Shelled Parasite and Fungi","floor":29,"turns":2},{"damage":0,"enemies":"Snake Plant","floor":31,"turns":2},{"damage":0,"enemies":"Champ","floor":33,"turns":6},{"damage":3,"enemies":"3 Shapes","floor":35,"turns":2},{"damage":0,"enemies":"Orb Walker","floor":37,"turns":2},{"damage":34,"enemies":"Spire Growth","floor":38,"turns":4},{"damage":11,"enemies":"4 Shapes","floor":39,"turns":4},{"damage":0,"enemies":"Giant Head","floor":40,"turns":5},{"damage":3,"enemies":"Nemesis","floor":42,"turns":3},{"damage":12,"enemies":"Reptomancer","floor":44,"turns":4},{"damage":0,"enemies":"Nemesis","floor":48,"turns":3},{"damage":16,"enemies":"Donu and Deca","floor":50,"turns":4}],"seed_played":"3135560290746652409","potions_obtained":[{"floor":6,"key":"SmokeBomb"},{"floor":10,"key":"Dexterity Potion"},{"floor":12,"key":"EssenceOfSteel"},{"floor":16,"key":"DuplicationPotion"},{"floor":23,"key":"Dexterity Potion"},{"floor":25,"key":"FearPotion"},{"floor":29,"key":"DistilledChaos"},{"floor":37,"key":"Swift Potion"},{"floor":42,"key":"EssenceOfSteel"}],"is_trial":false,"path_per_floor":["M","M","?","M","T","E","R","E","T","M","E","M","M","?","R","B",null,"M","?","M","M","M","E","R","E","T","E","M","M","$","M","R","B",null,"M","$","M","M","M","E","?","E","T","E","?","R","?","E","R","B",null],"character_chosen":"MARISA","items_purchased":["SproutingBranch","Kunai"],"campfire_rested":1,"item_purchase_floors":[30,36],"current_hp_per_floor":[59,59,54,53,53,25,25,21,21,21,13,13,13,36,36,32,61,61,61,50,37,37,37,37,22,22,18,22,22,22,33,54,70,70,70,70,70,41,50,94,94,94,94,94,89,89,89,89,89,76],"gold":311,"neow_bonus":"UPGRADE_CARD","is_daily":false,"chose_seed":false,"campfire_upgraded":5,"win_rate":0.0,"timestamp":1613486509,"path_taken":["M","M","?","M","?","E","R","E","T","M","E","?","M","?","R","BOSS","M","?","M","M","M","E","R","E","T","E","M","M","$","M","R","BOSS","M","$","M","M","M","E","?","E","T","E","?","R","?","E","R","BOSS"],"items_purchased_type":["Relic","Relic"],"build_version":"2020-12-22","purchased_purges":1,"victory":true,"max_hp_per_floor":[70,70,70,70,70,70,70,70,70,70,70,70,70,70,70,70,70,70,70,70,70,70,70,70,70,70,70,70,70,70,70,70,70,70,70,70,70,70,70,94,94,94,94,94,89,89,89,89,89,89],"card_choices":[{"not_picked":["NonDirectionalLaser","GalacticHalo"],"picked":"SporeBomb","floor":1},{"not_picked":["DoubleSpark","PowerUp","GravityBeat"],"picked":"SKIP","floor":2},{"not_picked":["DarkSpark","LuminesStrike"],"picked":"NonDirectionalLaser","floor":4},{"not_picked":["MilkyWay","SporeBomb"],"picked":"MysteriousBeam","floor":6},{"not_picked":["NonDirectionalLaser","WitchLeyline","StarDustReverie"],"picked":"SKIP","floor":8},{"not_picked":["DragonMeteor","OneTimeOff"],"picked":"MagicAbsorber","floor":10},{"not_picked":["6A","ManaConvection","DoubleSpark"],"picked":"SKIP","floor":11},{"not_picked":["PulseMagic","AlicesGift","GasGiant"],"picked":"SKIP","floor":12},{"not_picked":["GalacticHalo","MilkyWay"],"picked":"SprinkleStarSeal","floor":13},{"not_picked":["BigCrunch","ManaRampage"],"picked":"CollectingQuirk","floor":16},{"not_picked":["AsteroidBelt","Robbery","ChargingUp"],"picked":"SKIP","floor":18},{"not_picked":["OpenUniverse+1","DarkSpark","MysteriousBeam"],"picked":"SKIP","floor":20},{"not_picked":["GasGiant","Acceleration","AsteroidBelt"],"picked":"SKIP","floor":21},{"not_picked":["ManaConvection","DeepEcoloBomb","DragonMeteor"],"picked":"SKIP","floor":22},{"not_picked":["ChargingUp","StarlightTyphoon"],"picked":"PropBag","floor":23},{"not_picked":["FinalSpark","ShootingEcho"],"picked":"MillisecondPulsars+1","floor":25},{"not_picked":["SuperPerseids+1","Acceleration","LuminesStrike"],"picked":"EarthLightRay","floor":27},{"not_picked":["MagicAbsorber","Acceleration","AlicesGift","PowerUp"],"picked":"SKIP","floor":28},{"not_picked":["UnstableBomb","SporeBomb","JA","PowerUp"],"picked":"SKIP","floor":29},{"not_picked":["Acceleration","DragonMeteor","AsteroidBelt+1","RefractionSpark"],"picked":"SKIP","floor":31},{"not_picked":["ShootTheMoon","MeteoricShower+1","StarlightTyphoon","6A+1"],"picked":"SKIP","floor":35},{"not_picked":["PowerUp","GravityBeat","Singularity+1","ShootingEcho"],"picked":"SKIP","floor":37},{"not_picked":["EnergyRecoil","AsteroidBelt","LuminesStrike+1","MysteriousBeam"],"picked":"SKIP","floor":38},{"not_picked":["DoubleSpark","Singularity+1","FairyDestructionRay","Acceleration"],"picked":"SKIP","floor":39},{"not_picked":["DoubleSpark","FairyDestructionRay","Acceleration"],"picked":"Singularity+1","floor":39},{"not_picked":["Orbital","UnstableBomb","UltimateShortwave","MachineGunSpark+1"],"picked":"SKIP","floor":40},{"not_picked":["Finesse","Enlightenment","Bandage Up"],"picked":"Apotheosis","floor":41},{"not_picked":["DeepEcoloBomb","TreasureHunter","UnstableBomb","DarkMatter"],"picked":"SKIP","floor":42},{"not_picked":["DeepEcoloBomb","TreasureHunter","UnstableBomb","DarkMatter"],"picked":"SKIP","floor":42},{"not_picked":["DragonMeteor+1","GrandCross+1","DarkSpark","PowerUp"],"picked":"SKIP","floor":44},{"not_picked":["DragonMeteor+1","DarkSpark","PowerUp"],"picked":"GrandCross+1","floor":44},{"not_picked":["MagicAbsorber","GasGiant+1","GalacticHalo","Acceleration"],"picked":"SKIP","floor":48}],"player_experience":397429,"relics_obtained":[{"floor":5,"key":"Mummified Hand"},{"floor":6,"key":"Orichalcum"},{"floor":8,"key":"Thread and Needle"},{"floor":9,"key":"Ornamental Fan"},{"floor":11,"key":"Anchor"},{"floor":23,"key":"ShroomBag"},{"floor":23,"key":"Ginger"},{"floor":25,"key":"InkBottle"},{"floor":25,"key":"Frozen Egg 2"},{"floor":26,"key":"Question Card"},{"floor":27,"key":"Vajra"},{"floor":27,"key":"Du-Vu Doll"},{"floor":40,"key":"Pear"},{"floor":40,"key":"Mango"},{"floor":42,"key":"Bottled Lightning"},{"floor":42,"key":"Art of War"},{"floor":43,"key":"Bag of Marbles"},{"floor":44,"key":"Bronze Scales"},{"floor":44,"key":"Calipers"},{"floor":48,"key":"Mercury Hourglass"},{"floor":48,"key":"MawBank"}],"event_choices":[{"damage_healed":0,"gold_gain":0,"player_choice":"Success","damage_taken":5,"relics_obtained":["CeramicFish"],"max_hp_gain":0,"max_hp_loss":0,"event_name":"Scrap Ooze","floor":3,"gold_loss":0},{"damage_healed":23,"gold_gain":0,"player_choice":"Banana","damage_taken":0,"max_hp_gain":0,"max_hp_loss":0,"event_name":"Big Fish","floor":14,"gold_loss":0},{"damage_healed":0,"gold_gain":0,"player_choice":"Ignored","damage_taken":0,"max_hp_gain":0,"max_hp_loss":0,"event_name":"The Mausoleum","floor":19,"gold_loss":0},{"damage_healed":0,"gold_gain":0,"player_choice":"Memory 1","damage_taken":0,"max_hp_gain":0,"max_hp_loss":0,"event_name":"SensoryStone","floor":41,"gold_loss":0},{"damage_healed":0,"gold_gain":0,"player_choice":"Max HP","damage_taken":0,"max_hp_gain":0,"max_hp_loss":5,"event_name":"Winding Halls","floor":45,"gold_loss":0},{"cards_removed":["Defend_MRS"],"damage_healed":0,"gold_gain":0,"player_choice":"Removed Skill","damage_taken":0,"max_hp_gain":0,"max_hp_loss":0,"event_name":"Falling","floor":47,"gold_loss":0}],"is_beta":false,"boss_relics":[{"not_picked":["Sozu","Fusion Hammer"],"picked":"Black Star"},{"not_picked":["ExperimentalFamiliar","Pandora\u0027s Box"],"picked":"SlaversCollar"}],"items_purged_floors":[30],"is_endless":false,"potions_floor_spawned":[6,10,12,16,23,25,27,29,31,35,37,42],"ascension_level":16}}