{"host":"52m1o8iwwagurbjs","time":1613514848,"event":{"mods":["AchievementEnabler","BaseMod","Bestiary","Challenge The Spire","Colored Powertips","GifTheSpireLib","Minty Spire (QoL Compilation)","Quick Restart","Relic Stats","StSLib"],"gold_per_floor":[116,116,128,140,156,186,186,213,236,6,6,32,32,32,32,136,136,146,1,1,20,20,55,55,83,83,83,115,132,92,118,118,216,216,231,281,306,306,216,216,235,268,268,286,300,332,332,360,360,360,360,360,24,51,51],"floor_reached":56,"language":"ENG","playtime":3200,"items_purged":["Pain","Strike_B"],"score":1457,"play_id":"c3a69171-391b-450d-ac3c-8e3a345960a7","local_time":"20210216173408","is_ascension_mode":true,"campfire_choices":[{"floor":7.0,"key":"REST"},{"data":"Biased Cognition","floor":11.0,"key":"SMITH"},{"data":"Capacitor","floor":13.0,"key":"SMITH"},{"data":"Loop","floor":15.0,"key":"SMITH"},{"data":"Double Energy","floor":24.0,"key":"SMITH"},{"data":"Coolheaded","floor":27.0,"key":"SMITH"},{"data":"FTL","floor":32.0,"key":"SMITH"},{"data":"Recycle","floor":40.0,"key":"SMITH"},{"floor":49.0,"key":"RECALL"},{"data":"Seek","floor":52.0,"key":"SMITH"}],"circlet_count":0,"master_deck":["Zap","Dualcast","Barrage","Double Energy+1","Conserve Battery","Loop+1","Doom and Gloom","Capacitor+1","Rip and Tear","Go for the Eyes","Biased Cognition+1","Static Discharge","Cold Snap","Core Surge+1","Compile Driver","Coolheaded+1","Coolheaded+1","FTL+1","Turbo+1","Cold Snap","Skim","Seek+1","Biased Cognition","Hologram","Compile Driver","Steam Power","White Noise","Core Surge","Loop+1","Loop","Compile Driver","Compile Driver"],"relics":["Cracked Core","Prayer Wheel","WarpedTongs","Juzu Bracelet","Strawberry","War Paint","Bag of Preparation","Ancient Tea Set","Nuclear Battery","Enchiridion","Centennial Puzzle","Torii","Incense Burner","Bag of Marbles","Pandora\u0027s Box","Calipers","DataDisk","PreservedInsect","Bottled Lightning","Omamori","Nunchaku","Unceasing Top","Sundial"],"acts_visited":["Exordium","TheCity","TheBeyond","TheEnding"],"potions_floor_usage":[55,55],"damage_taken":[{"damage":6.0,"enemies":"Jaw Worm","floor":1.0,"turns":4.0},{"damage":3.0,"enemies":"Cultist","floor":3.0,"turns":4.0},{"damage":3.0,"enemies":"Small Slimes","floor":4.0,"turns":3.0},{"damage":19.0,"enemies":"Exordium Wildlife","floor":5.0,"turns":3.0},{"damage":16.0,"enemies":"Lagavulin","floor":6.0,"turns":7.0},{"damage":16.0,"enemies":"Gremlin Nob","floor":8.0,"turns":3.0},{"damage":9.0,"enemies":"3 Sentries","floor":12.0,"turns":3.0},{"damage":15.0,"enemies":"Hexaghost","floor":16.0,"turns":7.0},{"damage":14.0,"enemies":"2 Thieves","floor":18.0,"turns":3.0},{"damage":0.0,"enemies":"Shell Parasite","floor":21.0,"turns":4.0},{"damage":0.0,"enemies":"Book of Stabbing","floor":23.0,"turns":5.0},{"damage":15.0,"enemies":"Gremlin Leader","floor":25.0,"turns":5.0},{"damage":1.0,"enemies":"Book of Stabbing","floor":28.0,"turns":5.0},{"damage":2.0,"enemies":"Snake Plant","floor":29.0,"turns":4.0},{"damage":1.0,"enemies":"Slavers","floor":31.0,"turns":2.0},{"damage":17.0,"enemies":"Collector","floor":33.0,"turns":4.0},{"damage":0.0,"enemies":"3 Shapes","floor":35.0,"turns":4.0},{"damage":0.0,"enemies":"Mind Bloom Boss Battle","floor":36.0,"turns":6.0},{"damage":0.0,"enemies":"Orb Walker","floor":41.0,"turns":2.0},{"damage":0.0,"enemies":"Giant Head","floor":42.0,"turns":10.0},{"damage":0.0,"enemies":"Sphere and 2 Shapes","floor":44.0,"turns":6.0},{"damage":11.0,"enemies":"Maw","floor":45.0,"turns":4.0},{"damage":0.0,"enemies":"Reptomancer","floor":46.0,"turns":3.0},{"damage":1.0,"enemies":"Giant Head","floor":48.0,"turns":4.0},{"damage":23.0,"enemies":"Awakened One","floor":50.0,"turns":15.0},{"damage":0.0,"enemies":"Shield and Spear","floor":54.0,"turns":3.0},{"damage":28,"enemies":"The Heart","floor":55,"turns":10}],"seed_played":"6748265172977635870","potions_obtained":[{"floor":3.0,"key":"SpeedPotion"},{"floor":5.0,"key":"SpeedPotion"},{"floor":6.0,"key":"SneckoOil"},{"floor":12.0,"key":"Energy Potion"},{"floor":16.0,"key":"BlessingOfTheForge"},{"floor":21.0,"key":"Strength Potion"},{"floor":23.0,"key":"EssenceOfSteel"},{"floor":29.0,"key":"FearPotion"},{"floor":30.0,"key":"EntropicBrew"},{"floor":30.0,"key":"Fire Potion"},{"floor":30.0,"key":"Fruit Juice"},{"floor":35.0,"key":"SpeedPotion"},{"floor":36.0,"key":"AttackPotion"},{"floor":45.0,"key":"SteroidPotion"},{"floor":46.0,"key":"Fruit Juice"}],"is_trial":false,"path_per_floor":["M","?","M","M","M","E","R","E","T","$","R","E","R","?","R","B",null,"M","$","?","M","?","E","R","E","T","R","E","M","?","E","R","B",null,"M","?","T","?","?","R","M","E","T","M","M","E","?","E","R","B",null,"R","$","E","B",null],"character_chosen":"DEFECT","items_purchased":["Bag of Preparation","Coolheaded","Unceasing Top","Block Potion"],"campfire_rested":1,"item_purchase_floors":[10,19,53,53],"current_hp_per_floor":[62,62,59,56,37,21,41,32,32,32,32,23,23,75,75,60,75,61,61,45,45,45,45,45,30,30,30,29,27,32,31,31,14,80,80,80,80,76,76,76,76,76,76,76,65,70,70,69,69,46,81,81,81,81,53],"gold":51,"neow_bonus":"ONE_RARE_RELIC","is_daily":false,"chose_seed":false,"campfire_upgraded":8,"win_rate":0.0,"timestamp":1613514848,"path_taken":["M","?","M","M","?","E","R","E","T","$","R","E","R","?","R","BOSS","M","$","?","M","?","E","R","E","T","R","E","M","?","E","R","BOSS","M","?","?","?","?","R","M","E","T","M","M","E","?","E","R","BOSS","R","$","E","BOSS"],"items_purchased_type":["Relic","Card","Relic","Potion"],"build_version":"2020-12-22","purchased_purges":2,"victory":true,"max_hp_per_floor":[68,68,68,68,68,68,68,75,75,75,75,75,75,75,75,75,75,75,75,75,75,75,75,75,75,75,75,75,75,80,80,80,80,80,80,80,80,76,76,76,76,76,76,76,76,81,81,81,81,81,81,81,81,81,81],"relic_stats":{"Torii":13,"counters":[27,131],"PreservedInsect":251,"Juzu Bracelet":3,"Bag of Preparation":[42],"War Paint":["Defend_B","Defend_B"],"WarpedTongs":[126],"Centennial Puzzle":[27],"Nunchaku":[8],"Sundial":[2],"Prayer Wheel":11,"Pandora\u0027s Box":["Biased Cognition","Hologram","Compile Driver","Steam Power","White Noise","Core Surge","Beam Cell"],"obtain_stats":[{"Calipers":36,"Torii":25,"Enchiridion":20,"PreservedInsect":42,"Juzu Bracelet":6,"Bag of Preparation":10,"Incense Burner":28,"Omamori":46,"War Paint":9,"Ancient Tea Set":12,"WarpedTongs":2,"Nuclear Battery":17,"Centennial Puzzle":23,"DataDisk":37,"Nunchaku":48,"Sundial":54,"Strawberry":8,"Prayer Wheel":0,"Pandora\u0027s Box":34,"Bag of Marbles":31,"Bottled Lightning":43,"Cracked Core":0,"Unceasing Top":53},{"Calipers":18,"Torii":12,"Enchiridion":9,"PreservedInsect":20,"Juzu Bracelet":5,"Bag of Preparation":6,"Incense Burner":13,"Omamori":23,"War Paint":6,"Ancient Tea Set":7,"WarpedTongs":1,"Nuclear Battery":8,"Centennial Puzzle":11,"DataDisk":18,"Nunchaku":24,"Sundial":26,"Strawberry":6,"Prayer Wheel":0,"Pandora\u0027s Box":16,"Bag of Marbles":15,"Bottled Lightning":20,"Cracked Core":0,"Unceasing Top":25},{"Calipers":75,"Torii":50,"Enchiridion":37,"PreservedInsect":86,"Juzu Bracelet":21,"Bag of Preparation":24,"Incense Burner":55,"Omamori":99,"War Paint":24,"Ancient Tea Set":27,"WarpedTongs":4,"Nuclear Battery":34,"Centennial Puzzle":45,"DataDisk":75,"Nunchaku":103,"Sundial":121,"Strawberry":24,"Prayer Wheel":0,"Pandora\u0027s Box":65,"Bag of Marbles":61,"Bottled Lightning":86,"Cracked Core":0,"Unceasing Top":118}],"Unceasing Top":[0]},"card_choices":[{"not_picked":["Turbo","Force Field"],"picked":"Barrage","floor":1.0},{"not_picked":["Stack","Storm"],"picked":"Double Energy","floor":1.0},{"not_picked":["Streamline","Go for the Eyes"],"picked":"Conserve Battery","floor":3.0},{"not_picked":["Thunder Strike","Steam"],"picked":"Loop","floor":3.0},{"not_picked":["Redo","Go for the Eyes"],"picked":"Doom and Gloom","floor":4.0},{"not_picked":["Barrage","Go for the Eyes"],"picked":"Capacitor","floor":4.0},{"not_picked":["Beam Cell","Rebound"],"picked":"Rip and Tear","floor":5.0},{"not_picked":["Streamline","Steam Power"],"picked":"Go for the Eyes","floor":5.0},{"not_picked":["Melter","Capacitor"],"picked":"Biased Cognition","floor":6.0},{"not_picked":["Aggregate","Leap"],"picked":"Static Discharge","floor":8.0},{"not_picked":["Meteor Strike","Steam"],"picked":"Cold Snap","floor":12.0},{"not_picked":["Amplify","Multi-Cast"],"picked":"Core Surge","floor":16.0},{"not_picked":["Double Energy","Force Field"],"picked":"Compile Driver","floor":18.0},{"not_picked":["Cold Snap","Reinforced Body","Go for the Eyes+1"],"picked":"SKIP","floor":18.0},{"not_picked":["Beam Cell","Turbo"],"picked":"Coolheaded+1","floor":21.0},{"not_picked":["Lockon","Stack","BootSequence"],"picked":"SKIP","floor":21.0},{"not_picked":["Sunder","Scrape+1","Stack"],"picked":"SKIP","floor":23.0},{"not_picked":["Reinforced Body","Blizzard"],"picked":"Turbo+1","floor":25.0},{"not_picked":["Conserve Battery+1","Genetic Algorithm"],"picked":"Cold Snap","floor":28.0},{"not_picked":["Lockon+1","Conserve Battery","Auto Shields+1"],"picked":"SKIP","floor":29.0},{"not_picked":["Static Discharge","Darkness+1","Go for the Eyes"],"picked":"SKIP","floor":29.0},{"not_picked":["Rebound+1","Hologram+1"],"picked":"Skim","floor":31.0},{"not_picked":["Meteor Strike","Rainbow"],"picked":"Seek","floor":33.0},{"not_picked":["Rebound","Conserve Battery+1"],"picked":"Loop+1","floor":35.0},{"not_picked":["Barrage","Turbo+1"],"picked":"Recycle","floor":35.0},{"not_picked":["Rebound","Double Energy+1"],"picked":"Loop","floor":36.0},{"not_picked":["Cold Snap+1","Sweeping Beam+1","Leap"],"picked":"SKIP","floor":41.0},{"not_picked":["Gash","Lockon+1","Leap"],"picked":"SKIP","floor":41.0},{"not_picked":["Tempest+1","Turbo+1"],"picked":"Compile Driver","floor":42.0},{"not_picked":["Thunder Strike","White Noise"],"picked":"Compile Driver","floor":44.0},{"not_picked":["Barrage+1","Turbo+1","BootSequence+1"],"picked":"SKIP","floor":44.0},{"not_picked":["Conserve Battery+1","Cold Snap","Coolheaded+1"],"picked":"SKIP","floor":45.0},{"not_picked":["Stack","Compile Driver","Melter+1"],"picked":"SKIP","floor":45.0},{"not_picked":["Conserve Battery+1","Cold Snap","Coolheaded+1"],"picked":"SKIP","floor":45.0},{"not_picked":["Stack","Compile Driver","Melter+1"],"picked":"SKIP","floor":45.0},{"not_picked":["Blizzard+1","Steam+1","Gash"],"picked":"SKIP","floor":46.0},{"not_picked":["Conserve Battery","Core Surge","Genetic Algorithm"],"picked":"SKIP","floor":48.0},{"not_picked":["Amplify","Beam Cell+1","Streamline+1"],"picked":"SKIP","floor":54.0}],"player_experience":1367772,"relics_obtained":[{"floor":6.0,"key":"Juzu Bracelet"},{"floor":8.0,"key":"Strawberry"},{"floor":9.0,"key":"War Paint"},{"floor":12.0,"key":"Ancient Tea Set"},{"floor":20.0,"key":"Enchiridion"},{"floor":23.0,"key":"Centennial Puzzle"},{"floor":25.0,"key":"Torii"},{"floor":28.0,"key":"Incense Burner"},{"floor":31.0,"key":"Bag of Marbles"},{"floor":36.0,"key":"Calipers"},{"floor":37.0,"key":"DataDisk"},{"floor":42.0,"key":"PreservedInsect"},{"floor":43.0,"key":"Bottled Lightning"},{"floor":46.0,"key":"Omamori"},{"floor":48.0,"key":"Nunchaku"},{"floor":54.0,"key":"Sundial"}],"event_choices":[{"damage_healed":0.0,"max_hp_gain":0.0,"max_hp_loss":0.0,"gold_gain":0.0,"event_name":"Accursed Blacksmith","player_choice":"Rummage","floor":2.0,"gold_loss":0.0,"damage_taken":0.0,"relics_obtained":["WarpedTongs"],"cards_obtained":["Pain"]},{"damage_healed":52.0,"max_hp_gain":0.0,"max_hp_loss":0.0,"gold_gain":0.0,"event_name":"Wheel of Change","player_choice":"Full Heal","floor":14.0,"gold_loss":0.0,"damage_taken":0.0},{"damage_healed":0.0,"max_hp_gain":0.0,"max_hp_loss":0.0,"gold_gain":0.0,"event_name":"Cursed Tome","player_choice":"Obtained Book","floor":20.0,"gold_loss":0.0,"damage_taken":16.0},{"damage_healed":0.0,"max_hp_gain":0.0,"max_hp_loss":0.0,"gold_gain":0.0,"event_name":"The Library","player_choice":"Read","floor":22.0,"gold_loss":0.0,"damage_taken":0.0,"cards_obtained":["FTL"]},{"damage_healed":0.0,"max_hp_gain":0.0,"max_hp_loss":0.0,"gold_gain":0.0,"event_name":"The Woman in Blue","player_choice":"Bought 3 Potions","floor":30.0,"gold_loss":0.0,"damage_taken":0.0},{"damage_healed":0.0,"max_hp_gain":0.0,"max_hp_loss":0.0,"gold_gain":0.0,"event_name":"MindBloom","player_choice":"Fight","floor":36.0,"gold_loss":0.0,"damage_taken":0.0},{"damage_healed":0.0,"max_hp_gain":0.0,"max_hp_loss":4.0,"gold_gain":0.0,"event_name":"Winding Halls","player_choice":"Max HP","floor":38.0,"gold_loss":0.0,"damage_taken":0.0},{"cards_removed":["Beam Cell"],"damage_healed":0.0,"max_hp_gain":0.0,"max_hp_loss":0.0,"gold_gain":0.0,"event_name":"Designer","player_choice":"Upgrade and Remove","floor":39.0,"gold_loss":90.0,"damage_taken":0.0,"cards_upgraded":["Core Surge"]},{"cards_removed":["Recycle"],"damage_healed":0.0,"max_hp_gain":0.0,"max_hp_loss":0.0,"gold_gain":0.0,"event_name":"Falling","player_choice":"Removed Skill","floor":47.0,"gold_loss":0.0,"damage_taken":0.0}],"is_beta":false,"boss_relics":[{"not_picked":["SacredBark","SlaversCollar"],"picked":"Nuclear Battery"},{"not_picked":["Philosopher\u0027s Stone","Inserter"],"picked":"Pandora\u0027s Box"}],"items_purged_floors":[10,19],"is_endless":false,"potions_floor_spawned":[3,5,6,12,16,21,23,29,35,36,41,45,46],"ascension_level":1}}