{"host":"29lahdx3vn6842ib","time":1613468167,"event":{"mods":["ATMod(阿瑾Mod)","Act Like it!","Aspiration","BaseMod","Better Vampires","Conspire","Friendly Minions","Gensokyo","GungeonMod","Hallownest","HololiveMod","KinomotoSakuraMod(木之本樱)","Mari Mod (Legacy)","Mari\u0027s V1 Patch","Marisa（F雨　魔理沙）","Minty Spire (QoL Compilation)","Prisma Mod","Quarter Circle Forward PUNCH!","Quick Restart","Rare Cards Sparkle","Reimu（博丽灵梦）","Reliquary","Remilia（蕾米莉亚）","RumiaBox-露米娅的神秘盒子","SIMod","Shop Mod","StSLib","The Alterego","The Animator","The Bug Knight","The Senshi","The Servant 0.9.4","Waifu the Spire","WarShipGirlsR/战舰少女R mod","Yohane!","Yuri Mod","【功能Mod】混沌之环修复补丁","【遗物卡牌】REMEMod","篝火指南"],"gold_per_floor":[900000,899375,899392,899422,899437,899437,899466,899497,899544,899563,899606,899625,899650,899650,899176,899271,899271,899288,899300,898721,898735,898745,898777,897942,897151,897203,897046,896146,896177,895345,895365,894642,894742,894742,894760,894775,894202,894212,894222,893640,893046,893063,893063,893063,892608,892637,892489,892504,892097,892097,892097,891954,891526,891553,891553],"floor_reached":56,"language":"ZHS","playtime":3978,"items_purged":["animator:Defend_MadokaMagica","animator:Strike","animator:Strike","animator:Strike","animator:Strike","animator:Laby","animator:Strike_MadokaMagica","animator:YachiyoNanami","animator:YachiyoNanami","animator:YachiyoNanami"],"score":1708,"play_id":"098cd00c-b920-4716-87fb-7451a0d92b9c","local_time":"20210216173607","is_ascension_mode":false,"campfire_choices":[{"floor":6,"key":"RECALL"}],"circlet_count":0,"master_deck":["animator:Strike_MadokaMagica+1","animator:Defend+1","animator:IrohaTamaki+1","animator:YuiTsuruno+1","animator:SayakaMiki+1","animator:YachiyoNanami+1","animator:MamiTomoe+1","animator:OrikoMikuni+1","animator:KyokoSakura+1","animator:SuzuneAmano+1","animator:NagisaMomoe+1","animator:MadokaKaname+1"],"relics":["animator:LivingPicture","animator:ColorlessFragment","AT_ATBox","REME_ComplimentaryCards","animator:PurgingStone","NeowsBlessing","qcfpunch:Necklace_of_Skulls","Ginger","aspiration:HummingbirdHeart","AT_LudenTempest","MerchantsRug","Boot","Brimstone","Eternal Feather","animator:HeavyHalberd","DemoMod:MonsterBlood","conspire:TreasureMap","Du-Vu Doll","reliquary:Buckler","animator:OldCoffin","reliquary:SharkskinSheath","AT_EbonyIvory","theSenshi:SpiralHeartMoonRodRelic","Runic Capacitor","Hololive_LightStick","Bag of Preparation","animator:HallowedScabbard","DollysMirror","reliquary:Firecrackers","Sling","Ornamental Fan","HandDrill","ZombieArmy","DemoMod:BlueGuonStone","Smiling Mask","Toy Ornithopter","DemoMod:VorpalBullet","REME_CardOfGreed","reliquary:Knoch","Strawberry","AT_Kusabimaru","Orichalcum","Mercury Hourglass","Red Skull","TwistedFunnel","Chemical X"],"acts_visited":["Exordium","TheCity","TheBeyond","TheEnding"],"potions_floor_usage":[23],"damage_taken":[{"damage":0,"enemies":"Cultist","floor":1,"turns":1},{"damage":0,"enemies":"Small Slimes","floor":3,"turns":1},{"damage":0,"enemies":"conspire:RoseBush","floor":4,"turns":1},{"damage":0,"enemies":"Gremlin Gang","floor":5,"turns":5},{"damage":0,"enemies":"Lagavulin","floor":7,"turns":11},{"damage":0,"enemies":"Red Slaver","floor":8,"turns":5},{"damage":2,"enemies":"2 Fungi Beasts","floor":10,"turns":2},{"damage":0,"enemies":"Exordium Wildlife","floor":11,"turns":4},{"damage":0,"enemies":"Looter","floor":12,"turns":2},{"damage":0,"enemies":"3 Sentries","floor":13,"turns":6},{"damage":0,"enemies":"Slime Boss","floor":16,"turns":4},{"damage":0,"enemies":"2 Thieves","floor":18,"turns":3},{"damage":0,"enemies":"conspire:FuzzyDice","floor":19,"turns":3},{"damage":0,"enemies":"Snake Plant","floor":21,"turns":2},{"damage":0,"enemies":"Centurion and Healer","floor":22,"turns":3},{"damage":0,"enemies":"Slavers","floor":23,"turns":4},{"damage":0,"enemies":"REME_1_Revenger","floor":29,"turns":3},{"damage":0,"enemies":"Sentry and Sphere","floor":31,"turns":2},{"damage":0,"enemies":"conspire:MysteriousRune","floor":33,"turns":3},{"damage":0,"enemies":"Orb Walker","floor":35,"turns":1},{"damage":0,"enemies":"3 Darklings","floor":36,"turns":2},{"damage":0,"enemies":"Writhing Mass","floor":38,"turns":2},{"damage":0,"enemies":"Jaw Worm Horde","floor":39,"turns":2},{"damage":0,"enemies":"Maw","floor":42,"turns":2},{"damage":0,"enemies":"Reptomancer","floor":46,"turns":2},{"damage":0,"enemies":"4 Shapes","floor":48,"turns":1},{"damage":0,"enemies":"conspire:OrnateMirror","floor":50,"turns":2},{"damage":0,"enemies":"Shield and Spear","floor":54,"turns":2},{"damage":48,"enemies":"The Heart","floor":55,"turns":4}],"seed_played":"-6732250774312636811","potions_obtained":[{"floor":10,"key":"Explosive Potion"},{"floor":23,"key":"REME_GoldPotion"},{"floor":29,"key":"Swift Potion"}],"is_trial":false,"path_per_floor":["M","$","M","M","M","R","E","M","T","M","M","M","E","?","R","B",null,"M","M","$","M","M","E","R","$","T","R","$","E","R","M","R","B",null,"M","M","$","M","M","R","$","M","T","?","R","E","R","M","R","B",null,"R","$","E","B",null],"character_chosen":"THE_ANIMATOR","items_purchased":["qcfpunch:Necklace_of_Skulls","Ginger","AT_LudenTempest","animator:SuzuneAmano","MerchantsRug","Boot","Brimstone","animator:HeavyHalberd","DemoMod:MonsterBlood","Swift Potion","Fire Potion","conspire:TreasureMap","Du-Vu Doll","reliquary:Buckler","animator:ColorlessFragment","reliquary:SharkskinSheath","AT_EbonyIvory","theSenshi:SpiralHeartMoonRodRelic","Runic Capacitor","animator:Laby","Bag of Preparation","animator:HallowedScabbard","DollysMirror","reliquary:Firecrackers","Sling","animator:YachiyoNanami","Ornamental Fan","HandDrill","ZombieArmy","animator:NagisaMomoe","DemoMod:BlueGuonStone","Smiling Mask","animator:YachiyoNanami","Swift Potion","Toy Ornithopter","DemoMod:VorpalBullet","REME_CardOfGreed","Strawberry","AT_Kusabimaru","Orichalcum","Mercury Hourglass","Red Skull","TwistedFunnel","Chemical X","animator:MadokaKaname","animator:YachiyoNanami"],"campfire_rested":0,"item_purchase_floors":[2,2,15,15,20,20,20,24,24,24,24,24,25,25,25,27,28,28,28,28,30,30,30,32,32,32,37,37,37,37,40,40,40,40,41,41,41,45,45,47,49,49,52,53,53,53],"current_hp_per_floor":[66,66,66,66,67,67,67,67,67,66,66,66,66,66,66,66,68,68,68,68,68,68,68,75,75,75,75,75,75,75,75,75,75,75,75,75,75,75,75,75,75,75,75,75,82,82,82,82,82,82,82,82,82,82,36],"gold":891553,"neow_bonus":"THREE_ENEMY_KILL","is_daily":false,"chose_seed":false,"campfire_upgraded":0,"win_rate":0.0,"timestamp":1613468167,"path_taken":["M","$","M","?","M","R","E","M","T","M","M","M","E","?","R","BOSS","M","?","$","M","M","E","R","?","T","R","$","E","R","M","R","BOSS","M","M","$","M","M","R","$","?","T","?","R","E","R","M","R","BOSS","R","$","E","BOSS"],"items_purchased_type":["Relic","Relic","Relic","Card","Relic","Relic","Relic","Relic","Relic","Potion","Potion","Relic","Relic","Relic","Relic","Relic","Relic","Relic","Relic","Card","Relic","Relic","Relic","Relic","Relic","Card","Relic","Relic","Relic","Card","Relic","Relic","Card","Potion","Relic","Relic","Relic","Relic","Relic","Relic","Relic","Relic","Relic","Relic","Card","Card"],"build_version":"2020-12-22","purchased_purges":10,"victory":true,"max_hp_per_floor":[66,66,66,66,67,67,67,67,67,68,68,68,68,68,68,68,68,68,68,68,68,68,68,75,75,75,75,75,75,75,75,75,75,75,75,75,75,75,75,75,75,75,75,75,82,82,82,82,82,82,82,82,82,82,82],"card_choices":[{"not_picked":["animator:Sonic","animator:MetalKnight","animator:AcuraTooru"],"picked":"SKIP","floor":1},{"not_picked":["animator:Sonic","animator:MetalKnight","animator:AcuraTooru"],"picked":"SKIP","floor":1},{"not_picked":["animator:GazelDwargon","animator:LeleiLaLalena","animator:Shalltear"],"picked":"SKIP","floor":3},{"not_picked":["animator:YuiTsuruno","animator:IrohaTamaki"],"picked":"animator:SayakaMiki","floor":4},{"not_picked":["animator:YuiTsuruno","animator:SuzuneAmano"],"picked":"animator:YachiyoNanami","floor":5},{"not_picked":["animator:HighElfArcher","animator:AcuraTooru","animator:Kuribayashi"],"picked":"SKIP","floor":7},{"not_picked":["animator:SuzuneAmano","animator:IrohaTamaki"],"picked":"animator:MamiTomoe","floor":8},{"not_picked":["animator:YachiyoNanami","animator:SuzuneAmano"],"picked":"animator:OrikoMikuni","floor":10},{"not_picked":["animator:YuiTsuruno","animator:IrohaTamaki"],"picked":"animator:KyokoSakura","floor":11},{"not_picked":["animator:OrikoMikuni","animator:IrohaTamaki","animator:MamiTomoe"],"picked":"SKIP","floor":12},{"not_picked":["animator:OrikoMikuni","animator:YachiyoNanami","animator:MamiTomoe"],"picked":"SKIP","floor":13},{"not_picked":["animator:OrikoMikuni","animator:YuiTsuruno","animator:SayakaMiki"],"picked":"SKIP","floor":18},{"not_picked":["animator:KyokoSakura","animator:IrohaTamaki","animator:YuiTsuruno"],"picked":"SKIP","floor":21},{"not_picked":["animator:YuiTsuruno","animator:PandorasActor","animator:MamiTomoe+1"],"picked":"SKIP","floor":22},{"not_picked":["animator:OrikoMikuni","animator:MamiTomoe","animator:PandorasActor"],"picked":"SKIP","floor":23},{"not_picked":["animator:PandorasActor","animator:SuzuneAmano","animator:IrohaTamaki"],"picked":"SKIP","floor":29},{"not_picked":["animator:SayakaMiki","animator:IrohaTamaki+1","animator:SuzuneAmano"],"picked":"SKIP","floor":31},{"not_picked":["animator:KyokoSakura+1","animator:YuiTsuruno","animator:OrikoMikuni+1"],"picked":"SKIP","floor":36},{"not_picked":["animator:IrohaTamaki","animator:SayakaMiki","animator:SuzuneAmano"],"picked":"SKIP","floor":38},{"not_picked":["animator:IrohaTamaki","animator:OrikoMikuni","animator:YuiTsuruno"],"picked":"SKIP","floor":42},{"not_picked":["animator:IrohaTamaki","animator:OrikoMikuni","animator:SayakaMiki"],"picked":"SKIP","floor":46},{"not_picked":["animator:YuiTsuruno","animator:PandorasActor","animator:MamiTomoe+1"],"picked":"SKIP","floor":54}],"player_experience":376092,"relics_obtained":[{"floor":7,"key":"aspiration:HummingbirdHeart"},{"floor":23,"key":"Eternal Feather"},{"floor":26,"key":"animator:OldCoffin"},{"floor":29,"key":"Hololive_LightStick"},{"floor":43,"key":"reliquary:Knoch"}],"event_choices":[{"cards_removed":["animator:Defend"],"damage_healed":0,"gold_gain":0,"player_choice":"Purged","damage_taken":0,"max_hp_gain":0,"max_hp_loss":0,"event_name":"Purifier","floor":14,"gold_loss":0},{"cards_removed":["animator:Defend"],"damage_healed":0,"gold_gain":0,"player_choice":"Purged","damage_taken":0,"max_hp_gain":0,"max_hp_loss":0,"event_name":"Purifier","floor":44,"gold_loss":0}],"is_beta":false,"boss_relics":[{"not_picked":["reliquary:KinkedSpring","conspire:RoyalGoblet","conspire:RunicOctahedron"]},{"not_picked":["aspiration:FutureDiary","aspiration:SilentSkillbook","animator:HolyGrailRelic"]}],"items_purged_floors":[2,15,20,24,25,28,30,32,40,53],"is_endless":false,"potions_floor_spawned":[1,7,8,10,13,16,22,23,29,31,36,42,46,54],"ascension_level":0}}