{"host":"amnup8uv961nil3y","time":1613519846,"event":{"mods":["Act Like it!","Aspiration","BaseMod","Bestiary","Better Altar","Better Match","Better Sensory Stone","Better Synergies","Better Third Choice","Block Reminder","Challenge The Spire","Colored Map","Colored Powertips","Colorless Booster Pack","Conspire","DeckTracker","Disable Question Mark Monsters","Elementarium","Energized Spire","Evolution","Extra Virgin Snecko Oil","GifTheSpireLib","Halation","Hermit","HexUI Lib","Highlight Path","Hubris","Infinite Spire","Lotus Mark","Menagerie","Minty Spire (QoL Compilation)","Pale of the Ancients","Potion Indicator Mod","Quarter Circle Forward PUNCH!","Random Character Button","Relic Stats","Reliquary","Replay The Spire","Reworked Bosses","Ruina","Shapeshifter Mod","Shop Mod","Small Relic Pack","Spicy Shops","Spikes Relics","StSLib","Stuff the Spire","Swap Starting Deck Mod","The Jungle","TheVacant","Trackpad","Useless Jewels Mod","Wandering Minibosses"],"gold_per_floor":[109,109,126,136,136,136,152,179,179,193,193,228,228,253,253,348,348,366,366,290,303,46,46],"floor_reached":22,"language":"ENG","playtime":1840,"items_purged":[],"score":304,"play_id":"ff3179cd-dfa3-44f2-a89c-19abceb97bc0","local_time":"20210216235726","is_ascension_mode":false,"campfire_choices":[{"data":"StSShapeShifter:Ensconce","floor":6,"key":"SMITH"},{"data":"StSShapeShifter:MysticalSeed","floor":15,"key":"SMITH"}],"circlet_count":0,"master_deck":["StSShapeShifter:ShapeShifter_Strike","StSShapeShifter:ShapeShifter_Strike","StSShapeShifter:ShapeShifter_Strike","StSShapeShifter:ShapeShifter_Defend","StSShapeShifter:ShapeShifter_Defend","StSShapeShifter:ShapeShifter_Defend","StSShapeShifter:ShapeShifter_Defend","StSShapeShifter:Tortoise_Form+1","StSShapeShifter:Ensconce+1","StSShapeShifter:MysticalSeed+1","StSShapeShifter:OakBlade","StSShapeShifter:BurstingSpore","StSShapeShifter:Consume","StSShapeShifter:VineHandcuffs","StSShapeShifter:BurrBomb","StSShapeShifter:LeapingSlash","StSShapeShifter:Blossom2","StSShapeShifter:SpiritOfTheEarth","Iron Wave","StSShapeShifter:Garden","StSShapeShifter:ForestFire"],"relics":["StSShapeShifter:AnimalHeart","StSShapeShifter:TheShapeShiftersMagnolia","EVO:Axolotl","StuffTheSpire:Tea","Boot","Blue Doll","conspire:Dentures","reliquary:KinkedSpring","MealTicket","aspiration:KaomsHeart"],"acts_visited":["Exordium","TheCity"],"potions_floor_usage":[12,16,22],"damage_taken":[{"damage":0,"enemies":"Jaw Worm","floor":1,"turns":5},{"damage":4,"enemies":"Cultist","floor":3,"turns":7},{"damage":2,"enemies":"conspire:RoseBush","floor":4,"turns":3},{"damage":2,"enemies":"conspire:2 RoseBushes","floor":7,"turns":7},{"damage":0,"enemies":"Lagavulin","floor":8,"turns":7},{"damage":4,"enemies":"2 Fungi Beasts","floor":10,"turns":4},{"damage":20,"enemies":"Gremlin Nob","floor":12,"turns":5},{"damage":12,"enemies":"3 Sentries","floor":14,"turns":6},{"damage":35,"enemies":"The Guardian","floor":16,"turns":7},{"damage":13,"enemies":"2 Thieves","floor":18,"turns":3},{"damage":30,"enemies":"Shell Parasite","floor":21,"turns":7},{"damage":158,"enemies":"hubris:Merchant","floor":22,"turns":8}],"seed_played":"7366714440776102971","potions_obtained":[{"floor":1,"key":"Strength Potion"},{"floor":3,"key":"SkillPotion"},{"floor":4,"key":"Swift Potion"}],"is_trial":false,"path_per_floor":["M","?","M","M","?","R","M","E","T","M","?","E","?","E","R","B",null,"M","?","$","M","$"],"character_chosen":"SHAPESHIFTER","items_purchased":["MealTicket","aspiration:KaomsHeart","StSShapeShifter:Garden","StSShapeShifter:ForestFire"],"campfire_rested":0,"item_purchase_floors":[20,22,22,22],"current_hp_per_floor":[85,85,81,79,79,79,77,77,77,73,73,53,53,41,41,6,85,72,72,72,42,0,0],"gold":46,"neow_bonus":"TEN_PERCENT_HP_BONUS","is_daily":false,"chose_seed":false,"campfire_upgraded":2,"win_rate":0.0,"timestamp":1613519846,"path_taken":["M","?","M","?","?","R","M","E","T","M","?","E","?","E","R","BOSS","M","?","?","M","$"],"items_purchased_type":["Relic","Relic","Card","Card"],"build_version":"2020-12-22","purchased_purges":0,"victory":false,"max_hp_per_floor":[85,85,85,85,85,85,85,85,85,85,85,85,85,85,85,85,85,85,85,85,85,185,185],"relic_stats":{"counters":[12,69],"MealTicket":15,"Boot":[31],"obtain_stats":[{"StSShapeShifter:TheShapeShiftersMagnolia":0,"conspire:Dentures":14,"reliquary:KinkedSpring":17,"StSShapeShifter:AnimalHeart":0,"Blue Doll":12,"MealTicket":20,"aspiration:KaomsHeart":22,"EVO:Axolotl":0,"Boot":9,"StuffTheSpire:Tea":8},{"StSShapeShifter:TheShapeShiftersMagnolia":0,"conspire:Dentures":8,"reliquary:KinkedSpring":9,"StSShapeShifter:AnimalHeart":0,"Blue Doll":7,"MealTicket":10,"aspiration:KaomsHeart":11,"EVO:Axolotl":0,"Boot":5,"StuffTheSpire:Tea":5},{"StSShapeShifter:TheShapeShiftersMagnolia":0,"conspire:Dentures":44,"reliquary:KinkedSpring":51,"StSShapeShifter:AnimalHeart":0,"Blue Doll":38,"MealTicket":54,"aspiration:KaomsHeart":61,"EVO:Axolotl":0,"Boot":29,"StuffTheSpire:Tea":29}]},"card_choices":[{"not_picked":["StSShapeShifter:CursedApple","StSShapeShifter:OakBlade"],"picked":"StSShapeShifter:Ensconce","floor":1},{"not_picked":["StSShapeShifter:WiltingWrath","StSShapeShifter:Maul"],"picked":"StSShapeShifter:OakBlade","floor":3},{"not_picked":["StSShapeShifter:EmbraceTheCycle","StSShapeShifter:Maul"],"picked":"StSShapeShifter:BurstingSpore","floor":4},{"not_picked":["StSShapeShifter:IntimidatingAura","StSShapeShifter:Evolution"],"picked":"StSShapeShifter:Consume","floor":7},{"not_picked":["StSShapeShifter:MonkeyForm","StSShapeShifter:RatForm"],"picked":"StSShapeShifter:VineHandcuffs","floor":8},{"not_picked":["StSShapeShifter:SquirrelForm","StSShapeShifter:FallingLeaves"],"picked":"StSShapeShifter:BurrBomb","floor":10},{"not_picked":["StSShapeShifter:MonkeyForm","StSShapeShifter:RatForm"],"picked":"StSShapeShifter:LeapingSlash","floor":12},{"not_picked":["StSShapeShifter:Roar","StSShapeShifter:DiverseSpirit","StSShapeShifter:RockSlide"],"picked":"SKIP","floor":14},{"not_picked":["StSShapeShifter:RestoreBalance","StSShapeShifter:Winter"],"picked":"StSShapeShifter:Blossom2","floor":16},{"not_picked":["StSShapeShifter:SunflowerShuriken","StSShapeShifter:Sapling"],"picked":"StSShapeShifter:SpiritOfTheEarth","floor":18},{"not_picked":["StSShapeShifter:OakBlade+1","StSShapeShifter:Maul","StSShapeShifter:EmbraceTheCycle"],"picked":"SKIP","floor":21}],"player_experience":404411,"relics_obtained":[{"floor":8,"key":"StuffTheSpire:Tea"},{"floor":9,"key":"Boot"},{"floor":12,"key":"Blue Doll"},{"floor":14,"key":"conspire:Dentures"}],"event_choices":[{"damage_healed":0,"gold_gain":0,"cards_transformed":["StSShapeShifter:ShapeShifter_Strike"],"player_choice":"Transformed","damage_taken":0,"max_hp_gain":0,"max_hp_loss":0,"event_name":"Transmorgrifier","floor":2,"gold_loss":0,"cards_obtained":["StSShapeShifter:MysticalSeed"]},{"cards_removed":["StSShapeShifter:ShapeShifter_Strike"],"damage_healed":0,"gold_gain":0,"player_choice":"Took Card","damage_taken":0,"max_hp_gain":0,"max_hp_loss":0,"event_name":"NoteForYourself","floor":19,"gold_loss":0,"cards_obtained":["Iron Wave"]}],"is_beta":false,"boss_relics":[{"not_picked":["Replay:Drink Me","energizedSpire:OgreHead"],"picked":"reliquary:KinkedSpring"}],"items_purged_floors":[],"is_endless":false,"potions_floor_spawned":[1,3,4,8],"killed_by":"hubris:Merchant","ascension_level":0}}