{"host":"o88u0awh8mkwl1l8","time":1613482903,"event":{"mods":["BaseMod","Colored Map","Highlight Path","Minty Spire (QoL Compilation)","Relic Sorter"],"gold_per_floor":[215,215,233,250,250,284,284,284,360,391,391,406,440,476,476,476,476],"floor_reached":16,"language":"JPN","playtime":749,"items_purged":[],"score":236,"play_id":"ba6be55b-2229-43c4-8042-36f31e1dc68b","local_time":"20210216224143","is_ascension_mode":true,"campfire_choices":[{"data":"EmptyFist","floor":7,"key":"SMITH"},{"data":"FlurryOfBlows","floor":11,"key":"SMITH"},{"floor":15,"key":"REST"}],"circlet_count":0,"master_deck":["AscendersBane","Strike_P","Strike_P","Strike_P","Defend_P","Defend_P","Defend_P","Defend_P","Eruption","Vigilance","EmptyFist+1","BowlingBash","EmptyMind","Injury","FearNoEvil","FlurryOfBlows+1","DeusExMachina","Consecrate"],"relics":["PureWater","InkBottle","Golden Idol","Art of War","Anchor","Odd Mushroom","Mummified Hand"],"acts_visited":["Exordium"],"potions_floor_usage":[6,10,10],"damage_taken":[{"damage":1,"enemies":"2 Louse","floor":1,"turns":2},{"damage":0,"enemies":"Small Slimes","floor":3,"turns":2},{"damage":2,"enemies":"Jaw Worm","floor":4,"turns":4},{"damage":15,"enemies":"3 Sentries","floor":6,"turns":9},{"damage":6,"enemies":"Gremlin Nob","floor":10,"turns":3},{"damage":0,"enemies":"Looter","floor":12,"turns":2},{"damage":0,"enemies":"The Mushroom Lair","floor":13,"turns":3},{"damage":17,"enemies":"Lagavulin","floor":14,"turns":6},{"damage":38,"enemies":"Hexaghost","floor":16,"turns":7}],"seed_played":"8383914402157246946","potions_obtained":[{"floor":3,"key":"Weak Potion"},{"floor":4,"key":"SkillPotion"},{"floor":6,"key":"DistilledChaos"},{"floor":12,"key":"StancePotion"}],"is_trial":false,"path_per_floor":["M","?","M","M","?","E","R","?","T","E","R","M","?","E","R","B"],"character_chosen":"WATCHER","items_purchased":[],"campfire_rested":1,"item_purchase_floors":[],"current_hp_per_floor":[60,53,53,51,51,36,36,36,36,30,30,30,30,13,33,0,0],"gold":476,"neow_bonus":"HUNDRED_GOLD","is_daily":false,"chose_seed":false,"campfire_upgraded":2,"win_rate":0.0,"timestamp":1613482903,"path_taken":["M","?","M","M","?","E","R","?","T","E","R","M","?","E","R","BOSS"],"items_purchased_type":[],"build_version":"2020-12-22","purchased_purges":0,"victory":false,"max_hp_per_floor":[68,68,68,68,68,68,68,68,68,68,68,68,68,68,68,68,68],"card_choices":[{"not_picked":["FollowUp","Worship"],"picked":"EmptyFist","floor":1},{"not_picked":["EmptyMind","PathToVictory"],"picked":"BowlingBash","floor":3},{"not_picked":["FollowUp","Halt"],"picked":"EmptyMind","floor":4},{"not_picked":["Adaptation","Vengeance"],"picked":"FearNoEvil","floor":6},{"not_picked":["CrushJoints","Study"],"picked":"FlurryOfBlows","floor":10},{"not_picked":["DeceiveReality","Crescendo"],"picked":"DeusExMachina","floor":12},{"not_picked":["Collect","EmptyBody"],"picked":"Consecrate","floor":14}],"player_experience":1288982,"relics_obtained":[{"floor":6,"key":"Art of War"},{"floor":9,"key":"InkBottle"},{"floor":10,"key":"Anchor"},{"floor":13,"key":"Odd Mushroom"},{"floor":14,"key":"Mummified Hand"}],"event_choices":[{"cards_removed":["Strike_P"],"damage_healed":0,"gold_gain":0,"player_choice":"Card Removal","damage_taken":7,"max_hp_gain":0,"max_hp_loss":0,"event_name":"Golden Wing","floor":2,"gold_loss":0},{"damage_healed":0,"gold_gain":0,"player_choice":"Take Wound","damage_taken":0,"relics_obtained":["Golden Idol"],"max_hp_gain":0,"max_hp_loss":0,"event_name":"Golden Idol","floor":5,"gold_loss":0,"cards_obtained":["Injury"]},{"damage_healed":0,"gold_gain":0,"player_choice":"Fled","damage_taken":0,"max_hp_gain":0,"max_hp_loss":0,"event_name":"Scrap Ooze","floor":8,"gold_loss":0},{"damage_healed":0,"gold_gain":0,"player_choice":"Fought Mushrooms","damage_taken":0,"max_hp_gain":0,"max_hp_loss":0,"event_name":"Mushrooms","floor":13,"gold_loss":0}],"is_beta":false,"boss_relics":[],"items_purged_floors":[],"is_endless":false,"potions_floor_spawned":[3,4,6,12],"killed_by":"Hexaghost","ascension_level":20}}