{"host":"rjfefv2ruvigm2gb","time":1613514514,"event":{"mods":["Act Like it!","AlwaysNeverKeys","BaseMod","Better Note","Better Third Choice","BetterRewards","Block Reminder","Bossed Relics","Colored Map","Colored Powertips","Curses Come First","Displayed Cursed Tome","Fox Events","Gold Saver","Googly Eyes","Highlight Path","Minty Spire (QoL Compilation)","Permanent Neow","Quick Restart","Relic Stats","Reliquary","Ruina","Shapeshifter Mod","Shop Mod","Small Relic Pack","StSLib","SuperFastMode","Transform Curses","Uncapped","Virulent Crown"],"gold_per_floor":[550,500,500,93,110,138,138,150,150,160,160,60,60,75,75,176,176,195,135,135,147,165,165,200,200,200,200,235,110,110,122,122,226,226,239,239,259,259,259,259,287,287,287,61,336,10,23,33,33,33,33],"floor_reached":50,"language":"ENG","playtime":2652,"items_purged":["StSShapeShifter:ShapeShifter_Strike","StSShapeShifter:ShapeShifter_Strike","StSShapeShifter:RitualOfTheElders","StSShapeShifter:ShapeShifter_Strike","Regret"],"score":531,"play_id":"8845833d-a5b9-4bd2-a028-6f8c96d22d43","local_time":"20210216162834","is_ascension_mode":false,"campfire_choices":[{"floor":7,"key":"REST"},{"floor":13,"key":"REST"},{"data":"StSShapeShifter:HummingbirdForm","floor":15,"key":"SMITH"},{"data":"StSShapeShifter:BloomingSlash","floor":23,"key":"SMITH"},{"floor":25,"key":"REST"},{"floor":27,"key":"REST"},{"floor":32,"key":"REST"},{"floor":40,"key":"REST"},{"data":"StSShapeShifter:BurstingSpore","floor":42,"key":"SMITH"},{"floor":49,"key":"REST"}],"circlet_count":0,"master_deck":["StSShapeShifter:ShapeShifter_Defend","StSShapeShifter:ShapeShifter_Defend+1","StSShapeShifter:ShapeShifter_Defend","StSShapeShifter:ShapeShifter_Defend+1","StSShapeShifter:ShapeShifter_Defend","StSShapeShifter:BloomingSlash+1","StSShapeShifter:HummingbirdForm+1","StSShapeShifter:PoisonIvy","StSShapeShifter:AdaptiveStrikes","StSShapeShifter:BurstingSpore","StSShapeShifter:BurstingSpore+1","StSShapeShifter:Spring+1","StSShapeShifter:RockSlide+1","StSShapeShifter:BloomingSlash","StSShapeShifter:BurstingSpore"],"relics":["StSShapeShifter:AnimalHeart","StSShapeShifter:TheShapeShiftersMagnolia","CultistMask","Matryoshka","Juzu Bracelet","Busted Crown","Pear","Oddly Smooth Stone","reliquary:TatteredRug","CaptainsWheel","reliquary:RedPaperclip","reliquary:OuijaBoard","reliquary:WeakTea","War Paint"],"acts_visited":["Exordium","TheCity","TheBeyond"],"potions_floor_usage":[11,16,16,22,24,24,31,37],"damage_taken":[{"damage":3,"enemies":"2 Louse","floor":1,"turns":2},{"damage":3,"enemies":"Jaw Worm","floor":5,"turns":4},{"damage":54,"enemies":"Lagavulin","floor":6,"turns":10},{"damage":4,"enemies":"Cultist","floor":8,"turns":4},{"damage":2,"enemies":"2 Fungi Beasts","floor":10,"turns":3},{"damage":3,"enemies":"Gremlin Gang","floor":14,"turns":5},{"damage":28,"enemies":"Hexaghost","floor":16,"turns":10},{"damage":8,"enemies":"3 Byrds","floor":18,"turns":4},{"damage":2,"enemies":"Shell Parasite","floor":21,"turns":6},{"damage":23,"enemies":"Snecko","floor":22,"turns":6},{"damage":68,"enemies":"Book of Stabbing","floor":24,"turns":7},{"damage":26,"enemies":"Gremlin Leader","floor":28,"turns":7},{"damage":15,"enemies":"Snake Plant","floor":31,"turns":4},{"damage":41,"enemies":"Automaton","floor":33,"turns":12},{"damage":0,"enemies":"3 Shapes","floor":35,"turns":7},{"damage":33,"enemies":"Orb Walker","floor":37,"turns":6},{"damage":23,"enemies":"Giant Head","floor":41,"turns":8},{"damage":5,"enemies":"3 Darklings","floor":47,"turns":6},{"damage":3,"enemies":"Writhing Mass","floor":48,"turns":7},{"damage":112,"enemies":"Donu and Deca","floor":50,"turns":9}],"seed_played":"-1549447250681993016","potions_obtained":[{"floor":5,"key":"PowerPotion"},{"floor":8,"key":"FearPotion"},{"floor":11,"key":"Fruit Juice"},{"floor":11,"key":"PowerPotion"},{"floor":11,"key":"PowerPotion"},{"floor":21,"key":"Regen Potion"},{"floor":22,"key":"FearPotion"},{"floor":28,"key":"SkillPotion"},{"floor":35,"key":"EssenceOfSteel"}],"is_trial":false,"path_per_floor":["M","?","?","$","M","E","R","M","T","M","?","$","R","M","R","B",null,"M","?","?","M","M","R","E","R","T","R","E","$","?","M","R","B",null,"M","?","M","?","?","R","E","R","T","$","?","$","M","M","R","B"],"character_chosen":"SHAPESHIFTER","items_purchased":["Matryoshka","StSShapeShifter:HummingbirdForm","StSShapeShifter:BloomingSlash","StSShapeShifter:BurstingSpore","War Paint"],"campfire_rested":7,"item_purchase_floors":[4,4,44,44,46],"current_hp_per_floor":[75,75,75,75,74,20,44,43,43,43,48,48,75,72,72,44,90,82,82,82,80,69,69,11,41,41,71,45,45,45,30,60,19,100,100,100,67,67,67,97,74,74,74,74,74,74,69,66,96,0,0],"gold":33,"neow_bonus":"ONE_RANDOM_RARE_CARD","is_daily":false,"chose_seed":false,"campfire_upgraded":3,"win_rate":0.0,"timestamp":1613514514,"path_taken":["M","?","?","$","M","E","R","?","T","M","?","$","R","M","R","BOSS","M","?","?","M","M","R","E","R","T","R","E","$","?","M","R","BOSS","M","?","M","?","?","R","E","R","T","$","?","$","M","M","R","BOSS"],"items_purchased_type":["Relic","Card","Card","Card","Relic"],"build_version":"2020-12-22","purchased_purges":5,"victory":false,"max_hp_per_floor":[78,78,78,78,80,80,80,83,83,85,90,90,90,90,90,90,90,90,90,90,90,90,90,100,100,100,100,100,100,100,100,100,100,100,100,100,100,100,100,100,100,100,100,100,100,100,100,100,100,100,100],"relic_stats":{"Busted Crown":24,"counters":[20,127],"Juzu Bracelet":3,"War Paint":["StSShapeShifter:ShapeShifter_Defend","StSShapeShifter:ShapeShifter_Defend"],"obtain_stats":[{"StSShapeShifter:TheShapeShiftersMagnolia":0,"reliquary:OuijaBoard":41,"StSShapeShifter:AnimalHeart":0,"Pear":24,"Oddly Smooth Stone":26,"Pen Nib":9,"reliquary:TatteredRug":26,"Juzu Bracelet":9,"reliquary:WeakTea":43,"War Paint":46,"reliquary:FerryPass":28,"CaptainsWheel":31,"Matryoshka":4,"Busted Crown":17,"reliquary:RedPaperclip":34,"CultistMask":3,"InkBottle":6},{"StSShapeShifter:TheShapeShiftersMagnolia":0,"reliquary:OuijaBoard":17,"StSShapeShifter:AnimalHeart":0,"Pear":11,"Oddly Smooth Stone":11,"Pen Nib":4,"reliquary:TatteredRug":11,"Juzu Bracelet":4,"reliquary:WeakTea":17,"War Paint":17,"reliquary:FerryPass":12,"CaptainsWheel":13,"Matryoshka":1,"Busted Crown":7,"reliquary:RedPaperclip":14,"CultistMask":1,"InkBottle":3},{"StSShapeShifter:TheShapeShiftersMagnolia":0,"reliquary:OuijaBoard":105,"StSShapeShifter:AnimalHeart":0,"Pear":61,"Oddly Smooth Stone":61,"Pen Nib":20,"reliquary:TatteredRug":61,"Juzu Bracelet":20,"reliquary:WeakTea":105,"War Paint":105,"reliquary:FerryPass":68,"CaptainsWheel":72,"Matryoshka":2,"Busted Crown":38,"reliquary:RedPaperclip":84,"CultistMask":2,"InkBottle":16}]},"card_choices":[{"not_picked":["StSShapeShifter:RockSlide","StSShapeShifter:FesteringBite"],"picked":"StSShapeShifter:BloomingSlash","floor":1},{"not_picked":["StSShapeShifter:DeerForm","StSShapeShifter:FlowerShield"],"picked":"StSShapeShifter:PoisonIvy","floor":5},{"not_picked":["StSShapeShifter:Rabid","StSShapeShifter:PantherForm","StSShapeShifter:EagleForm"],"picked":"SKIP","floor":6},{"not_picked":["StSShapeShifter:TopazSkin","StSShapeShifter:ShiftingStrike"],"picked":"StSShapeShifter:AdaptiveStrikes","floor":8},{"not_picked":["StSShapeShifter:RatForm","StSShapeShifter:Rest"],"picked":"StSShapeShifter:BurstingSpore","floor":10},{"not_picked":["StSShapeShifter:FlamingoForm","StSShapeShifter:Maul","StSShapeShifter:VineHandcuffs"],"picked":"SKIP","floor":14},{"not_picked":["StSShapeShifter:ReplenishingNectar+1"],"picked":"SKIP","floor":18},{"not_picked":[],"picked":"StSShapeShifter:BurstingSpore","floor":21},{"not_picked":["StSShapeShifter:SquirrelForm"],"picked":"SKIP","floor":22},{"not_picked":["StSShapeShifter:Rest"],"picked":"SKIP","floor":24},{"not_picked":["StSShapeShifter:OwlForm"],"picked":"SKIP","floor":28},{"not_picked":["StSShapeShifter:ShiftingStrike"],"picked":"SKIP","floor":31},{"not_picked":[],"picked":"StSShapeShifter:RockSlide+1","floor":35},{"not_picked":["StSShapeShifter:ReplenishingNectar+1"],"picked":"SKIP","floor":37},{"not_picked":["StSShapeShifter:Pounce"],"picked":"SKIP","floor":41},{"not_picked":["StSShapeShifter:FlowerShield+1"],"picked":"SKIP","floor":47},{"not_picked":["StSShapeShifter:Consume+1"],"picked":"SKIP","floor":48}],"player_experience":1028358,"relics_obtained":[{"floor":6,"key":"InkBottle"},{"floor":9,"key":"Juzu Bracelet"},{"floor":9,"key":"Pen Nib"},{"floor":24,"key":"Pear"},{"floor":26,"key":"Oddly Smooth Stone"},{"floor":26,"key":"reliquary:TatteredRug"},{"floor":28,"key":"reliquary:FerryPass"},{"floor":31,"key":"CaptainsWheel"},{"floor":41,"key":"reliquary:OuijaBoard"},{"floor":43,"key":"reliquary:WeakTea"}],"event_choices":[{"cards_removed":["StSShapeShifter:ShapeShifter_Strike"],"damage_healed":0,"gold_gain":0,"player_choice":"Card Removal","damage_taken":0,"max_hp_gain":0,"max_hp_loss":0,"event_name":"The Cleric","floor":2,"gold_loss":50},{"damage_healed":0,"gold_gain":0,"player_choice":"Trade","damage_taken":0,"relics_obtained":["CultistMask"],"max_hp_gain":0,"max_hp_loss":0,"event_name":"FaceTrader","floor":3,"gold_loss":0},{"damage_healed":0,"gold_gain":0,"player_choice":"Got Potions","damage_taken":0,"max_hp_gain":0,"max_hp_loss":0,"event_name":"Lab","floor":11,"gold_loss":0},{"cards_removed":["StSShapeShifter:ShapeShifter_Strike"],"damage_healed":0,"gold_gain":0,"player_choice":"Single Remove","damage_taken":0,"max_hp_gain":0,"max_hp_loss":0,"event_name":"Designer","floor":19,"gold_loss":60},{"cards_removed":["StSShapeShifter:Tortoise_Form"],"damage_healed":0,"gold_gain":0,"player_choice":"Offered Basic","damage_taken":0,"max_hp_gain":0,"max_hp_loss":0,"event_name":"Bonfire Elementals","floor":20,"gold_loss":0},{"damage_healed":0,"gold_gain":0,"player_choice":"1 cards matched","damage_taken":0,"max_hp_gain":0,"max_hp_loss":0,"event_name":"Match and Keep!","floor":30,"gold_loss":0,"cards_obtained":["StSShapeShifter:Spring"]},{"damage_healed":0,"gold_gain":0,"player_choice":"Forge","damage_taken":0,"max_hp_gain":0,"max_hp_loss":0,"event_name":"Accursed Blacksmith","floor":36,"gold_loss":0,"cards_upgraded":["StSShapeShifter:Spring"]},{"damage_healed":0,"gold_gain":275,"player_choice":"Desecrate","damage_taken":0,"max_hp_gain":0,"max_hp_loss":0,"event_name":"Golden Shrine","floor":45,"gold_loss":0,"cards_obtained":["Regret"]}],"is_beta":false,"boss_relics":[{"not_picked":["relicPack:ShieldShield","reliquary:KinkedSpring"],"picked":"Busted Crown"},{"not_picked":["reliquary:RedCape","Pandora\u0027s Box"],"picked":"reliquary:RedPaperclip"}],"items_purged_floors":[4,12,29,44,46],"is_endless":false,"potions_floor_spawned":[5,8,14,21,22,28,35],"killed_by":"Donu and Deca","ascension_level":0}}