{"host":"8anmd7ibyxevnonj","time":1613502103,"event":{"mods":["BaseMod","Curses Come First","Minty Spire (QoL Compilation)","Reliquary","StSLib"],"gold_per_floor":[109,121,121,138,118,152,152,169,169,169,169,244,244,256,256,356,356,367,383,82,82,7,41,41,41,41,41,41,75,75,94,94,94,94],"floor_reached":33,"language":"ENG","playtime":952,"items_purged":[],"score":281,"play_id":"27db7fe7-9bc8-42d1-8df1-daf312da58d1","local_time":"20210216200143","is_ascension_mode":false,"campfire_choices":[{"data":"Rampage","floor":7,"key":"SMITH"},{"data":"Iron Wave","floor":11,"key":"SMITH"},{"data":"Cleave","floor":13,"key":"SMITH"},{"floor":15,"key":"REST"},{"data":"Juggernaut","floor":25,"key":"SMITH"},{"data":"Cleave","floor":28,"key":"SMITH"},{"floor":30,"key":"REST"},{"floor":32,"key":"REST"}],"circlet_count":0,"master_deck":["Strike_R+1","Strike_R+1","Strike_R+1","Defend_R+1","Defend_R+1","Defend_R+1","Defend_R+1","Bash","Juggernaut+1","Iron Wave+1","Cleave+1","Cleave+1","Rampage+1","Inflame","Thunderclap","Juggernaut+1","Twin Strike+1","Armaments+1","Impervious","Spot Weakness","Fire Breathing","Feel No Pain+1"],"relics":["Burning Blood","Juzu Bracelet","Bag of Preparation","Mark of Pain","Mango","Matryoshka","MealTicket","reliquary:TatteredRug","Shuriken","Toy Ornithopter"],"acts_visited":["Exordium","TheCity"],"potions_floor_usage":[16,18,29],"damage_taken":[{"damage":6,"enemies":"Jaw Worm","floor":1,"turns":4},{"damage":0,"enemies":"Small Slimes","floor":2,"turns":3},{"damage":1,"enemies":"Cultist","floor":4,"turns":4},{"damage":38,"enemies":"Gremlin Nob","floor":6,"turns":5},{"damage":0,"enemies":"Large Slime","floor":8,"turns":4},{"damage":8,"enemies":"Red Slaver","floor":14,"turns":3},{"damage":29,"enemies":"Slime Boss","floor":16,"turns":7},{"damage":6,"enemies":"2 Thieves","floor":18,"turns":3},{"damage":0,"enemies":"Chosen","floor":19,"turns":4},{"damage":62,"enemies":"Slavers","floor":23,"turns":5},{"damage":30,"enemies":"Book of Stabbing","floor":29,"turns":5},{"damage":11,"enemies":"Snake Plant","floor":31,"turns":4},{"damage":89,"enemies":"Collector","floor":33,"turns":7}],"seed_played":"-2766178349853209668","potions_obtained":[{"floor":2,"key":"EssenceOfSteel"},{"floor":4,"key":"PowerPotion"},{"floor":5,"key":"HeartOfIron"},{"floor":18,"key":"ElixirPotion"},{"floor":19,"key":"BlessingOfTheForge"}],"is_trial":false,"path_per_floor":["M","M","?","M","?","E","R","M","T","?","R","?","R","M","R","B",null,"M","M","$","?","?","E","?","R","T","?","R","E","R","M","R","B"],"character_chosen":"IRONCLAD","items_purchased":["Mango"],"campfire_rested":3,"item_purchase_floors":[20],"current_hp_per_floor":[80,80,64,69,69,37,37,43,43,36,36,25,25,23,47,24,80,80,80,94,94,94,38,38,38,38,38,38,14,42,37,65,0,0],"gold":94,"neow_bonus":"ONE_RANDOM_RARE_CARD","is_daily":false,"chose_seed":false,"campfire_upgraded":5,"win_rate":0.0,"timestamp":1613502103,"path_taken":["M","M","?","M","?","E","R","M","T","?","R","?","R","M","R","BOSS","M","M","$","?","?","E","?","R","T","?","R","E","R","M","R","BOSS"],"items_purchased_type":["Relic"],"build_version":"2020-12-13","purchased_purges":0,"victory":false,"max_hp_per_floor":[80,80,80,80,80,80,80,80,80,80,80,80,80,80,80,80,80,80,80,94,94,94,94,94,94,94,94,94,94,94,94,94,94,94],"card_choices":[{"not_picked":["True Grit","Anger"],"picked":"Iron Wave","floor":1},{"not_picked":["Whirlwind","Headbutt"],"picked":"Cleave","floor":2},{"not_picked":["Combust","Pommel Strike"],"picked":"Cleave","floor":4},{"not_picked":["Shrug It Off","Perfected Strike"],"picked":"Rampage","floor":6},{"not_picked":["True Grit","Clothesline"],"picked":"Inflame","floor":8},{"not_picked":["Intimidate","Perfected Strike"],"picked":"Thunderclap","floor":14},{"not_picked":["Fiend Fire","Brutality"],"picked":"Juggernaut","floor":16},{"not_picked":["Intimidate","Reckless Charge"],"picked":"Twin Strike+1","floor":18},{"not_picked":["Shrug It Off","Twin Strike"],"picked":"Armaments+1","floor":19},{"not_picked":["Headbutt","Anger+1"],"picked":"Impervious","floor":23},{"not_picked":["Searing Blow+1","Clothesline"],"picked":"Fire Breathing","floor":29},{"not_picked":["Heavy Blade","Warcry+1"],"picked":"Feel No Pain+1","floor":31}],"player_experience":7630,"relics_obtained":[{"floor":6,"key":"Juzu Bracelet"},{"floor":9,"key":"Bag of Preparation"},{"floor":23,"key":"MealTicket"},{"floor":26,"key":"reliquary:TatteredRug"},{"floor":26,"key":"Shuriken"},{"floor":29,"key":"Toy Ornithopter"}],"event_choices":[{"damage_healed":0,"gold_gain":0,"player_choice":"Entered Light","damage_taken":16,"max_hp_gain":0,"max_hp_loss":0,"event_name":"Shining Light","floor":3,"gold_loss":0,"cards_upgraded":["Strike_R","Juggernaut"]},{"damage_healed":0,"gold_gain":0,"player_choice":"Bought 1 Potion","damage_taken":0,"max_hp_gain":0,"max_hp_loss":0,"event_name":"The Woman in Blue","floor":5,"gold_loss":0},{"cards_removed":["Strike_R"],"damage_healed":0,"gold_gain":0,"player_choice":"Card Removal","damage_taken":7,"max_hp_gain":0,"max_hp_loss":0,"event_name":"Golden Wing","floor":10,"gold_loss":0},{"damage_healed":0,"gold_gain":75,"player_choice":"Gather Gold","damage_taken":11,"max_hp_gain":0,"max_hp_loss":0,"event_name":"World of Goop","floor":12,"gold_loss":0},{"damage_healed":0,"gold_gain":0,"player_choice":"Gave Potion","damage_taken":0,"relics_obtained":["Matryoshka"],"max_hp_gain":0,"max_hp_loss":0,"event_name":"WeMeetAgain","floor":21,"gold_loss":0},{"cards_removed":["Strike_R"],"damage_healed":0,"gold_gain":0,"player_choice":"Gave Gold","damage_taken":0,"max_hp_gain":0,"max_hp_loss":0,"event_name":"Beggar","floor":22,"gold_loss":75},{"damage_healed":0,"gold_gain":0,"player_choice":"Simplicity","damage_taken":0,"max_hp_gain":0,"max_hp_loss":0,"event_name":"Back to Basics","floor":24,"gold_loss":0,"cards_upgraded":["Strike_R","Strike_R","Defend_R","Defend_R","Defend_R","Defend_R"]},{"damage_healed":0,"gold_gain":0,"player_choice":"1 cards matched","damage_taken":0,"max_hp_gain":0,"max_hp_loss":0,"event_name":"Match and Keep!","floor":27,"gold_loss":0,"cards_obtained":["Spot Weakness"]}],"is_beta":false,"boss_relics":[{"not_picked":["Busted Crown","Runic Dome"],"picked":"Mark of Pain"}],"items_purged_floors":[],"is_endless":false,"potions_floor_spawned":[2,4,14,18,19],"killed_by":"Collector","ascension_level":0}}