{"host":"61r95uy0hn86b9iu","time":1613446157,"event":{"mods":["AchievementEnabler","BaseMod","Better Vampires","BetterRewards","Colored Powertips","Hubris","Minty Spire (QoL Compilation)","Shop Mod","StSLib"],"gold_per_floor":[112,112,112,112,112,112,129,129,129,139,139,150,71,101,113,222,234,265,14,14,33,53,53,80,80,103,103,103],"floor_reached":27,"language":"ENG","playtime":1169,"items_purged":[],"score":329,"play_id":"1f53f35c-04ce-4c3e-a930-53e1d7f828d9","local_time":"20210215212917","is_ascension_mode":false,"campfire_choices":[{"floor":6.0,"key":"REST"},{"data":"Madness","floor":8.0,"key":"SMITH"},{"floor":15.0,"key":"REST"},{"floor":23.0,"key":"REST"},{"floor":25,"key":"REST"}],"circlet_count":0,"master_deck":["Strike_B","Strike_B","Strike_B","Strike_B","Defend_B","Defend_B","Defend_B","Zap","Dualcast","Madness+1","Conserve Battery","White Noise","Consume+1","Defragment+1","Leap","Doom and Gloom"],"relics":["Cracked Core","hubris:TinFlute","Ice Cream","hubris:Icosahedron","Frozen Egg 2","Sozu","MerchantsRug","Omamori","CeramicFish","DataDisk"],"acts_visited":["Exordium","TheCity"],"potions_floor_usage":[24,24,27],"damage_taken":[{"damage":2.0,"enemies":"Small Slimes","floor":1.0,"turns":4.0},{"damage":6.0,"enemies":"Jaw Worm","floor":7.0,"turns":4.0},{"damage":0.0,"enemies":"2 Louse","floor":10.0,"turns":2.0},{"damage":4.0,"enemies":"Red Slaver","floor":12.0,"turns":3.0},{"damage":24.0,"enemies":"Gremlin Nob","floor":14.0,"turns":4.0},{"damage":20.0,"enemies":"The Guardian","floor":16.0,"turns":8.0},{"damage":20.0,"enemies":"Spheric Guardian","floor":18.0,"turns":4.0},{"damage":0.0,"enemies":"Chosen","floor":21.0,"turns":4.0},{"damage":20.0,"enemies":"Snecko","floor":22.0,"turns":5.0},{"damage":70,"enemies":"Gremlin Leader","floor":24,"turns":8},{"damage":33,"enemies":"Slavers","floor":27,"turns":3}],"seed_played":"8476233419341553453","potions_obtained":[{"floor":1.0,"key":"Regen Potion"},{"floor":11.0,"key":"Fruit Juice"},{"floor":11.0,"key":"EssenceOfSteel"},{"floor":11.0,"key":"DistilledChaos"},{"floor":14.0,"key":"Fire Potion"},{"floor":16.0,"key":"GamblersBrew"}],"is_trial":false,"path_per_floor":["M","?","?","?","$","R","M","R","T","M","?","M","$","E","R","B",null,"M","$","?","M","M","R","E","R","T","E"],"character_chosen":"DEFECT","items_purchased":["hubris:TinFlute","Ice Cream","Madness","Consume","MerchantsRug","Omamori"],"campfire_rested":4,"item_purchase_floors":[0,0,0,13,19,19],"current_hp_per_floor":[50,50,50,50,50,72,66,66,66,75,80,76,76,52,76,56,80,60,60,60,60,40,64,9,33,33,0,0],"gold":103,"neow_bonus":"","is_daily":false,"chose_seed":false,"campfire_upgraded":1,"win_rate":0.0,"timestamp":1613446157,"path_taken":["M","?","?","?","$","R","?","R","T","M","?","M","$","E","R","BOSS","M","?","?","?","M","R","E","R","T","E"],"items_purchased_type":["Relic","Relic","Card","Card","Relic","Relic"],"build_version":"2020-12-22","purchased_purges":0,"victory":false,"max_hp_per_floor":[75,75,75,75,75,75,75,75,75,75,80,80,80,80,80,80,80,80,80,80,80,80,80,80,80,80,80,80],"card_choices":[{"not_picked":["Self Repair","Ball Lightning"],"picked":"Conserve Battery","floor":1.0},{"not_picked":["Rebound","Heatsinks+1","Compile Driver"],"picked":"SKIP","floor":7.0},{"not_picked":["Skim","Beam Cell","Turbo"],"picked":"SKIP","floor":10.0},{"not_picked":["Conserve Battery","Steam Power"],"picked":"White Noise","floor":12.0},{"not_picked":["Streamline","Reboot"],"picked":"Defragment+1","floor":14.0},{"not_picked":["Go for the Eyes","Storm+1","Redo"],"picked":"SKIP","floor":18.0},{"not_picked":["Redo","Steam"],"picked":"Leap","floor":21.0},{"not_picked":["Sweeping Beam+1","Lockon+1"],"picked":"Doom and Gloom","floor":22.0},{"not_picked":["Stack","Barrage+1","All For One"],"picked":"SKIP","floor":24}],"player_experience":3353370,"relics_obtained":[{"floor":4.0,"key":"Frozen Egg 2"},{"floor":14.0,"key":"MawBank"},{"floor":24,"key":"CeramicFish"},{"floor":26,"key":"DataDisk"}],"event_choices":[{"cards_removed":["Defend_B"],"damage_healed":0.0,"max_hp_gain":0.0,"max_hp_loss":0.0,"gold_gain":0.0,"event_name":"Living Wall","player_choice":"Forget","floor":2.0,"gold_loss":0.0,"damage_taken":0.0},{"damage_healed":0.0,"max_hp_gain":0.0,"max_hp_loss":0.0,"gold_gain":0.0,"event_name":"Wheel of Change","player_choice":"Relic","floor":4.0,"gold_loss":0.0,"damage_taken":0.0},{"damage_healed":0.0,"max_hp_gain":0.0,"max_hp_loss":0.0,"gold_gain":0.0,"event_name":"Lab","player_choice":"Got Potions","floor":11.0,"gold_loss":0.0,"damage_taken":0.0},{"damage_healed":0.0,"max_hp_gain":0.0,"max_hp_loss":0.0,"gold_gain":0.0,"event_name":"Upgrade Shrine","player_choice":"Upgraded","floor":20.0,"gold_loss":0.0,"damage_taken":0.0,"cards_upgraded":["Consume"]}],"is_beta":false,"boss_relics":[{"not_picked":["Snecko Eye","Ectoplasm"],"picked":"Sozu"}],"items_purged_floors":[],"is_endless":false,"potions_floor_spawned":[1,14,16,21,22],"killed_by":"Slavers","ascension_level":0}}