{"host":"pj7egx7jkoz18hom","time":1613482144,"event":{"mods":["AchievementEnabler","BaseMod","Keyboard Shortcuts","Minty Spire (QoL Compilation)","SuperFastMode"],"gold_per_floor":[111,61,81,1,1,1,40,40,115,150,168,193,212,8,8,127,127,141,141,162,41,41,72,144,188,188,222,240,255,295,94,94,225,225,244,244,307,326,349,349,349,363,363,386,405,405,405],"floor_reached":46,"language":"KOR","playtime":17397,"items_purged":["Defend_G","Predator","Defend_G"],"score":589,"play_id":"379272ab-6aa6-430f-ac12-70920489c76f","local_time":"20210216222904","is_ascension_mode":true,"campfire_choices":[{"data":"Footwork","floor":6.0,"key":"SMITH"},{"data":"Dodge and Roll","floor":8.0,"key":"SMITH"},{"floor":15.0,"key":"REST"},{"data":"Footwork","floor":32.0,"key":"SMITH"},{"floor":40.0,"key":"REST"}],"circlet_count":0,"master_deck":["Strike_G","Strike_G","Strike_G","Strike_G","Defend_G+1","Defend_G","Survivor","Neutralize","Quick Slash","Prepared+1","Footwork+1","Dodge and Roll+1","Blur","Dagger Throw","Deflect","Footwork+1","Corpse Explosion","PiercingWail+1","Bane","Footwork+1","Flying Knee+1","Blur","Flechettes+1","Bane+1","Backflip+1","A Thousand Cuts","Distraction+1","Deflect+1"],"relics":["Ring of the Snake","NeowsBlessing","Golden Idol","Question Card","Mummified Hand","Smiling Mask","DollysMirror","Velvet Choker","MutagenicStrength","Bag of Preparation","Molten Egg 2","War Paint","White Beast Statue","Strawberry","Ornamental Fan","TwistedFunnel","Busted Crown","Ginger","Dream Catcher"],"acts_visited":["Exordium","TheCity","TheBeyond"],"potions_floor_usage":[42,45,46],"damage_taken":[{"damage":0.0,"enemies":"2 Louse","floor":1.0,"turns":1.0},{"damage":0.0,"enemies":"Small Slimes","floor":3.0,"turns":1.0},{"damage":0.0,"enemies":"Lagavulin","floor":7.0,"turns":1.0},{"damage":13.0,"enemies":"Gremlin Nob","floor":10.0,"turns":5.0},{"damage":7.0,"enemies":"Cultist","floor":11.0,"turns":6.0},{"damage":13.0,"enemies":"3 Louse","floor":12.0,"turns":3.0},{"damage":5.0,"enemies":"Looter","floor":13.0,"turns":4.0},{"damage":18.0,"enemies":"The Guardian","floor":16.0,"turns":24.0},{"damage":0.0,"enemies":"3 Byrds","floor":18.0,"turns":2.0},{"damage":0.0,"enemies":"Spheric Guardian","floor":20.0,"turns":7.0},{"damage":5.0,"enemies":"Slavers","floor":23.0,"turns":5.0},{"damage":6.0,"enemies":"Book of Stabbing","floor":25.0,"turns":7.0},{"damage":4.0,"enemies":"Gremlin Leader","floor":27.0,"turns":14.0},{"damage":0.0,"enemies":"Snake Plant","floor":28.0,"turns":6.0},{"damage":8.0,"enemies":"Cultist and Chosen","floor":29.0,"turns":9.0},{"damage":7.0,"enemies":"Slavers","floor":30.0,"turns":3.0},{"damage":23.0,"enemies":"Automaton","floor":33.0,"turns":11.0},{"damage":15.0,"enemies":"3 Darklings","floor":35.0,"turns":2.0},{"damage":10.0,"enemies":"Mind Bloom Boss Battle","floor":37.0,"turns":7.0},{"damage":19.0,"enemies":"3 Shapes","floor":38.0,"turns":3.0},{"damage":0.0,"enemies":"3 Darklings","floor":39.0,"turns":2.0},{"damage":3,"enemies":"Transient","floor":42,"turns":5},{"damage":16,"enemies":"Spire Growth","floor":44,"turns":5},{"damage":0,"enemies":"Maw","floor":45,"turns":8},{"damage":34,"enemies":"Giant Head","floor":46,"turns":9}],"seed_played":"3040278795597580067","potions_obtained":[{"floor":1.0,"key":"Fire Potion"},{"floor":7.0,"key":"SmokeBomb"},{"floor":12.0,"key":"Dexterity Potion"},{"floor":13.0,"key":"Energy Potion"},{"floor":18.0,"key":"GamblersBrew"},{"floor":25.0,"key":"ColorlessPotion"},{"floor":27.0,"key":"EntropicBrew"},{"floor":28.0,"key":"Regen Potion"},{"floor":29.0,"key":"Block Potion"},{"floor":30.0,"key":"SteroidPotion"},{"floor":33.0,"key":"Explosive Potion"},{"floor":35.0,"key":"Fire Potion"},{"floor":37.0,"key":"SteroidPotion"},{"floor":38.0,"key":"LiquidMemories"},{"floor":39.0,"key":"Explosive Potion"},{"floor":42,"key":"SmokeBomb"},{"floor":44,"key":"Explosive Potion"},{"floor":45,"key":"Dexterity Potion"}],"is_trial":false,"path_per_floor":["M","?","M","$","?","R","E","R","T","E","M","M","M","$","R","B",null,"M","?","M","$","?","E","T","E","T","E","M","M","E","$","R","B",null,"M","?","?","M","M","R","?","M","T","M","M","E"],"character_chosen":"THE_SILENT","items_purchased":["Footwork","DollysMirror","Footwork","TwistedFunnel"],"campfire_rested":2,"item_purchase_floors":[4,14,21,31],"current_hp_per_floor":[70,70,70,70,65,65,65,65,65,52,45,32,27,27,46,28,65,65,65,65,65,65,60,60,54,54,57,57,63,56,56,56,33,72,57,57,47,28,28,49,49,46,46,30,30,0,0],"gold":405,"neow_bonus":"THREE_ENEMY_KILL","is_daily":false,"chose_seed":false,"campfire_upgraded":3,"win_rate":0.0,"timestamp":1613482144,"path_taken":["M","?","M","$","?","R","E","R","T","E","M","M","M","$","R","BOSS","M","?","M","?","?","E","?","E","T","E","?","M","E","$","R","BOSS","M","?","?","M","M","R","?","M","T","?","M","E"],"items_purchased_type":["Card","Relic","Card","Relic"],"build_version":"2020-12-22","purchased_purges":3,"victory":false,"max_hp_per_floor":[70,70,70,70,65,65,65,65,65,65,65,65,65,65,65,65,65,65,65,65,65,65,65,65,65,65,72,72,72,72,72,72,72,72,72,72,72,72,72,72,72,72,72,72,72,72,72],"card_choices":[{"not_picked":["Calculated Gamble","Slice"],"picked":"Quick Slash","floor":1.0},{"not_picked":["Masterful Stab","PiercingWail"],"picked":"Prepared","floor":3.0},{"not_picked":["Sucker Punch","Caltrops"],"picked":"Dodge and Roll","floor":7.0},{"not_picked":["Leg Sweep","Calculated Gamble","Escape Plan"],"picked":"Blur","floor":10.0},{"not_picked":["Leg Sweep","Blade Dance","Outmaneuver"],"picked":"Dagger Throw","floor":11.0},{"not_picked":["Prepared","Riddle With Holes","Dagger Throw"],"picked":"Deflect","floor":12.0},{"not_picked":["A Thousand Cuts","Deflect","Prepared"],"picked":"Dagger Spray","floor":13.0},{"not_picked":["Venomology","Glass Knife","Adrenaline"],"picked":"Corpse Explosion","floor":16.0},{"not_picked":["Crippling Poison","Choke","Deadly Poison+1"],"picked":"PiercingWail+1","floor":18.0},{"not_picked":["Outmaneuver","Heel Hook","Poisoned Stab+1"],"picked":"Bane","floor":20.0},{"not_picked":["Footwork","Venomology","Terror"],"picked":"Flying Knee+1","floor":23.0},{"not_picked":["Predator+1","Deflect","Venomology"],"picked":"Blur","floor":25.0},{"not_picked":["Predator+1","Backflip","Storm of Steel"],"picked":"Flechettes+1","floor":27.0},{"not_picked":["PiercingWail+1","Well Laid Plans","Cloak And Dagger","Finisher+1"],"picked":"SKIP","floor":28.0},{"not_picked":["Eviscerate+1","Well Laid Plans","Finisher+1"],"picked":"Bane+1","floor":29.0},{"not_picked":["Escape Plan+1","Slice+1","Dash+1"],"picked":"Backflip+1","floor":30.0},{"not_picked":["Glass Knife+1","Night Terror","Venomology"],"picked":"A Thousand Cuts","floor":33.0},{"not_picked":["Well Laid Plans+1","Crippling Poison"],"picked":"SKIP","floor":35.0},{"not_picked":["All Out Attack+1"],"picked":"Distraction+1","floor":37.0},{"not_picked":["Well Laid Plans","Crippling Poison"],"picked":"SKIP","floor":38.0},{"not_picked":["Cloak And Dagger+1","Choke+1"],"picked":"SKIP","floor":39.0},{"not_picked":["Blade Dance+1"],"picked":"Deflect+1","floor":42},{"not_picked":["Bane+1","After Image"],"picked":"SKIP","floor":44},{"not_picked":["Underhanded Strike+1","Dagger Throw+1"],"picked":"SKIP","floor":45}],"player_experience":100915,"relics_obtained":[{"floor":7.0,"key":"Question Card"},{"floor":9.0,"key":"Mummified Hand"},{"floor":10.0,"key":"Smiling Mask"},{"floor":23.0,"key":"Bag of Preparation"},{"floor":24.0,"key":"Molten Egg 2"},{"floor":25.0,"key":"War Paint"},{"floor":26.0,"key":"White Beast Statue"},{"floor":27.0,"key":"Strawberry"},{"floor":30.0,"key":"Ornamental Fan"},{"floor":37.0,"key":"Ginger"},{"floor":43,"key":"Dream Catcher"}],"event_choices":[{"cards_removed":["Strike_G"],"damage_healed":0.0,"max_hp_gain":0.0,"max_hp_loss":0.0,"gold_gain":0.0,"event_name":"The Cleric","player_choice":"Card Removal","floor":2.0,"gold_loss":50.0,"damage_taken":0.0},{"damage_healed":0.0,"max_hp_gain":0.0,"max_hp_loss":5.0,"gold_gain":0.0,"event_name":"Golden Idol","player_choice":"Lose Max HP","floor":5.0,"gold_loss":0.0,"damage_taken":0.0,"relics_obtained":["Golden Idol"]},{"damage_healed":0.0,"max_hp_gain":0.0,"max_hp_loss":0.0,"gold_gain":0.0,"cards_transformed":["Defend_G"],"event_name":"Transmorgrifier","player_choice":"Transformed","floor":19.0,"gold_loss":0.0,"damage_taken":0.0,"cards_obtained":["Predator"]},{"damage_healed":0.0,"max_hp_gain":0.0,"max_hp_loss":0.0,"gold_gain":0.0,"event_name":"Drug Dealer","player_choice":"Inject Mutagens","floor":22.0,"gold_loss":0.0,"damage_taken":0.0,"relics_obtained":["MutagenicStrength"]},{"cards_removed":["Dagger Spray"],"damage_healed":0.0,"max_hp_gain":0.0,"max_hp_loss":0.0,"gold_gain":0.0,"event_name":"Falling","player_choice":"Removed Attack","floor":36.0,"gold_loss":0.0,"damage_taken":0.0},{"damage_healed":0.0,"max_hp_gain":0.0,"max_hp_loss":0.0,"gold_gain":0.0,"event_name":"MindBloom","player_choice":"Fight","floor":37.0,"gold_loss":0.0,"damage_taken":0.0},{"damage_healed":0,"gold_gain":0,"player_choice":"0 cards matched","damage_taken":0,"max_hp_gain":0,"max_hp_loss":0,"event_name":"Match and Keep!","floor":41,"gold_loss":0,"cards_obtained":[]}],"is_beta":false,"boss_relics":[{"not_picked":["Coffee Dripper","Ring of the Serpent"],"picked":"Velvet Choker"},{"not_picked":["Runic Dome","Tiny House"],"picked":"Busted Crown"}],"items_purged_floors":[14,21,31],"is_endless":false,"potions_floor_spawned":[1,7,12,13,18,25,27,28,29,30,33,35,37,38,39,42,44,45],"killed_by":"Giant Head","ascension_level":2}}