{"host":"mv7lc7tvirr2z3gh","time":1613511038,"event":{"mods":["100% Spire Juice","AchievementEnabler","Act Like it!","Arknights","Aspiration","BaseMod","Bestiary","Better Altar","Better Match","Better Note","Better Sensory Stone","Better Skull","Better Third Choice","BetterRewards","CapriCore","Colored Powertips","Conspire","DeckTracker","Defuse TimeMaze Blight","Dota2Spire","Downfall","Energized Spire","Gensokyo","Gold Saver","Hermit","Highlight Path","Hubris","Infinite Spire","Lobotomy","LobotomyExtend","Magitek Elite","Minty Spire (QoL Compilation)","MostiFishMod","Permanent Neow","Prisma Mod","Quick Restart","Relic Stats","Replay The Spire","Ruina","Spicy Shops","StSLib","The Alterego","The Blue Laboratory","Waifu the Spire"],"gold_per_floor":[192,32,32,42,34,14,46,46,73,34,47,47,380,398,398,398,398],"floor_reached":16,"language":"ENG","playtime":1267,"items_purged":[],"score":108,"play_id":"d4212cf4-7b88-49fa-a597-2d4f48decf6e","local_time":"20210217103038","is_ascension_mode":false,"campfire_choices":[{"data":"Moonworks:AngelHand","floor":8,"key":"SMITH"},{"data":"Moonworks:MixPhenomenon","floor":12,"key":"SMITH"},{"floor":15,"key":"DIG"}],"circlet_count":0,"master_deck":["Moonworks:Strike","Moonworks:Strike","Moonworks:Strike","Moonworks:Strike","Moonworks:Defend","Moonworks:Defend","Moonworks:Defend","Moonworks:Defend","Moonworks:Ambush","Moonworks:LongDistanceShot","Moonworks:DeployBits","Moonworks:Flamethrower","Moonworks:NicePresent","Moonworks:AwakeningOfTalent","Moonworks:AngelHand+1","ReplayTheSpireMod:Trickstab","Moonworks:BigMagnum","Moonworks:ImOnFire+1","Moonworks:MixPhenomenon+1","Moonworks:DevilHand","Moonworks:DeployBits"],"relics":["Moonworks:BrokenBomb","Moonworks:Homemark","DaveBox","MostiFishMod:Haymaker","SynthV:TestCard","Gensokyo:Bombinomicon","Angel_Ring","Dota2Spire:MaskOfMadness","infinitespire:WardingShard","infinitespire:PuzzleCube"],"acts_visited":["Gensokyo:Gensokyo"],"potions_floor_usage":[16],"damage_taken":[{"damage":1,"enemies":"Gensokyo:Gryphon","floor":1,"turns":4},{"damage":0,"enemies":"Gensokyo:3_Fairies","floor":4,"turns":4},{"damage":18,"enemies":"Gensokyo:Aya","floor":7,"turns":3},{"damage":0,"enemies":"Gensokyo:Python","floor":11,"turns":2},{"damage":14,"enemies":"Gensokyo:Mamizou","floor":13,"turns":4},{"damage":0,"enemies":"Gensokyo:VengefulSpirit","floor":14,"turns":3},{"damage":41,"enemies":"Gensokyo:Reimu","floor":16,"turns":5}],"seed_played":"1925213249258521603","potions_obtained":[{"floor":11,"key":"blueLaboratory:NullPotion"},{"floor":13,"key":"blueLaboratory:FrostheartPotion"},{"floor":14,"key":"blueLaboratory:PolymorphPotion"}],"is_trial":false,"path_per_floor":["M","?","?","M","$","COS","E","R","T","$","M","R","E","M","R","B"],"character_chosen":"THE_STARBREAKER","items_purchased":["ReplayTheSpireMod:Trickstab","Moonworks:ImOnFire+1"],"campfire_rested":0,"item_purchase_floors":[5,10],"current_hp_per_floor":[59,59,59,59,59,59,41,41,41,41,41,41,27,27,27,0,0],"gold":398,"neow_bonus":"THREE_CARDS","is_daily":false,"chose_seed":false,"campfire_upgraded":2,"win_rate":0.0,"timestamp":1613511038,"path_taken":["M","?","?","M","?","COS","E","R","T","$","?","R","E","M","R","BOSS"],"items_purchased_type":["Card","Card"],"build_version":"2020-12-22","purchased_purges":0,"victory":false,"max_hp_per_floor":[60,60,60,60,60,60,60,60,60,60,60,60,60,60,60,60,60],"relic_stats":{"counters":[7,25],"obtain_stats":[{"Dota2Spire:MaskOfMadness":9,"SynthV:TestCard":1,"DaveBox":0,"MostiFishMod:Haymaker":0,"infinitespire:WardingShard":13,"Moonworks:Homemark":0,"Angel_Ring":7,"Gensokyo:Bombinomicon":2,"infinitespire:PuzzleCube":15,"Moonworks:BrokenBomb":0},{"Dota2Spire:MaskOfMadness":3,"SynthV:TestCard":1,"DaveBox":0,"MostiFishMod:Haymaker":0,"infinitespire:WardingShard":5,"Moonworks:Homemark":0,"Angel_Ring":3,"Gensokyo:Bombinomicon":1,"infinitespire:PuzzleCube":6,"Moonworks:BrokenBomb":0},{"Dota2Spire:MaskOfMadness":11,"SynthV:TestCard":4,"DaveBox":0,"MostiFishMod:Haymaker":0,"infinitespire:WardingShard":17,"Moonworks:Homemark":0,"Angel_Ring":11,"Gensokyo:Bombinomicon":4,"infinitespire:PuzzleCube":20,"Moonworks:BrokenBomb":0}]},"card_choices":[{"not_picked":["Moonworks:CloudOfSeagulls","Moonworks:BigBangBell"],"picked":"Moonworks:DeployBits","floor":0},{"not_picked":["Moonworks:Dinner","Moonworks:LulusLuckyEgg"],"picked":"Moonworks:Flamethrower","floor":1},{"not_picked":["Moonworks:SakisCookie","Moonworks:CloudOfSeagulls","Moonworks:LulusLuckyEgg","Moonworks:DeployBits"],"picked":"Moonworks:NicePresent","floor":3},{"not_picked":["Moonworks:SealedMemories","Moonworks:UnluckyCharm","Moonworks:DeployBits","Moonworks:CompletionReward"],"picked":"Moonworks:AwakeningOfTalent","floor":3},{"not_picked":["Moonworks:SakisCookie","Moonworks:SweetBattle","Moonworks:StiffCrystal","Moonworks:ReflectiveShell"],"picked":"Moonworks:AngelHand","floor":4},{"not_picked":["Moonworks:MiracleWalker","Moonworks:Assault","Moonworks:Dash","Moonworks:CookingTime"],"picked":"Moonworks:BigMagnum","floor":7},{"not_picked":["Moonworks:Assault","Moonworks:BeyondHell","Moonworks:EvilSpyWorkPreparation","Moonworks:SakisCookie"],"picked":"Moonworks:MixPhenomenon","floor":11},{"not_picked":["Moonworks:EvilSpyWorkPreparation","Moonworks:UnluckyCharm","Moonworks:SweetBattle","Moonworks:Assault"],"picked":"Moonworks:DevilHand","floor":13},{"not_picked":["Moonworks:Assault","Moonworks:CloudOfSeagulls","Moonworks:NicePresent","Moonworks:AwakeningOfTalent"],"picked":"Moonworks:DeployBits","floor":14}],"player_experience":27173,"relics_obtained":[{"floor":1,"key":"SynthV:TestCard"},{"floor":7,"key":"Angel_Ring"},{"floor":9,"key":"Dota2Spire:MaskOfMadness"},{"floor":13,"key":"infinitespire:WardingShard"},{"floor":15,"key":"infinitespire:PuzzleCube"}],"event_choices":[],"is_beta":false,"boss_relics":[],"items_purged_floors":[],"is_endless":false,"potions_floor_spawned":[11,13,14],"killed_by":"Gensokyo:Reimu","ascension_level":0}}