{"host":"cbp3irltva0q8guy","time":1613477179,"event":{"mods":["Abigail Mod","AchievementEnabler","Act Like it!","Aspiration","BaseMod","Better Altar","Better Match","Better Note","Better Sensory Stone","Better Skull","Better Third Choice","BetterRewards","Colored Map","Downfall","Energized Spire","Friendly Minions","GifTheSpireLib","Halation","Hallownest","Hermit","Hubris","Infinite Spire","Ironclad Rager","Marisa????????","Minty Spire (QoL Compilation)","Railgun Mod","Random Character Button","Rare Cards Sparkle","Replay The Spire","RumiaBox-????????","Shade Mod","Spikes Relics","StSLib","The Bug Knight","The Disciple","The Hierophant","The Servant 0.9.4"],"gold_per_floor":[115,40,40,40,56,85,100,100,123,48,64,64,64,75,75,179,179,191,209,209,263,263,263,273,292,592,592,604,604,424,475,475,578,578,597,597,613,631,331,331,256,256,302,302,314,324,336,353,353,353],"floor_reached":51,"language":"ENG","playtime":3742,"items_purged":["ReplayTheSpireMod:Restless Dread","HollowMod:NailStrikeStart","HollowMod:NailStrikeStart"],"score":678,"play_id":"43ac5e24-a0ed-4f58-b6a2-f948a4a76a82","local_time":"20210216120619","is_ascension_mode":false,"campfire_choices":[{"floor":15,"key":"REST"},{"data":"infinitespire:Collect","floor":23,"key":"SMITH"},{"data":"HollowMod:FocusHealStart","floor":27,"key":"SMITH"},{"data":"HollowMod:CycloneSlash","floor":29,"key":"SMITH"},{"data":"Hallownest:skillSlugHide","floor":32,"key":"SMITH"},{"data":"HollowMod:NewLastStag","floor":44,"key":"SMITH"},{"data":"HollowMod:SlysStrikes","floor":49,"key":"SMITH"}],"circlet_count":0,"master_deck":["HollowMod:NailStrikeStart","HollowMod:NailStrikeStart","HollowMod:FocusHealStart+1","HollowMod:PogoStrike","HollowMod:CycloneSlash+1","Hallownest:skillSlugHide","Hallownest:skillSlugHide","Hallownest:skillSlugHide","Hallownest:skillSlugHide","Hallownest:skillSlugHide+1","HollowMod:SharpenedNail","HollowMod:SoulSplash+1","HollowMod:CoiledNail","ReplayTheSpireMod:Brewmster+1","HollowMod:PerfectDash+1","infinitespire:Collect+1","HollowMod:DoubleDash+1","HollowMod:NewLastStag+1","HollowMod:CoiledNail+1","HollowMod:HeavyBlow","HollowMod:SlysStrikes+1"],"relics":["HollowMod:VesselMask","CherryCoatedStake","infinitespire:EmpoweringShard","hubris:FunFungus","hubris:ToyBattleship","Hallownest:DreamNailRelic","Painkiller Herb","Boot","Old Coin","Replay:Wax Seal","energizedSpire:RedRose","aspiration:TomeofQuesting"],"acts_visited":["Hallownest:Greenpath","Hallownest:CityofTears","Hallownest:KingdomsEdge"],"potions_floor_usage":[11,11,14,16,16,16,16,16,18,18,19,19,19,21,21,28,28,28,31,33,33,33,33,33,35,37,38,38,38,38,45,45,46,46,47,47,47,48,48,48,50,50,50,50,50],"damage_taken":[{"damage":10,"enemies":"2_ Uuma","floor":1,"turns":6},{"damage":6,"enemies":"Hallownest:monsterHuskGuard","floor":5,"turns":4},{"damage":40,"enemies":"Hallownest:eliteCrystalGuardian","floor":6,"turns":7},{"damage":1,"enemies":"Hallownest:2_Tiktiks_and_1_Crawlid","floor":7,"turns":3},{"damage":12,"enemies":"Hallownest:1_Baldur_1_Crawlid_1_Warrior","floor":11,"turns":5},{"damage":0,"enemies":"Hallownest:monsterMossCharger","floor":14,"turns":2},{"damage":13,"enemies":"Hallownest:BossBrokenVessel","floor":16,"turns":7},{"damage":0,"enemies":"Hallownest:Guard_and_Sentry","floor":18,"turns":3},{"damage":0,"enemies":"Hallownest:Flukemon_and_Top","floor":19,"turns":4},{"damage":15,"enemies":"Hallownest:Glutton_and_Coward","floor":21,"turns":3},{"damage":10,"enemies":"Hallownest:3_Mistakes","floor":24,"turns":4},{"damage":0,"enemies":"Hallownest:Master_and_Novice","floor":25,"turns":4},{"damage":0,"enemies":"Hallownest:2_Flukemon","floor":28,"turns":5},{"damage":0,"enemies":"Hallownest:Glutton_and_Coward","floor":31,"turns":2},{"damage":12,"enemies":"Hallownest:BossGrimm","floor":33,"turns":6},{"damage":0,"enemies":"Hallownest:Shield_Heavy","floor":35,"turns":3},{"damage":9,"enemies":"Hallownest:2_Littles","floor":37,"turns":4},{"damage":3,"enemies":"Hallownest:Xero_Hu_Marmu","floor":38,"turns":4},{"damage":0,"enemies":"Hallownest:Shield_Sturdy","floor":45,"turns":4},{"damage":11,"enemies":"Hallownest:Slobbering_and_Violent","floor":46,"turns":5},{"damage":0,"enemies":"Hallownest:2_Wing_and_1_Kings","floor":47,"turns":4},{"damage":5,"enemies":"Hallownest:2_Soldiers_and_1_Guardian","floor":48,"turns":4},{"damage":0,"enemies":"Hallownest:Radiance","floor":50,"turns":7}],"seed_played":"-113837689133986142","potions_obtained":[{"floor":6,"key":"SteroidPotion"},{"floor":11,"key":"champ:CounterPotion"},{"floor":14,"key":"Toxic Potion"},{"floor":18,"key":"EssenceOfSteel"},{"floor":21,"key":"AttackPotion"},{"floor":24,"key":"Venom Potion"},{"floor":46,"key":"Block Potion"},{"floor":47,"key":"EssenceOfSteel"}],"is_trial":false,"path_per_floor":["M","$","?","?","M","E","M","T","T","?","M","?","$","M","R","B",null,"?","?","?","?","AVR","T","?","?","T","T","?","T","T","?","T","B",null,"?","?","?","?","?","T","?","T","T","T","?","?","?","?","T","B",null],"character_chosen":"THE_BUGKNIGHT","items_purchased":["Replay:Wax Seal"],"campfire_rested":1,"item_purchase_floors":[30],"current_hp_per_floor":[69,69,69,69,69,39,41,41,41,41,39,39,39,39,61,57,75,75,75,75,66,66,66,65,65,65,65,75,75,75,75,75,63,75,75,75,72,75,75,75,75,75,75,75,75,70,72,69,69,69],"gold":353,"neow_bonus":"ONE_RARE_RELIC","is_daily":false,"chose_seed":false,"campfire_upgraded":6,"win_rate":0.0,"timestamp":1613477179,"path_taken":["M","$","?","?","M","E","M","?","T","?","M","?","$","M","R","BOSS","?","?","?","?","AVR","T","?","?","T","T","?","T","T","?","T","BOSS","?","?","?","?","?","?","?","T","T","T","?","?","?","?","T","BOSS"],"items_purchased_type":["Relic"],"build_version":"2020-12-22","purchased_purges":3,"victory":true,"max_hp_per_floor":[75,75,75,75,75,75,75,75,75,75,75,75,75,75,75,75,75,75,75,75,75,75,75,75,75,75,75,75,75,75,75,75,75,75,75,75,75,75,75,75,75,75,75,75,75,75,75,75,75,75],"card_choices":[{"not_picked":["HollowMod:SoulSplash","HollowMod:HuntersJournal"],"picked":"HollowMod:CycloneSlash","floor":1},{"not_picked":["HollowMod:BaldurShell","HollowMod:SoulStrike"],"picked":"HollowMod:SharpenedNail","floor":5},{"not_picked":["HollowMod:CycloneSlash","HollowMod:SharpenedNail"],"picked":"HollowMod:SoulSplash","floor":6},{"not_picked":["HollowMod:DashSlash","HollowMod:NewJinnsSoul"],"picked":"HollowMod:CoiledNail","floor":7},{"not_picked":["Midas Touch+1","Thinking Ahead+1"],"picked":"ReplayTheSpireMod:Brewmster+1","floor":10},{"not_picked":["HollowMod:CornifersMapStart","HollowMod:CoiledNail","HollowMod:GoodIntentions"],"picked":"SKIP","floor":11},{"not_picked":["HollowMod:NewJinnsSoul","HollowMod:CoiledNail","HollowMod:DashSlash"],"picked":"SKIP","floor":14},{"not_picked":["HollowMod:SoulStrike","HollowMod:ChannelNail","HollowMod:HuntersJournal"],"picked":"SKIP","floor":18},{"not_picked":["HollowMod:ChannelNail","HollowMod:RecoilStrike","HollowMod:NewJinnsSoul"],"picked":"SKIP","floor":19},{"not_picked":["HollowMod:AbyssShriek","HollowMod:HuntersJournal"],"picked":"HollowMod:PerfectDash+1","floor":21},{"not_picked":["HollowMod:CloakDash","HollowMod:ChannelNail","HollowMod:MothsMistake+1"],"picked":"SKIP","floor":24},{"not_picked":["HollowMod:SharpenedNail","HollowMod:GreatSlash"],"picked":"HollowMod:DoubleDash+1","floor":25},{"not_picked":["HollowMod:VengefulVoid+1","HollowMod:DashSlash+1","HollowMod:DesolateDive"],"picked":"SKIP","floor":28},{"not_picked":["HollowMod:CloakDash","HollowMod:LifebloodCocoon","HollowMod:CornifersMapStart"],"picked":"SKIP","floor":31},{"not_picked":["HollowMod:SoulSplash","HollowMod:SharpenedNail","HollowMod:ShadowDash"],"picked":"SKIP","floor":35},{"not_picked":["HollowMod:VengefulVoid","HollowMod:DashSlash","HollowMod:CycloneSlash"],"picked":"SKIP","floor":37},{"not_picked":["HollowMod:CloakDash","HollowMod:PureNailStrike+1","HollowMod:DashSlash"],"picked":"SKIP","floor":38},{"not_picked":["HollowMod:Grubsong+1","HollowMod:SoulVessel+1"],"picked":"HollowMod:CoiledNail+1","floor":41},{"not_picked":["HollowMod:SiblingsSouls","HollowMod:PureNailStrike","HollowMod:FallenFury"],"picked":"SKIP","floor":45},{"not_picked":["HollowMod:BlackTendrils+1","HollowMod:VengefulSpirit"],"picked":"HollowMod:HeavyBlow","floor":46},{"not_picked":["HollowMod:DashSlash","HollowMod:InfectedCysts"],"picked":"HollowMod:SlysStrikes","floor":47},{"not_picked":["HollowMod:DashSlash","HollowMod:NewLittleFool","HollowMod:SoulVessel"],"picked":"SKIP","floor":48}],"player_experience":417911,"relics_obtained":[{"floor":6,"key":"infinitespire:EmpoweringShard"},{"floor":8,"key":"hubris:FunFungus"},{"floor":9,"key":"hubris:ToyBattleship"},{"floor":26,"key":"Old Coin"},{"floor":43,"key":"aspiration:TomeofQuesting"}],"event_choices":[{"damage_healed":0,"gold_gain":0,"player_choice":"2","damage_taken":0,"max_hp_gain":0,"max_hp_loss":0,"event_name":"betterMatch:BetterMatch","floor":10,"gold_loss":0,"cards_obtained":["betterMatch:ColorlessRareCard"]},{"damage_healed":0,"gold_gain":0,"player_choice":"2","damage_taken":0,"max_hp_gain":0,"max_hp_loss":0,"event_name":"betterMatch:BetterMatch","floor":41,"gold_loss":0,"cards_obtained":["betterMatch:UncommonCard"]}],"is_beta":false,"boss_relics":[{"not_picked":["Empty Cage","Calling Bell"],"picked":"Painkiller Herb"},{"not_picked":["energizedSpire:OgreHead","aspiration:ServantSkillbook"],"picked":"energizedSpire:RedRose"}],"items_purged_floors":[2,22,30],"is_endless":false,"potions_floor_spawned":[6,11,14,18,21,24,25,38,45,46,47],"ascension_level":0}}