{"host":"knk89g45d3vzr5fm","time":1613500368,"event":{"mods":["2.2 Compatiblity","BaseMod","Downfall","Minty Spire (QoL Compilation)","Relic Stats","Reliquary","Replay The Spire","StSLib","The Marked"],"gold_per_floor":[249,259,259,274,285,334,334,346,376,376,411,411,445,545,563,663,663,563,583,601,621,50,60,60,88,88,63,114,166,66,137,194,306,306,206,263,52,52,111,178,178,178,251,251,322,15,96,252,334,450,450,531,11,11,33,93],"floor_reached":57,"language":"FRA","playtime":5613,"items_purged":["downfall:Icky","Normality","sneckomod:Strike+1"],"score":2531,"play_id":"23e7b85b-5c47-4574-b36d-b3c71b7924f9","local_time":"20210216193248","is_ascension_mode":true,"campfire_choices":[{"floor":12,"key":"REST"},{"data":"Delirium","floor":18,"key":"PURGE"},{"floor":30,"key":"RECALL"},{"floor":42,"key":"DIG"},{"floor":44,"key":"DIG"},{"floor":54,"key":"DIG"}],"circlet_count":0,"master_deck":["AscendersBane","sneckomod:TailWhip","sneckomod:SnekBite","sneckomod:Unknown","sneckomod:Unknown0Cost","sneckomod:UnknownClassGREEN","sneckomod:UnknownColorless","sneckomod:UnknownDexterity","sneckomod:Rotation","sneckomod:QuickMove+1","sneckomod:UnknownUncommonAttack+1","sneckomod:UnknownClassHEXA_GHOST_PURPLE","sneckomod:SoulCleanse","sneckomod:UnknownRarePower","Reprogram","sneckomod:SerpentMind","sneckomod:SoulRoll","sneckomod:MasterEye","sneckomod:SoulRoll","sneckomod:QuickMove","sneckomod:UnknownDexterity","sneckomod:UnknownClassGREEN","hexamod:FirstSeal","sneckomod:UnendingSupply+1","sneckomod:Rotation+1","sneckomod:UnknownDexterity","sneckomod:UnlimitedRolls","sneckomod:UnknownClassGREEN","sneckomod:MasterEye","sneckomod:SerpentIdol","sneckomod:MorePower","sneckomod:UnknownRareAttack","sneckomod:UnknownClassGREEN+1","sneckomod:SoulRoll","sneckomod:PureSnecko","sneckomod:UnlimitedRolls","sneckomod:UnknownDexterity+1","sneckomod:UnknownUncommonAttack+1","sneckomod:SoulCleanse","sneckomod:UnknownClassHEXA_GHOST_PURPLE","sneckomod:UnknownRarePower+1","sneckomod:SerpentMind","sneckomod:SnakeSap+1","sneckomod:UnknownRarePower+1","sneckomod:UnknownRarePower","Barricade","sneckomod:UnendingSupply","sneckomod:UnknownRarePower+1","sneckomod:SoulRoll","sneckomod:SnakeSap+1","Languid","sneckomod:UnknownDexterity","sneckomod:SerpentMind","sneckomod:SoulExchange","sneckomod:UnknownRarePower+1","sneckomod:MasterEye+1","sneckomod:SnakeSap+1","sneckomod:UnknownUncommonPower","sneckomod:SnakeSap","sneckomod:UnknownWeak"],"relics":["sneckomod:SneckoSoul","downfall:ShatteredFragment","Prayer Wheel","Bird Faced Urn","Replay:Bottled Eggs","m_SnakeBloodCore","Smiling Mask","Akabeko","Cursed Key","downfall:HeartBlessingGreen","Orrery","Replay:PocketPolymizer","downfall:KnowingSkull","downfall:HeartBlessingBlue","Matryoshka","Black Star","downfall:HeartBlessingRed","Letter Opener","Lee\u0027s Waffle","reliquary:Knoch","Counterbalance","Replay:Multitool","Replay:Baseball","Ice Cream","Potion Belt","Shovel","Mummified Hand","Replay:Arrowhead","Bird Faced Urn","Turnip","Replay:Bandana","Centennial Puzzle","Quantum Egg","sneckomod:LoadedDie","downfall:GremlinWheel","Whetstone","Bottled Flame","DollysMirror","Replay:Bottled Snecko","Replay:Accelerometer"],"acts_visited":["Exordium","TheCity","TheBeyond","TheEnding"],"potions_floor_usage":[6,16,25,25,37,52],"damage_taken":[{"damage":7,"enemies":"2 Louse","floor":2,"turns":3},{"damage":0,"enemies":"Cultist","floor":4,"turns":4},{"damage":0,"enemies":"Small Slimes","floor":5,"turns":4},{"damage":5,"enemies":"3 Sentries","floor":6,"turns":7},{"damage":11,"enemies":"3 Louse","floor":8,"turns":4},{"damage":3,"enemies":"Lagavulin","floor":9,"turns":5},{"damage":20,"enemies":"Gremlin Nob","floor":11,"turns":4},{"damage":31,"enemies":"3 Sentries","floor":13,"turns":9},{"damage":1,"enemies":"downfall:LooterAlt","floor":15,"turns":4},{"damage":55,"enemies":"WA_ARCHETYPE_RETAIN","floor":16,"turns":8},{"damage":24,"enemies":"Spheric Guardian","floor":19,"turns":4},{"damage":12,"enemies":"Shell Parasite","floor":20,"turns":5},{"damage":14,"enemies":"Chosen and Byrds","floor":21,"turns":6},{"damage":0,"enemies":"downfall:FleeingMerchant","floor":22,"turns":4},{"damage":24,"enemies":"Cultist and Chosen","floor":23,"turns":7},{"damage":31,"enemies":"Gremlin Leader","floor":25,"turns":8},{"damage":3,"enemies":"downfall:FleeingMerchant","floor":27,"turns":4},{"damage":12,"enemies":"Snake Plant","floor":28,"turns":6},{"damage":16,"enemies":"Sentry and Sphere","floor":29,"turns":6},{"damage":39,"enemies":"Book of Stabbing","floor":31,"turns":5},{"damage":13,"enemies":"Centurion and Healer","floor":32,"turns":5},{"damage":31,"enemies":"DF_ARCHETYPE_CLAW","floor":33,"turns":5},{"damage":10,"enemies":"3 Shapes","floor":36,"turns":5},{"damage":23,"enemies":"downfall:FleeingMerchant","floor":37,"turns":4},{"damage":29,"enemies":"3 Darklings","floor":39,"turns":6},{"damage":38,"enemies":"Nemesis","floor":40,"turns":7},{"damage":16,"enemies":"Giant Head","floor":43,"turns":5},{"damage":7,"enemies":"Reptomancer","floor":45,"turns":5},{"damage":6,"enemies":"Giant Head","floor":47,"turns":5},{"damage":4,"enemies":"Giant Head","floor":48,"turns":3},{"damage":3,"enemies":"Maw","floor":49,"turns":4},{"damage":6,"enemies":"IC_BLOCK_ARCHETYPE","floor":50,"turns":4},{"damage":7,"enemies":"downfall:CharBossMerchant","floor":52,"turns":4},{"damage":19,"enemies":"downfall:NeowBoss","floor":55,"turns":6},{"damage":3,"enemies":"downfall:NeowBossFinal","floor":56,"turns":3}],"seed_played":"44740564319863265","potions_obtained":[{"floor":4,"key":"Block Potion"},{"floor":6,"key":"Languid Potion"},{"floor":13,"key":"Slimebound:ThreeZeroPotion"},{"floor":15,"key":"FairyPotion"},{"floor":19,"key":"LiquidBronze"},{"floor":21,"key":"Reflective Coating"},{"floor":25,"key":"BlessingOfTheForge"},{"floor":28,"key":"GamblersBrew"},{"floor":47,"key":"Guardian:BlockOnCardUsePotion"},{"floor":48,"key":"PowerPotion"},{"floor":52,"key":"SneckoOil"}],"is_trial":false,"path_per_floor":["R","M","?","M","M","E","T","M","E","?","E","R","E","?","M","B",null,"R","M","M","M","$","M","T","E","?","$","M","M","R","E","M","B",null,"R","M","$","?","M","E","T","R","E","R","E","$","E","?","M","B",null,"E","$","R","B","B",null],"character_chosen":"THE_SNECKO","items_purchased":["sneckomod:Rotation+1","Orrery","sneckomod:MorePower","sneckomod:UnknownRareAttack","Letter Opener","Lee\u0027s Waffle","reliquary:Knoch","Replay:Bandana","Centennial Puzzle","DollysMirror","Replay:Bottled Snecko","sneckomod:UnknownUncommonPower","sneckomod:SnakeSap"],"campfire_rested":1,"item_purchase_floors":[22,22,22,22,37,37,37,46,46,53,53,53,53],"current_hp_per_floor":[83,76,55,55,55,50,50,39,40,40,23,50,28,28,34,30,76,76,61,58,55,66,72,72,73,66,83,91,89,99,91,104,104,104,104,104,111,111,111,111,111,111,111,111,111,111,111,114,114,114,114,114,114,114,114,114],"gold":93,"neow_bonus":"TEN_PERCENT_HP_BONUS","is_daily":false,"chose_seed":false,"campfire_upgraded":0,"win_rate":0.0,"timestamp":1613500368,"path_taken":["R","M","?","M","M","E","T","M","E","?","E","R","E","?","M","BOSS","R","M","M","M","$","?","T","E","?","?","M","M","R","E","M","BOSS","R","M","$","?","M","E","T","R","E","R","E","$","E","?","M","BOSS","E","$","R","BOSS","BOSS"],"items_purchased_type":["Card","Relic","Card","Card","Relic","Relic","Relic","Relic","Relic","Relic","Relic","Card","Card"],"build_version":"2020-12-22","purchased_purges":3,"victory":true,"max_hp_per_floor":[91,91,91,91,91,91,91,91,91,91,91,91,91,91,91,91,91,91,91,91,91,91,91,91,91,91,91,91,91,101,101,104,104,104,104,104,111,111,111,111,111,111,111,111,111,111,111,114,114,114,114,114,114,114,114,114],"relic_stats":{"Lee\u0027s Waffle":7,"counters":[35,178],"Letter Opener":[470],"Whetstone":["sneckomod:UnknownUncommonAttack","sneckomod:UnknownUncommonAttack"],"Smiling Mask":150,"Cursed Key":2,"Centennial Puzzle":[20],"Shovel":3,"Mummified Hand":[299],"Bird Faced Urn":[370],"Prayer Wheel":12,"Turnip":[7],"Black Star":5,"obtain_stats":[{"Ice Cream":41,"Replay:Accelerometer":54,"Replay:PocketPolymizer":25,"sneckomod:LoadedDie":47,"downfall:HeartBlessingGreen":18,"Replay:Multitool":40,"Whetstone":52,"sneckomod:SneckoSoul":0,"Smiling Mask":11,"Cursed Key":17,"Replay:Bandana":46,"Centennial Puzzle":46,"Matryoshka":31,"Shovel":43,"downfall:GremlinWheel":48,"m_SnakeBloodCore":10,"downfall:HeartBlessingBlue":30,"Mummified Hand":43,"DollysMirror":53,"Prayer Wheel":6,"downfall:KnowingSkull":26,"Replay:Bottled Snecko":53,"Replay:Bottled Eggs":9,"Potion Belt":42,"Lee\u0027s Waffle":37,"downfall:ShatteredFragment":3,"downfall:HeartBlessingRed":35,"Counterbalance":40,"Quantum Egg":47,"Letter Opener":37,"Akabeko":13,"Replay:Arrowhead":44,"Replay:Baseball":41,"Bottled Flame":52,"Bird Faced Urn":7,"Orrery":22,"reliquary:SculptingSteel":45,"Turnip":45,"Black Star":34,"reliquary:Knoch":37},{"Ice Cream":26,"Replay:Accelerometer":33,"Replay:PocketPolymizer":16,"sneckomod:LoadedDie":29,"downfall:HeartBlessingGreen":10,"Replay:Multitool":26,"Whetstone":33,"sneckomod:SneckoSoul":0,"Smiling Mask":7,"Cursed Key":10,"Replay:Bandana":28,"Centennial Puzzle":28,"Matryoshka":20,"Shovel":27,"downfall:GremlinWheel":30,"m_SnakeBloodCore":6,"downfall:HeartBlessingBlue":19,"Mummified Hand":27,"DollysMirror":33,"Prayer Wheel":4,"downfall:KnowingSkull":16,"Replay:Bottled Snecko":33,"Replay:Bottled Eggs":6,"Potion Belt":26,"Lee\u0027s Waffle":24,"downfall:ShatteredFragment":1,"downfall:HeartBlessingRed":22,"Counterbalance":26,"Quantum Egg":29,"Letter Opener":24,"Akabeko":8,"Replay:Arrowhead":27,"Replay:Baseball":26,"Bottled Flame":33,"Bird Faced Urn":4,"Orrery":14,"reliquary:SculptingSteel":28,"Turnip":28,"Black Star":22,"reliquary:Knoch":24},{"Ice Cream":139,"Replay:Accelerometer":169,"Replay:PocketPolymizer":86,"sneckomod:LoadedDie":154,"downfall:HeartBlessingGreen":52,"Replay:Multitool":139,"Whetstone":169,"sneckomod:SneckoSoul":0,"Smiling Mask":31,"Cursed Key":52,"Replay:Bandana":149,"Centennial Puzzle":149,"Matryoshka":107,"Shovel":144,"downfall:GremlinWheel":157,"m_SnakeBloodCore":27,"downfall:HeartBlessingBlue":102,"Mummified Hand":144,"DollysMirror":169,"Prayer Wheel":18,"downfall:KnowingSkull":86,"Replay:Bottled Snecko":169,"Replay:Bottled Eggs":27,"Potion Belt":139,"Lee\u0027s Waffle":126,"downfall:ShatteredFragment":3,"downfall:HeartBlessingRed":117,"Counterbalance":139,"Quantum Egg":154,"Letter Opener":126,"Akabeko":40,"Replay:Arrowhead":144,"Replay:Baseball":139,"Bottled Flame":169,"Bird Faced Urn":18,"Orrery":71,"reliquary:SculptingSteel":149,"Turnip":149,"Black Star":117,"reliquary:Knoch":126}]},"card_choices":[{"not_picked":["sneckomod:DiceCrush","sneckomod:UnknownCommonAttack"],"picked":"sneckomod:Unknown0Cost","floor":2},{"not_picked":["sneckomod:UnknownClassGUARDIAN","sneckomod:UnknownCommonSkill"],"picked":"sneckomod:UnknownClassGREEN","floor":4},{"not_picked":["sneckomod:QuickBite","sneckomod:Nope"],"picked":"sneckomod:UnknownColorless","floor":5},{"not_picked":["sneckomod:SoulRoll","sneckomod:DiceCrush"],"picked":"sneckomod:UnknownDexterity","floor":6},{"not_picked":["sneckomod:WideSting","sneckomod:Unknown1Cost"],"picked":"sneckomod:Rotation","floor":8},{"not_picked":["sneckomod:DiceBoulder","sneckomod:DiceCrush"],"picked":"sneckomod:QuickMove","floor":8},{"not_picked":["sneckomod:QuickMove","sneckomod:UnknownClassTHE_CHAMP_GRAY"],"picked":"sneckomod:UnknownUncommonAttack","floor":9},{"not_picked":["sneckomod:UnknownX","sneckomod:UnknownStrength"],"picked":"sneckomod:UnknownClassHEXA_GHOST_PURPLE","floor":11},{"not_picked":["sneckomod:UnknownClassBLUE","Recycle"],"picked":"sneckomod:SoulCleanse","floor":13},{"not_picked":["sneckomod:UnknownDexterity","sneckomod:RainOfDice"],"picked":"sneckomod:UnknownRarePower","floor":13},{"not_picked":["sneckomod:PureSnecko","sneckomod:MasterEye"],"picked":"Reprogram","floor":15},{"not_picked":["sneckomod:UnknownClassRED","sneckomod:UnknownClassPURPLE","sneckomod:DefensiveFlair"],"picked":"SKIP","floor":15},{"not_picked":["sneckomod:Mudshield","sneckomod:Cheat"],"picked":"sneckomod:SerpentMind","floor":16},{"not_picked":["sneckomod:SoulDraw","sneckomod:UnknownClassGUARDIAN"],"picked":"sneckomod:SoulRoll","floor":19},{"not_picked":["sneckomod:ImprovisedGuard","sneckomod:UnknownExhaust"],"picked":"sneckomod:MasterEye","floor":19},{"not_picked":["sneckomod:IronFang+1","sneckomod:DiceBlock"],"picked":"sneckomod:SoulRoll","floor":20},{"not_picked":["sneckomod:UnknownCommonSkill+1","sneckomod:Unknown1Cost"],"picked":"sneckomod:QuickMove","floor":20},{"not_picked":["sneckomod:UnknownCommonSkill+1","sneckomod:UnknownClassBLUE"],"picked":"sneckomod:UnknownDexterity","floor":21},{"not_picked":["sneckomod:UnknownClassGUARDIAN","sneckomod:UnknownCommonSkill+1"],"picked":"sneckomod:UnknownClassGREEN","floor":21},{"not_picked":["hexamod:ThirdSeal","hexamod:FourthSeal"],"picked":"hexamod:FirstSeal","floor":22},{"not_picked":["sneckomod:CheapStock","sneckomod:UnknownClassRED"],"picked":"sneckomod:UnendingSupply","floor":22},{"not_picked":["sneckomod:UnknownClassMARKED_PURPLE_COLOR+1","sneckomod:UnknownClassHEXA_GHOST_PURPLE"],"picked":"sneckomod:UnknownDexterity","floor":22},{"not_picked":["sneckomod:UnknownVulnerable","sneckomod:Unknown3Cost"],"picked":"sneckomod:UnlimitedRolls","floor":22},{"not_picked":["sneckomod:UnknownColorless","sneckomod:UnknownUncommonAttack"],"picked":"sneckomod:UnknownClassGREEN","floor":22},{"not_picked":["sneckomod:UnknownCommonAttack","sneckomod:UnknownStrike"],"picked":"sneckomod:MasterEye","floor":22},{"not_picked":["sneckomod:UnknownVulnerable","sneckomod:UnknownBlock"],"picked":"sneckomod:SerpentIdol","floor":22},{"not_picked":["sneckomod:UnknownCommonAttack+1","sneckomod:UnknownClassBLUE+1"],"picked":"sneckomod:UnknownClassGREEN+1","floor":23},{"not_picked":["sneckomod:UnknownClassTHE_CHAMP_GRAY","sneckomod:Unknown1Cost"],"picked":"sneckomod:SoulRoll","floor":23},{"not_picked":["sneckomod:UnknownClassTHE_CHAMP_GRAY+1","sneckomod:UnknownClassBLUE"],"picked":"sneckomod:PureSnecko","floor":23},{"not_picked":["sneckomod:UnknownClassBLUE","sneckomod:UnknownWeak"],"picked":"sneckomod:UnlimitedRolls","floor":25},{"not_picked":["sneckomod:UnknownBlock+1","sneckomod:UnknownClassBLUE+1"],"picked":"sneckomod:UnknownDexterity+1","floor":27},{"not_picked":["sneckomod:RainOfDice","sneckomod:WideSting"],"picked":"sneckomod:UnknownUncommonAttack","floor":27},{"not_picked":["sneckomod:UnknownBlock","sneckomod:UnknownColorless"],"picked":"sneckomod:SoulCleanse","floor":28},{"not_picked":["sneckomod:UnknownClassPURPLE","sneckomod:QuickMove","sneckomod:QuickBite+1"],"picked":"SKIP","floor":28},{"not_picked":["sneckomod:UnknownClassMARKED_PURPLE_COLOR","sneckomod:Unknown3Cost","sneckomod:QuickBite"],"picked":"SKIP","floor":29},{"not_picked":["sneckomod:MixItUp+1","sneckomod:UnknownCommonAttack+1","sneckomod:WideSting"],"picked":"SKIP","floor":29},{"not_picked":["sneckomod:UnknownUncommonSkill+1","sneckomod:UnknownClassPURPLE+1"],"picked":"sneckomod:UnknownRarePower+1","floor":31},{"not_picked":["sneckomod:MorePower","sneckomod:UnknownCommonAttack"],"picked":"sneckomod:SerpentMind","floor":31},{"not_picked":["sneckomod:SoulRoll","sneckomod:UnknownCommonSkill"],"picked":"sneckomod:SnakeSap+1","floor":32},{"not_picked":["sneckomod:Nope","sneckomod:DefensiveFlair","sneckomod:SlitherStrike"],"picked":"SKIP","floor":32},{"not_picked":["sneckomod:UnknownRareSkill+1","sneckomod:Unknown0Cost+1"],"picked":"sneckomod:UnknownRarePower+1","floor":33},{"not_picked":["sneckomod:SoulExchange","sneckomod:MorePower"],"picked":"sneckomod:UnknownRarePower","floor":33},{"not_picked":["sneckomod:SoulRoll","sneckomod:WideSting"],"picked":"sneckomod:UnendingSupply","floor":36},{"not_picked":["sneckomod:UnknownClassGREEN","sneckomod:UnknownClassTHE_BRONZE_AUTOMATON+1","sneckomod:Unknown0Cost"],"picked":"SKIP","floor":36},{"not_picked":["sneckomod:UnknownClassSLIMEBOUND+1","sneckomod:UnknownX+1"],"picked":"sneckomod:UnknownRarePower+1","floor":37},{"not_picked":["sneckomod:UnknownUncommonPower+1","sneckomod:UnknownUncommonSkill"],"picked":"sneckomod:SoulRoll","floor":37},{"not_picked":["sneckomod:SoulCleanse","sneckomod:Memorize"],"picked":"sneckomod:SnakeSap+1","floor":39},{"not_picked":["sneckomod:UnknownStrike","sneckomod:UnknownUncommonSkill","sneckomod:RainOfDice+1"],"picked":"SKIP","floor":39},{"not_picked":["sneckomod:SoulExchange","sneckomod:UnknownX","sneckomod:UnknownVulnerable+1"],"picked":"SKIP","floor":40},{"not_picked":["sneckomod:UnknownClassRED","sneckomod:DiceBlock"],"picked":"sneckomod:SerpentMind","floor":43},{"not_picked":["sneckomod:Rotation+1","sneckomod:QuickMove+1","sneckomod:SoulDraw"],"picked":"SKIP","floor":45},{"not_picked":["sneckomod:UnknownUncommonPower+1","sneckomod:UnknownClassGUARDIAN+1"],"picked":"sneckomod:UnknownRarePower+1","floor":47},{"not_picked":["sneckomod:UnknownClassTHE_CHAMP_GRAY","sneckomod:Unknown0Cost"],"picked":"sneckomod:MasterEye+1","floor":47},{"not_picked":["sneckomod:UnknownClassRED","sneckomod:WideSting","sneckomod:QuickMove"],"picked":"SKIP","floor":49},{"not_picked":["sneckomod:UnknownClassPURPLE","sneckomod:UnknownDraw+1","sneckomod:CheapStock+1"],"picked":"SKIP","floor":49},{"not_picked":["sneckomod:UnknownExhaust","sneckomod:Nope","sneckomod:DiceBlock+1"],"picked":"SKIP","floor":52}],"player_experience":2208726,"relics_obtained":[{"floor":6,"key":"Prayer Wheel"},{"floor":7,"key":"Bird Faced Urn"},{"floor":9,"key":"Replay:Bottled Eggs"},{"floor":11,"key":"Smiling Mask"},{"floor":13,"key":"Akabeko"},{"floor":25,"key":"Replay:PocketPolymizer"},{"floor":31,"key":"Matryoshka"},{"floor":40,"key":"Counterbalance"},{"floor":40,"key":"Replay:Multitool"},{"floor":41,"key":"Replay:Baseball"},{"floor":41,"key":"Ice Cream"},{"floor":42,"key":"Potion Belt"},{"floor":43,"key":"Shovel"},{"floor":43,"key":"Mummified Hand"},{"floor":44,"key":"Replay:Arrowhead"},{"floor":45,"key":"reliquary:SculptingSteel"},{"floor":45,"key":"Turnip"},{"floor":47,"key":"Quantum Egg"},{"floor":47,"key":"sneckomod:LoadedDie"},{"floor":48,"key":"downfall:GremlinWheel"},{"floor":52,"key":"Whetstone"},{"floor":52,"key":"Bottled Flame"},{"floor":54,"key":"Replay:Accelerometer"}],"event_choices":[{"cards_removed":["sneckomod:Unknown"],"damage_healed":0,"gold_gain":0,"player_choice":"Removed Skill","damage_taken":0,"max_hp_gain":0,"max_hp_loss":0,"event_name":"Falling","floor":38,"gold_loss":0}],"is_beta":false,"boss_relics":[{"not_picked":["Tiny House","sneckomod:SuperSneckoSoul"],"picked":"Cursed Key"},{"not_picked":["reliquary:ThirdArm","Runic Pyramid"],"picked":"Black Star"}],"items_purged_floors":[22,27,37],"is_endless":false,"potions_floor_spawned":[4,6,13,15,19,21,25,28,32,39,40,47,48,52],"ascension_level":14}}