{"host":"os9owiyb0rak6c8n","time":1613511395,"event":{"mods":["AchievementEnabler","Astrologer","BaseMod","Beaked The Cultist","Better Third Choice","Block Reminder","Colored Map","Colored Powertips","Curses Come First","Dio Mod","Minty Spire (QoL Compilation)","Robot Space Explorer","Spicy Shops","StSLib","The Death Knight","The Necromancer"],"gold_per_floor":[110,129,129,141,66,98,112,131,157,185,0,0,35,35,35,133,133,159,168,16,61,22,62,62,62,115,52,1,23,43,59,59,166,166,192,192,192,212,33,33,74,84,108,108,25,59,70,96,96,96],"floor_reached":51,"language":"ENG","playtime":1908,"items_purged":["DeathKnight:Defend_DeathKnight","DeathKnight:Strike_DeathKnight","Parasite","DeathKnight:Defend_DeathKnight"],"score":1016,"play_id":"80323cbd-bd38-430d-9254-45d40016a4e4","local_time":"20210216223635","is_ascension_mode":true,"campfire_choices":[{"data":"1","floor":12,"key":"LIFT"},{"floor":15,"key":"REST"},{"floor":24,"key":"REST"},{"data":"2","floor":32,"key":"LIFT"},{"data":"3","floor":40,"key":"LIFT"},{"data":"DeathKnight:Razorice","floor":44,"key":"SMITH"},{"data":"DeathKnight:DeathStrike","floor":49,"key":"SMITH"}],"circlet_count":0,"master_deck":["DeathKnight:Defend_DeathKnight","DeathKnight:Defend_DeathKnight","DeathKnight:Defend_DeathKnight","DeathKnight:RuneTap","DeathKnight:RuneStrike+1","DeathKnight:DeathStrike+1","DeathKnight:Parry","DeathKnight:HowlingBlast+1","DeathKnight:Outbreak","DeathKnight:BoneShield","Necronomicurse","Bite+1","Bite","Bite","Bite","Bite","DeathKnight:Pestilence+1","DeathKnight:IceboundArmor","DeathKnight:Razorice+1","DeathKnight:IceboundArmor+1","DeathKnight:BladedArmor+1","DeathKnight:UnholyPresence+1","DeathKnight:BloodBoil+1"],"relics":["DeathKnight:BrokenRuneblade","DeathKnight:LanathelsBloodyNail","CeramicFish","Anchor","Girya","Akabeko","Ancient Tea Set","Necronomicon","Membership Card","StrikeDummy","Tiny Chest","Whetstone","Toy Ornithopter","Centennial Puzzle","DeathKnight:Shadowmourne","StoneCalendar","Orichalcum","Orrery","Toxic Egg 2","Potion Belt","CaptainsWheel","DeathKnight:ScourgePlagueSample","Oddly Smooth Stone","Vajra"],"acts_visited":["Exordium","TheCity","TheBeyond"],"potions_floor_usage":[6,16,16,23,33,33,47,50],"damage_taken":[{"damage":0,"enemies":"Cultist","floor":1,"turns":2},{"damage":6,"enemies":"Small Slimes","floor":2,"turns":3},{"damage":3,"enemies":"Jaw Worm","floor":4,"turns":2},{"damage":30,"enemies":"Gremlin Nob","floor":6,"turns":4},{"damage":15,"enemies":"Exordium Wildlife","floor":7,"turns":5},{"damage":2,"enemies":"Blue Slaver","floor":8,"turns":3},{"damage":1,"enemies":"3 Louse","floor":10,"turns":4},{"damage":22,"enemies":"3 Sentries","floor":13,"turns":8},{"damage":25,"enemies":"Slime Boss","floor":16,"turns":6},{"damage":17,"enemies":"Shell Parasite","floor":18,"turns":4},{"damage":42,"enemies":"Book of Stabbing","floor":23,"turns":5},{"damage":2,"enemies":"Spheric Guardian","floor":29,"turns":2},{"damage":11,"enemies":"Snake Plant","floor":30,"turns":2},{"damage":3,"enemies":"3 Cultists","floor":31,"turns":3},{"damage":51,"enemies":"Champ","floor":33,"turns":12},{"damage":11,"enemies":"3 Darklings","floor":35,"turns":4},{"damage":3,"enemies":"3 Shapes","floor":38,"turns":3},{"damage":11,"enemies":"Giant Head","floor":41,"turns":5},{"damage":16,"enemies":"Transient","floor":42,"turns":5},{"damage":9,"enemies":"Nemesis","floor":46,"turns":3},{"damage":4,"enemies":"Jaw Worm Horde","floor":47,"turns":3},{"damage":56,"enemies":"Awakened One","floor":50,"turns":8}],"seed_played":"-4560438286397439583","potions_obtained":[{"floor":1,"key":"PowerPotion"},{"floor":6,"key":"DistilledChaos"},{"floor":8,"key":"Swift Potion"},{"floor":16,"key":"DeathKnight:PlagueVial"},{"floor":29,"key":"AttackPotion"},{"floor":31,"key":"ColorlessPotion"},{"floor":35,"key":"DeathKnight:VirulencePotion"},{"floor":41,"key":"DeathKnight:RunicPotion"},{"floor":42,"key":"ColorlessPotion"}],"is_trial":false,"path_per_floor":["M","M","?","M","$","E","M","M","T","M","$","R","E","?","R","B",null,"M","?","$","?","$","E","R","T","T","$","?","M","M","M","R","B",null,"M","T","?","M","$","R","E","M","T","R","$","E","M","T","R","B",null],"character_chosen":"DEATH_KNIGHT","items_purchased":["Girya","Membership Card","StrikeDummy","Orichalcum","Orrery","CaptainsWheel","DeathKnight:ScourgePlagueSample","DeathKnight:BloodBoil+1"],"campfire_rested":2,"item_purchase_floors":[11,20,22,39,39,45,45,45],"current_hp_per_floor":[75,69,69,73,73,43,35,40,40,46,46,46,31,13,35,17,61,51,35,35,35,35,11,26,26,26,26,26,34,31,43,43,19,42,44,44,44,49,49,49,49,45,45,45,45,49,49,49,49,11],"gold":96,"neow_bonus":"UPGRADE_CARD","is_daily":false,"chose_seed":false,"campfire_upgraded":2,"win_rate":0.0,"timestamp":1613511395,"path_taken":["M","?","?","M","$","E","M","M","T","?","$","R","E","?","R","BOSS","M","?","$","?","?","E","R","?","T","$","?","M","?","M","R","BOSS","M","?","?","?","?","R","E","M","T","R","$","E","M","?","R","BOSS"],"items_purchased_type":["Relic","Relic","Relic","Relic","Relic","Relic","Relic","Card"],"build_version":"2020-12-22","purchased_purges":4,"victory":true,"max_hp_per_floor":[75,75,75,75,75,75,75,75,75,75,75,75,75,75,75,75,75,75,75,75,52,52,52,52,52,52,49,49,49,49,49,49,49,49,49,49,49,49,49,49,49,49,49,49,49,49,49,49,49,49],"card_choices":[{"not_picked":["DeathKnight:UnholyFrenzy","DeathKnight:BoneSpear"],"picked":"DeathKnight:DeathStrike","floor":1},{"not_picked":["DeathKnight:Obliterate","DeathKnight:Parry","DeathKnight:ThirstingStrike"],"picked":"SKIP","floor":2},{"not_picked":["DeathKnight:MutagenicPlague","DeathKnight:ShatteringStrikes"],"picked":"DeathKnight:Parry","floor":4},{"not_picked":["DeathKnight:RuneShock","DeathKnight:BludPresence","DeathKnight:ScourgeStrike"],"picked":"SKIP","floor":6},{"not_picked":["DeathKnight:BloodTap","DeathKnight:BloodStrike","DeathKnight:BoneSpear"],"picked":"SKIP","floor":7},{"not_picked":["DeathKnight:FrosPresence","DeathKnight:DeathCoil","DeathKnight:UnholyAssault"],"picked":"SKIP","floor":8},{"not_picked":["DeathKnight:RunicCorruption","DeathKnight:DeathStrike"],"picked":"DeathKnight:HowlingBlast","floor":10},{"not_picked":["DeathKnight:Lichborne","DeathKnight:Culling"],"picked":"DeathKnight:Outbreak","floor":13},{"not_picked":["DeathKnight:RaiseAlly","DeathKnight:HornOfWinter"],"picked":"DeathKnight:BoneShield","floor":18},{"not_picked":["DeathKnight:Parry","DeathKnight:MutagenicPlague+1"],"picked":"DeathKnight:Pestilence+1","floor":23},{"not_picked":["DeathKnight:Marrowrend","DeathKnight:DeathAndDecay+1"],"picked":"DeathKnight:IceboundArmor","floor":29},{"not_picked":["DeathKnight:FrosPresence","DeathKnight:RaiseAlly","DeathKnight:PlagueStrike"],"picked":"SKIP","floor":30},{"not_picked":["DeathKnight:Contagion","DeathKnight:UnholyPresence","DeathKnight:ShatteringStrikes"],"picked":"SKIP","floor":31},{"not_picked":["DeathKnight:Outbreak","DeathKnight:BoneStorm"],"picked":"DeathKnight:Razorice","floor":33},{"not_picked":["DeathKnight:DreadStrike","DeathKnight:BoneSpear+1"],"picked":"DeathKnight:IceboundArmor+1","floor":35},{"not_picked":["DeathKnight:DeathStrike+1","DeathKnight:BludPresence","DeathKnight:IceboundArmor"],"picked":"SKIP","floor":38},{"not_picked":["DeathKnight:FesteringStrike+1","DeathKnight:BloodStrike+1"],"picked":"DeathKnight:BladedArmor+1","floor":39},{"not_picked":["DeathKnight:IceboundArmor+1","DeathKnight:MindFreeze+1"],"picked":"DeathKnight:UnholyPresence+1","floor":41},{"not_picked":["DeathKnight:DreadStrike","DeathKnight:HartStrike","DeathKnight:DeathAndDecay"],"picked":"SKIP","floor":42},{"not_picked":["DeathKnight:Pestilence+1","DeathKnight:VampiricBlood","DeathKnight:Hemostasis+1"],"picked":"SKIP","floor":46},{"not_picked":["DeathKnight:BloodTap+1","DeathKnight:GargoyleSkin+1","DeathKnight:DeathGrip+1"],"picked":"SKIP","floor":47}],"player_experience":611367,"relics_obtained":[{"floor":3,"key":"DeathKnight:LanathelsBloodyNail"},{"floor":6,"key":"CeramicFish"},{"floor":9,"key":"Anchor"},{"floor":13,"key":"Akabeko"},{"floor":19,"key":"Necronomicon"},{"floor":23,"key":"Tiny Chest"},{"floor":25,"key":"Whetstone"},{"floor":26,"key":"Toy Ornithopter"},{"floor":36,"key":"StoneCalendar"},{"floor":41,"key":"Toxic Egg 2"},{"floor":43,"key":"Potion Belt"},{"floor":46,"key":"Oddly Smooth Stone"},{"floor":48,"key":"Vajra"}],"event_choices":[{"damage_healed":0,"gold_gain":0,"player_choice":"Relic","damage_taken":0,"max_hp_gain":0,"max_hp_loss":0,"event_name":"Wheel of Change","floor":3,"gold_loss":0},{"damage_healed":0,"gold_gain":0,"player_choice":"Relic ","damage_taken":18,"max_hp_gain":0,"max_hp_loss":0,"event_name":"betterThird:BetterScrap","floor":14,"gold_loss":0,"cards_obtained":["Blasphemy"]},{"damage_healed":0,"gold_gain":0,"player_choice":"Obtained Book","damage_taken":16,"max_hp_gain":0,"max_hp_loss":0,"event_name":"Cursed Tome","floor":19,"gold_loss":0},{"damage_healed":0,"gold_gain":0,"player_choice":"Became a vampire","damage_taken":0,"max_hp_gain":0,"max_hp_loss":23,"event_name":"Vampires","floor":21,"gold_loss":0,"cards_obtained":["Bite","Bite","Bite","Bite","Bite"]},{"damage_healed":0,"gold_gain":0,"player_choice":"Paid Gold","damage_taken":0,"relics_obtained":["Centennial Puzzle"],"max_hp_gain":0,"max_hp_loss":0,"event_name":"WeMeetAgain","floor":28,"gold_loss":51},{"damage_healed":0,"gold_gain":0,"player_choice":"0 cards matched","damage_taken":0,"max_hp_gain":0,"max_hp_loss":0,"event_name":"Match and Keep!","floor":37,"gold_loss":0,"cards_obtained":[]}],"is_beta":false,"boss_relics":[{"not_picked":["Runic Pyramid","Coffee Dripper","Runic Dome"]},{"not_picked":["Tiny House","Astrolabe"],"picked":"DeathKnight:Shadowmourne"}],"items_purged_floors":[5,11,27,39],"is_endless":false,"potions_floor_spawned":[1,6,8,16,29,31,35,41,42],"ascension_level":5}}