{"host":"zxkjcgzis4pm3za5","time":1613445859,"event":{"mods":["2.2 Compatiblity","AchievementEnabler","BaseMod","Colored Map","Colored Powertips","Minty Spire (QoL Compilation)","Quick Restart","Random Character Button","Relic Filter Mod","Relic Sorter","Relic Stats","StSLib"],"gold_per_floor":[115,130,150,300,300,325,55,85,85,98,98,131,131,131,131,205,205,224,239,239,255,275,305,323,338,338,350,350,383,383,333,333,410,410,480,173,185,199,199,226,226,240,240,250,275,275,275,275],"floor_reached":47,"language":"ENG","playtime":2730,"items_purged":["Strike_P"],"score":1519,"play_id":"a4195a5a-0b1f-4e39-bb2c-fa13e17aefa0","local_time":"20210216085419","is_ascension_mode":true,"campfire_choices":[{"floor":11,"key":"REST"},{"data":"Wish","floor":13,"key":"SMITH"},{"data":"Scrawl","floor":15,"key":"SMITH"},{"floor":28,"key":"REST"},{"data":"SpiritShield","floor":32,"key":"SMITH"},{"floor":41,"key":"REST"}],"circlet_count":0,"master_deck":["AscendersBane","Eruption","Vigilance","EmptyFist","FlurryOfBlows","SashWhip","CutThroughFate","Consecrate+1","WindmillStrike+1","Wish+1","Scrawl+1","SpiritShield+1","FlyingSleeves+1","CrushJoints+1","Swivel","FearNoEvil+1","InnerPeace","BowlingBash+1","Meditate","Sanctity","MentalFortress+1","Omniscience","EmptyMind","Wireheading","Wallop+1","Perseverance","Wish","Ragnarok+1","Evaluate+1","Halt","ThirdEye","FlurryOfBlows+1","Madness","Madness","Indignation","Conclude+1","WheelKick+1","DeceiveReality","ThirdEye+1"],"relics":["HolyWater","Dream Catcher","Smiling Mask","Molten Egg 2","Mercury Hourglass","PreservedInsect","Gambling Chip","Art of War","Centennial Puzzle","Torii","Pandora\u0027s Box","Kunai","Yang","Frozen Egg 2"],"acts_visited":["Exordium","TheCity","TheBeyond"],"potions_floor_usage":[10,19,29,33,35,38,44],"damage_taken":[{"damage":2.0,"enemies":"Small Slimes","floor":1.0,"turns":3.0},{"damage":2.0,"enemies":"Jaw Worm","floor":2.0,"turns":2.0},{"damage":2.0,"enemies":"2 Louse","floor":3.0,"turns":2.0},{"damage":12.0,"enemies":"Gremlin Nob","floor":6.0,"turns":3.0},{"damage":17,"enemies":"Lagavulin","floor":8,"turns":7},{"damage":0,"enemies":"Red Slaver","floor":10,"turns":1},{"damage":4,"enemies":"3 Sentries","floor":12,"turns":4},{"damage":43,"enemies":"The Guardian","floor":16,"turns":8},{"damage":0,"enemies":"Spheric Guardian","floor":18,"turns":2},{"damage":0,"enemies":"2 Thieves","floor":19,"turns":2},{"damage":0,"enemies":"Snake Plant","floor":21,"turns":2},{"damage":3,"enemies":"Centurion and Healer","floor":22,"turns":5},{"damage":15,"enemies":"Slavers","floor":23,"turns":3},{"damage":0,"enemies":"3 Cultists","floor":24,"turns":3},{"damage":0,"enemies":"Snake Plant","floor":25,"turns":3},{"damage":0,"enemies":"Sentry and Sphere","floor":27,"turns":2},{"damage":0,"enemies":"Gremlin Leader","floor":29,"turns":1},{"damage":16,"enemies":"Champ","floor":33,"turns":8},{"damage":11,"enemies":"3 Darklings","floor":35,"turns":11},{"damage":1,"enemies":"Orb Walker","floor":37,"turns":5},{"damage":1,"enemies":"Transient","floor":38,"turns":6},{"damage":22,"enemies":"Reptomancer","floor":40,"turns":5},{"damage":9,"enemies":"Writhing Mass","floor":42,"turns":9},{"damage":0,"enemies":"3 Darklings","floor":44,"turns":2},{"damage":21,"enemies":"Nemesis","floor":45,"turns":9},{"damage":0,"enemies":"4 Shapes","floor":47,"turns":1}],"seed_played":"7293980794909064821","potions_obtained":[{"floor":3.0,"key":"BlessingOfTheForge"},{"floor":8,"key":"SkillPotion"},{"floor":12,"key":"LiquidBronze"},{"floor":16,"key":"AttackPotion"},{"floor":21,"key":"GamblersBrew"},{"floor":23,"key":"Fruit Juice"},{"floor":29,"key":"BottledMiracle"},{"floor":33,"key":"Block Potion"},{"floor":35,"key":"Explosive Potion"},{"floor":38,"key":"SteroidPotion"},{"floor":45,"key":"FearPotion"}],"is_trial":false,"path_per_floor":["M","M","M","?","?","E","$","E","T","M","R","E","R","?","R","B",null,"M","M","?","M","M","E","M","M","T","M","R","E","?","$","R","B",null,"M","$","M","M","?","E","R","M","T","M","E","?","M"],"character_chosen":"WATCHER","items_purchased":["Molten Egg 2","Kunai","Halt"],"campfire_rested":3,"item_purchase_floors":[7,36,36],"current_hp_per_floor":[59,57,55,55,55,43,43,26,26,26,46,42,42,47,47,4,56,56,56,56,56,53,38,38,38,38,38,59,64,64,64,64,48,71,60,60,59,58,44,22,45,36,36,36,15,15,15,15],"gold":275,"neow_bonus":"RANDOM_COMMON_RELIC","is_daily":false,"chose_seed":false,"campfire_upgraded":3,"win_rate":0.0,"timestamp":1613445859,"path_taken":["M","M","M","?","?","E","$","E","T","M","R","E","R","?","R","BOSS","M","M","?","M","M","E","M","?","T","M","R","E","?","$","R","BOSS","M","$","M","M","?","E","R","M","T","M","E","?","M"],"items_purchased_type":["Relic","Relic","Card"],"build_version":"2020-12-22","purchased_purges":1,"victory":false,"max_hp_per_floor":[68,68,68,68,68,68,68,68,68,68,68,68,68,73,73,73,73,73,73,73,73,73,73,73,73,73,73,73,78,78,78,78,78,78,78,78,78,78,78,78,78,78,78,78,78,78,78,78],"relic_stats":{"Torii":22,"counters":[26,109],"Yang":[45],"PreservedInsect":231,"Smiling Mask":25,"Mercury Hourglass":[370],"Dream Catcher":3,"Centennial Puzzle":[21],"Gambling Chip":[50],"Pandora\u0027s Box":["EmptyMind","Wireheading","Wallop","Perseverance","Wish","MentalFortress","Ragnarok"],"Art of War":[5],"Kunai":[19],"obtain_stats":[{"Torii":29,"Yang":40,"PreservedInsect":9,"Frozen Egg 2":45,"Smiling Mask":6,"Mercury Hourglass":8,"Dream Catcher":0,"Centennial Puzzle":26,"Gambling Chip":12,"HolyWater":17,"Molten Egg 2":7,"Pandora\u0027s Box":34,"Art of War":23,"Kunai":36,"PureWater":0},{"Torii":17,"Yang":22,"PreservedInsect":5,"Frozen Egg 2":25,"Smiling Mask":4,"Mercury Hourglass":5,"Dream Catcher":0,"Centennial Puzzle":15,"Gambling Chip":7,"HolyWater":8,"Molten Egg 2":4,"Pandora\u0027s Box":18,"Art of War":13,"Kunai":19,"PureWater":0},{"Torii":53,"Yang":88,"PreservedInsect":17,"Frozen Egg 2":108,"Smiling Mask":10,"Mercury Hourglass":17,"Dream Catcher":0,"Centennial Puzzle":50,"Gambling Chip":22,"HolyWater":30,"Molten Egg 2":10,"Pandora\u0027s Box":61,"Art of War":44,"Kunai":72,"PureWater":0}]},"card_choices":[{"not_picked":["Consecrate","ThirdEye"],"picked":"EmptyFist","floor":1.0},{"not_picked":["Prostrate","Evaluate"],"picked":"FlurryOfBlows","floor":2.0},{"not_picked":["SandsOfTime","DevaForm"],"picked":"SashWhip","floor":3.0},{"not_picked":["Evaluate","Crescendo"],"picked":"CutThroughFate","floor":6.0},{"not_picked":["JustLucky+1","Nirvana"],"picked":"Consecrate+1","floor":8},{"not_picked":["Study","FlyingSleeves+1"],"picked":"WindmillStrike+1","floor":10},{"not_picked":["Perseverance","FearNoEvil+1"],"picked":"Wish","floor":11},{"not_picked":["EmptyBody","Prostrate"],"picked":"Scrawl","floor":12},{"not_picked":["Vault","Alpha"],"picked":"SpiritShield","floor":16},{"not_picked":["FollowUp+1","Worship"],"picked":"FlyingSleeves+1","floor":18},{"not_picked":["JustLucky+1","SashWhip+1"],"picked":"CrushJoints+1","floor":19},{"not_picked":["SashWhip+1","PathToVictory"],"picked":"Swivel","floor":21},{"not_picked":["Scrawl","ThirdEye+1"],"picked":"FearNoEvil+1","floor":22},{"not_picked":["BowlingBash+1","Devotion"],"picked":"InnerPeace","floor":23},{"not_picked":["ReachHeaven+1","PathToVictory"],"picked":"BowlingBash+1","floor":24},{"not_picked":["JustLucky+1","Crescendo"],"picked":"Meditate","floor":25},{"not_picked":["FlurryOfBlows+1","EmptyFist+1"],"picked":"Sanctity","floor":27},{"not_picked":["EmptyBody+1","FlurryOfBlows+1"],"picked":"MentalFortress+1","floor":28},{"not_picked":["Collect","Adaptation","Protect"],"picked":"SKIP","floor":29},{"not_picked":["Ragnarok+1","ConjureBlade"],"picked":"Omniscience","floor":33},{"not_picked":["ClearTheMind","EmptyBody"],"picked":"Evaluate+1","floor":35},{"not_picked":["EmptyFist+1","ReachHeaven+1"],"picked":"ThirdEye","floor":37},{"not_picked":["WreathOfFlame","Consecrate+1"],"picked":"FlurryOfBlows+1","floor":38},{"not_picked":["Halt","Ragnarok+1"],"picked":"Indignation","floor":40},{"not_picked":["Protect","Evaluate"],"picked":"Conclude+1","floor":41},{"not_picked":["Halt","Pray"],"picked":"WheelKick+1","floor":42},{"not_picked":["FlurryOfBlows+1","BowlingBash+1"],"picked":"DeceiveReality","floor":44},{"not_picked":["FearNoEvil+1","Prostrate"],"picked":"ThirdEye+1","floor":45}],"player_experience":376947,"relics_obtained":[{"floor":6.0,"key":"Smiling Mask"},{"floor":8,"key":"Mercury Hourglass"},{"floor":9,"key":"PreservedInsect"},{"floor":12,"key":"Gambling Chip"},{"floor":23,"key":"Art of War"},{"floor":26,"key":"Centennial Puzzle"},{"floor":29,"key":"Torii"},{"floor":40,"key":"Yang"},{"floor":45,"key":"Frozen Egg 2"}],"event_choices":[{"damage_healed":0.0,"max_hp_gain":0.0,"max_hp_loss":0.0,"gold_gain":150.0,"event_name":"Liars Game","player_choice":"AGREE","floor":4.0,"gold_loss":0.0,"damage_taken":0.0,"cards_obtained":["Doubt"]},{"cards_removed":["Doubt"],"damage_healed":0.0,"max_hp_gain":0.0,"max_hp_loss":0.0,"gold_gain":0.0,"event_name":"Living Wall","player_choice":"Forget","floor":5.0,"gold_loss":0.0,"damage_taken":0.0},{"damage_healed":0,"gold_gain":0,"player_choice":"Donut","damage_taken":0,"max_hp_gain":5,"max_hp_loss":0,"event_name":"Big Fish","floor":14,"gold_loss":0},{"damage_healed":0,"gold_gain":0,"player_choice":"Ignored","damage_taken":0,"max_hp_gain":0,"max_hp_loss":0,"event_name":"N\u0027loth","floor":20,"gold_loss":0},{"damage_healed":0,"gold_gain":0,"player_choice":"Ignored","damage_taken":0,"max_hp_gain":0,"max_hp_loss":0,"event_name":"Ghosts","floor":30,"gold_loss":0},{"damage_healed":0,"gold_gain":0,"player_choice":"Embrace Madness","damage_taken":14,"max_hp_gain":0,"max_hp_loss":0,"event_name":"Winding Halls","floor":39,"gold_loss":0,"cards_obtained":["Madness","Madness"]},{"cards_removed":["MentalFortress"],"damage_healed":0,"gold_gain":0,"player_choice":"Removed Power","damage_taken":0,"max_hp_gain":0,"max_hp_loss":0,"event_name":"Falling","floor":46,"gold_loss":0}],"is_beta":false,"boss_relics":[{"not_picked":["SacredBark","Snecko Eye"],"picked":"HolyWater"},{"not_picked":["Black Star","Calling Bell"],"picked":"Pandora\u0027s Box"}],"items_purged_floors":[31],"is_endless":false,"potions_floor_spawned":[3,8,12,16,21,23,29,33,35,38,42,45],"killed_by":"4 Shapes","ascension_level":20}}