{"host":"4i5my69dv6e41930","time":1613461486,"event":{"mods":["AchievementEnabler","BaseMod","Minty Spire (QoL Compilation)","Relic Stats","UnlockEverythingMod"],"gold_per_floor":[112,122,122,32,59,97,97,138,164,183,183,197,197,221,221,314,314,328,346,159,173,192,192,211,211,211],"floor_reached":25,"language":"ENG","playtime":1993,"items_purged":["Strike_G"],"score":480,"play_id":"da3bc95b-06ec-4245-b053-5a2792214c22","local_time":"20210216024446","is_ascension_mode":true,"campfire_choices":[{"data":"Flying Knee","floor":7,"key":"SMITH"},{"data":"Blade Dance","floor":13,"key":"SMITH"},{"data":"Envenom","floor":15,"key":"SMITH"},{"floor":23,"key":"REST"}],"circlet_count":0,"master_deck":["AscendersBane","Strike_G","Strike_G","Strike_G+1","Strike_G","Defend_G","Defend_G","Defend_G","Defend_G","Defend_G","Survivor","Neutralize","Sucker Punch+1","Flying Knee+1","Caltrops","Crippling Poison+1","Quick Slash","Backflip","Blade Dance+1","Envenom+1","Glass Knife","Backflip"],"relics":["Ring of the Snake","NeowsBlessing","Golden Idol","Pen Nib","Bronze Scales","HornCleat","Whetstone","SlaversCollar"],"acts_visited":["Exordium","TheCity"],"potions_floor_usage":[18,21,22,24],"damage_taken":[{"damage":0,"enemies":"2 Louse","floor":1,"turns":1},{"damage":0,"enemies":"Jaw Worm","floor":2,"turns":1},{"damage":0,"enemies":"Lagavulin","floor":6,"turns":1},{"damage":24,"enemies":"Gremlin Nob","floor":8,"turns":4},{"damage":0,"enemies":"Cultist","floor":10,"turns":3},{"damage":2,"enemies":"2 Fungi Beasts","floor":12,"turns":3},{"damage":0,"enemies":"Gremlin Gang","floor":14,"turns":3},{"damage":5,"enemies":"The Guardian","floor":16,"turns":11},{"damage":19,"enemies":"Shell Parasite","floor":18,"turns":6},{"damage":0,"enemies":"Chosen","floor":19,"turns":4},{"damage":11,"enemies":"Centurion and Healer","floor":21,"turns":6},{"damage":21,"enemies":"Cultist and Chosen","floor":22,"turns":6},{"damage":8,"enemies":"Snake Plant","floor":24,"turns":3},{"damage":19,"enemies":"Shelled Parasite and Fungi","floor":25,"turns":3}],"seed_played":"466252901545354646","potions_obtained":[{"floor":2,"key":"SpeedPotion"},{"floor":14,"key":"GamblersBrew"},{"floor":21,"key":"SpeedPotion"},{"floor":22,"key":"Explosive Potion"}],"is_trial":false,"path_per_floor":["M","M","?","$","T","E","R","E","T","M","?","M","R","M","R","B",null,"M","M","$","M","M","R","M","M"],"character_chosen":"THE_SILENT","items_purchased":["Caltrops","Poison Potion","Fire Potion"],"campfire_rested":1,"item_purchase_floors":[4,20,20],"current_hp_per_floor":[59,59,59,59,59,59,59,35,35,35,35,33,33,33,33,28,52,33,33,33,22,1,19,11,0,0],"gold":211,"neow_bonus":"THREE_ENEMY_KILL","is_daily":false,"chose_seed":false,"campfire_upgraded":3,"win_rate":0.0,"timestamp":1613461486,"path_taken":["M","M","?","?","?","E","R","E","T","?","?","M","R","M","R","BOSS","M","?","$","M","M","R","M","M"],"items_purchased_type":["Card","Potion","Potion"],"build_version":"2020-12-22","purchased_purges":1,"victory":false,"max_hp_per_floor":[66,66,60,60,60,60,60,60,60,60,60,60,60,60,60,60,60,60,60,60,60,60,60,60,60,60],"relic_stats":{"counters":[14,55],"Golden Idol":65,"Bronze Scales":[159],"Pen Nib":[10],"Whetstone":["Strike_G","Sucker Punch"],"obtain_stats":[{"SlaversCollar":17,"HornCleat":8,"NeowsBlessing":0,"Golden Idol":3,"Bronze Scales":6,"Pen Nib":5,"Whetstone":9,"Ring of the Snake":0},{"SlaversCollar":8,"HornCleat":4,"NeowsBlessing":0,"Golden Idol":2,"Bronze Scales":3,"Pen Nib":2,"Whetstone":4,"Ring of the Snake":0},{"SlaversCollar":27,"HornCleat":7,"NeowsBlessing":0,"Golden Idol":2,"Bronze Scales":3,"Pen Nib":2,"Whetstone":7,"Ring of the Snake":0}],"Ring of the Snake":[28]},"card_choices":[{"not_picked":["Backflip","Infinite Blades"],"picked":"Sucker Punch","floor":1},{"not_picked":["Bane","PiercingWail"],"picked":"Flying Knee","floor":2},{"not_picked":["Expertise","Backflip"],"picked":"Crippling Poison","floor":6},{"not_picked":["Prepared","Outmaneuver"],"picked":"Quick Slash","floor":8},{"not_picked":["Infinite Blades","Terror"],"picked":"Backflip","floor":10},{"not_picked":["Dodge and Roll","Cloak And Dagger"],"picked":"Blade Dance","floor":12},{"not_picked":["Bane","Masterful Stab"],"picked":"Envenom","floor":14},{"not_picked":["Tools of the Trade","Phantasmal Killer"],"picked":"Glass Knife","floor":16},{"not_picked":["Flying Knee+1","Outmaneuver"],"picked":"Backflip","floor":18},{"not_picked":["Acrobatics","Slice+1","Bane+1"],"picked":"SKIP","floor":19},{"not_picked":["Predator","Choke","Dash"],"picked":"SKIP","floor":21},{"not_picked":["Predator","Choke","Dash"],"picked":"SKIP","floor":21},{"not_picked":["Underhanded Strike","Dodge and Roll","Reflex"],"picked":"SKIP","floor":22},{"not_picked":["Envenom","Dagger Throw","Reflex"],"picked":"SKIP","floor":24}],"player_experience":35,"relics_obtained":[{"floor":5,"key":"Pen Nib"},{"floor":6,"key":"Bronze Scales"},{"floor":8,"key":"HornCleat"},{"floor":9,"key":"Whetstone"}],"event_choices":[{"damage_healed":0,"gold_gain":0,"player_choice":"Lose Max HP","damage_taken":0,"relics_obtained":["Golden Idol"],"max_hp_gain":0,"max_hp_loss":6,"event_name":"Golden Idol","floor":3,"gold_loss":0},{"damage_healed":0,"gold_gain":0,"player_choice":"Upgraded","damage_taken":0,"max_hp_gain":0,"max_hp_loss":0,"event_name":"Upgrade Shrine","floor":11,"gold_loss":0,"cards_upgraded":["Crippling Poison"]}],"is_beta":false,"boss_relics":[{"not_picked":["WristBlade","Velvet Choker"],"picked":"SlaversCollar"}],"items_purged_floors":[20],"is_endless":false,"potions_floor_spawned":[2,14,16,21,22],"killed_by":"Shelled Parasite and Fungi","ascension_level":20}}