{"host":"7e6a7vfmtx61a48y","time":1613490183,"event":{"mods":["BaseMod","Better Note","BetterRewards","Block Reminder","Colored Powertips","Curses Come First","Gremlin Skip","Hubris","Minty Spire (QoL Compilation)","Quick Restart","Rare Cards Sparkle","Reliquary","StSLib","SuperFastMode"],"gold_per_floor":[110,128,140,153,153,153,153,183,183,183,195,213,213,241,241,340,340,358,273,273,273,288,288,304,304,304],"floor_reached":25,"language":"ENG","playtime":843,"items_purged":[],"score":341,"play_id":"08dc9724-6c56-4fbc-a6e8-fbba797e4807","local_time":"20210216234303","is_ascension_mode":true,"campfire_choices":[{"floor":6,"key":"REST"},{"data":"Bash","floor":10,"key":"SMITH"},{"data":"Pommel Strike","floor":13,"key":"SMITH"},{"floor":15,"key":"REST"},{"floor":23,"key":"REST"}],"circlet_count":0,"master_deck":["AscendersBane","Strike_R","Strike_R","Strike_R+1","Defend_R","Defend_R","Defend_R","Defend_R","Bash+1","Cleave+1","Flex+1","Pommel Strike+1","Anger+1","Wild Strike+1","Shrug It Off","Fire Breathing","Iron Wave","Heavy Blade"],"relics":["Burning Blood","Regal Pillow","hubris:Metronome","reliquary:Vitrine","Matryoshka","Empty Cage","Prayer Wheel"],"acts_visited":["Exordium","TheCity"],"potions_floor_usage":[8,8,12,16,25],"damage_taken":[{"damage":1,"enemies":"Cultist","floor":1,"turns":3},{"damage":6,"enemies":"2 Louse","floor":2,"turns":2},{"damage":10,"enemies":"Small Slimes","floor":3,"turns":3},{"damage":17,"enemies":"3 Louse","floor":4,"turns":3},{"damage":20,"enemies":"3 Sentries","floor":8,"turns":5},{"damage":11,"enemies":"Looter","floor":11,"turns":2},{"damage":7,"enemies":"Red Slaver","floor":12,"turns":2},{"damage":25,"enemies":"Lagavulin","floor":14,"turns":4},{"damage":74,"enemies":"The Guardian","floor":16,"turns":14},{"damage":9,"enemies":"Chosen","floor":18,"turns":4},{"damage":28,"enemies":"2 Thieves","floor":22,"turns":4},{"damage":45,"enemies":"Cultist and Chosen","floor":24,"turns":6},{"damage":41,"enemies":"Gremlin Leader","floor":25,"turns":5}],"seed_played":"-4646239027972604543","potions_obtained":[{"floor":3,"key":"EntropicBrew"},{"floor":8,"key":"FairyPotion"},{"floor":11,"key":"Dexterity Potion"},{"floor":12,"key":"Explosive Potion"},{"floor":24,"key":"BloodPotion"}],"is_trial":false,"path_per_floor":["M","M","M","M","?","R","?","E","T","R","M","M","R","E","R","B",null,"M","?","?","?","M","R","M","E"],"character_chosen":"IRONCLAD","items_purchased":[],"campfire_rested":3,"item_purchase_floors":[],"current_hp_per_floor":[77,77,73,62,46,80,80,66,66,66,61,60,60,41,80,12,63,60,60,60,60,38,77,38,13,13],"gold":304,"neow_bonus":"RANDOM_COMMON_RELIC","is_daily":false,"chose_seed":false,"campfire_upgraded":2,"win_rate":0.0,"timestamp":1613490183,"path_taken":["M","M","M","M","?","R","?","E","T","R","M","M","R","E","R","BOSS","M","?","?","?","M","R","M","E"],"items_purchased_type":[],"build_version":"2020-12-22","purchased_purges":0,"victory":false,"max_hp_per_floor":[80,80,80,80,80,80,80,80,80,80,80,80,80,80,80,80,80,80,80,80,80,80,80,80,80,80],"card_choices":[{"not_picked":["Pommel Strike","Twin Strike"],"picked":"Cleave","floor":1},{"not_picked":["Heavy Blade","Warcry","Wild Strike"],"picked":"SKIP","floor":2},{"not_picked":["Thunderclap","Feel No Pain"],"picked":"Flex","floor":3},{"not_picked":["Seeing Red","Perfected Strike"],"picked":"Pommel Strike","floor":4},{"not_picked":["Flex","Second Wind"],"picked":"Body Slam","floor":8},{"not_picked":["Blood for Blood","Heavy Blade"],"picked":"Anger","floor":11},{"not_picked":["Corruption","Seeing Red","Clothesline"],"picked":"SKIP","floor":12},{"not_picked":["Clothesline","hubris:ReadiedAction","Thunderclap"],"picked":"SKIP","floor":14},{"not_picked":["Ghostly Armor","Perfected Strike"],"picked":"Wild Strike+1","floor":18},{"not_picked":["Headbutt","Warcry"],"picked":"Shrug It Off","floor":22},{"not_picked":["Fire Breathing","Sword Boomerang","Shockwave"],"picked":"SKIP","floor":22},{"not_picked":["Sword Boomerang","Shockwave"],"picked":"Fire Breathing","floor":22},{"not_picked":["Heavy Blade","Anger"],"picked":"Iron Wave","floor":24},{"not_picked":["Warcry","Thunderclap"],"picked":"Heavy Blade","floor":24}],"player_experience":360181,"relics_obtained":[{"floor":8,"key":"hubris:Metronome"},{"floor":9,"key":"reliquary:Vitrine"},{"floor":14,"key":"Matryoshka"}],"event_choices":[{"damage_healed":0,"gold_gain":0,"player_choice":"Entered Light","damage_taken":16,"max_hp_gain":0,"max_hp_loss":0,"event_name":"Shining Light","floor":5,"gold_loss":0,"cards_upgraded":["Cleave","Flex"]},{"damage_healed":0,"gold_gain":0,"player_choice":"Ignored","damage_taken":0,"max_hp_gain":0,"max_hp_loss":0,"event_name":"Liars Game","floor":7,"gold_loss":0},{"damage_healed":0,"gold_gain":0,"player_choice":"Obtained Relic","damage_taken":0,"relics_obtained":["Prayer Wheel"],"max_hp_gain":0,"max_hp_loss":0,"event_name":"Addict","floor":19,"gold_loss":85},{"damage_healed":0,"gold_gain":0,"player_choice":"Forge","damage_taken":0,"max_hp_gain":0,"max_hp_loss":0,"event_name":"Accursed Blacksmith","floor":21,"gold_loss":0,"cards_upgraded":["Strike_R"]}],"is_beta":false,"boss_relics":[{"not_picked":["Mark of Pain","Runic Cube"],"picked":"Empty Cage"}],"items_purged_floors":[],"is_endless":false,"potions_floor_spawned":[3,8,11,12,24],"killed_by":"Gremlin Leader","ascension_level":12}}