{"host":"rbccvrvdyhsypb23","time":1613514516,"event":{"mods":["AchievementEnabler","Act Like it!","Arknights","Aspiration","BaseMod","Better Third Choice","BetterRewards","Fox Events","Friendly Minions","Gensokyo","Hubris","Infinite Spire","Ironclad Rager","KomeijiMod","Minty Spire (QoL Compilation)","Replay The Spire","Shade Mod","StSLib","The Blackbeard","The Marked","The Mystic","Wandering Minibosses"],"gold_per_floor":[119,135,161,161,85,121,215,230,307,235,235,268,292,315,315,444,521,591,609,609,609,634,674,693,733,810,1035,1074,954,974,820,820,960,1037,1065,1065,1098,1124,1201,1201,1301,1301,1378,1378,1416,1440,1480,1480,1530,1558],"floor_reached":51,"language":"ENG","playtime":2429,"items_purged":[],"score":1796,"play_id":"52eba1fe-2566-49ae-9193-79c982d93ceb","local_time":"20210217012836","is_ascension_mode":true,"campfire_choices":[{"data":"hubris:SpecializedCircuitry","floor":15,"key":"SMITH"},{"data":"Capacitor","floor":15,"key":"SMITH"},{"data":"Pot Of Greed","floor":32,"key":"SMITH"},{"data":"Pot Of Greed","floor":32,"key":"SMITH"},{"data":"Pot Of Greed","floor":40,"key":"SMITH"},{"data":"Storm","floor":40,"key":"SMITH"},{"data":"Zap","floor":42,"key":"SMITH"},{"data":"Dualcast","floor":42,"key":"SMITH"},{"data":"Turbo","floor":44,"key":"SMITH"},{"data":"Storm","floor":44,"key":"SMITH"},{"data":"Genetic Algorithm","floor":49,"key":"PURGE"}],"circlet_count":3,"master_deck":["Strike_B+1","Strike_B","Strike_B","Strike_B","Defend_B","Defend_B","Defend_B","Defend_B","Zap+1","Dualcast+1","Capacitor+1","Pot Of Greed","FIFO Queue+1","Pot Of Greed+1","ReplayTheSpireMod:Private Reserves","Gash","Heatsinks+1","Storm+1","Capacitor+1","Crystallizer+1","Self Repair","Core Surge+1","hubris:SpecializedCircuitry+1","hubris:PowerSurge","Heatsinks","Pot Of Greed+1","Heatsinks","Meteor Strike+1","Heatsinks","Storm","Self Repair","Defragment","Heatsinks","hubris:PowerSurge","FIFO Queue","hubris:PowerSurge","Storm","Biased Cognition","Pot Of Greed+1","Defragment","Replay:Dark Deal","Storm+1","Thunder Strike","Turbo+1","Fission+1"],"relics":["Cracked Core","hubris:MobiusCoin","hubris:CuriousFeather","Chemical X","Centennial Puzzle","Dream Catcher","Orichalcum","hubris:EmptyBottle","FossilizedHelix","Raider\u0027s Mask","Replay:Bottled Flurry","hubris:Metronome","infinitespire:Golems Mask","Happy Flower","HandDrill","hubris:64BitClover","Grinning Jar","hubris:TenFootPole","Durian","Bronze Scales","Solar Panel","TheAbacus","hubris:Potato","Gremlin Horn","CaptainsWheel","Replay:Multitool","Pocketwatch","Membership Card","Quantum Egg","hubris:DeckOfHolding","Potion Belt","Toolbox","Replay:Towering Pillar of Hats","Sundial","Guide Book","Runic Capacitor","infinitespire:Beetle Shell","ReplayTheSpireMod:Ninjato","infinitespire:Magic Flask","Replay:Frozen Program","TungstenRod","Blue Candle","hubris:AstralHammer","StrikeDummy","hubris:CrystalStatue","Ginger","OrangePellets","KyoryuNoHagoromo","hubris:MedicalManual","Oddly Smooth Stone","Omamori","infinitespire:CursedDice","Blood Vial","Du-Vu Doll","Dead Branch","infinitespire:Joker Card","ClockworkSouvenir","hubris:GlazedTorus","hubris:Zylophone","aspiration:TomeofQuesting","Incense Burner","Kunai","Girya","ReplayFunnel","hubris:BundleOfHerbs","aspiration:MysteriousAuxiliaryCore","aspiration:Lifesprig","aspiration:AnachronicSnailShell","Ice Cream","PreservedInsect","Pondfish Scales","aspiration:HatOfInfinitePower","WingedGreaves","Lizard Tail","hubris:ToyBattleship","ReplayTheSpireMod:ShopPack","Prayer Wheel","Medical Kit","Turnip","hubris:Teleporter","Gambling Chip","Counterbalance","NitorisBag","Bird Faced Urn","Pen Nib","Replay:Antivirus Software","hubris:FunFungus","Question Card","StoneCalendar","Replay:Baseball","Thread and Needle","Shovel","Mummified Hand","infinitespire:PuzzleCube","Replay:PocketPolymizer","Unceasing Top","Torii","hubris:SoftwareUpdate","Calipers","Bottled Flame","ShirouKen","infinitespire:Lychee Nut","Nunchaku","Replay:Kaleidoscope","Lee\u0027s Waffle","Meat on the Bone","Replay:Arrowhead","infinitespire:SolderingIron","Emotion Chip","hubris:SphereOfDissonance","aspiration:DSix","foxEvents:LuckyCharm","Golden Idol","DataDisk","Replay:Mystery Machine","Mango","infinitespire:Freezer","HoshigumaDish","hubris:MysteriousPyramids","Circlet","Tiny Chest","Toxic Egg 2","Strawberry","infinitespire:Midas Blood","Replay:Bandana","Strange Spoon","Replay:Bronze Core","Juzu Bracelet","Bag of Marbles","Toy Ornithopter","aspiration:EnhancedActuators","infinitespire:FocusingShard","Whetstone"],"acts_visited":["Exordium","TheCity","TheBeyond"],"potions_floor_usage":[],"damage_taken":[{"damage":0,"enemies":"Cultist","floor":1,"turns":1},{"damage":0,"enemies":"Small Slimes","floor":2,"turns":1},{"damage":0,"enemies":"Colosseum Slavers","floor":3,"turns":1},{"damage":0,"enemies":"3 Sentries","floor":6,"turns":1},{"damage":0,"enemies":"Gremlin Nob","floor":7,"turns":1},{"damage":0,"enemies":"2 Louse","floor":8,"turns":1},{"damage":0,"enemies":"Lagavulin","floor":12,"turns":1},{"damage":0,"enemies":"Red Slaver","floor":13,"turns":1},{"damage":0,"enemies":"Gremlin Gang","floor":14,"turns":1},{"damage":0,"enemies":"Slime Boss","floor":16,"turns":2},{"damage":0,"enemies":"3 Byrds","floor":18,"turns":1},{"damage":0,"enemies":"2 Thieves","floor":19,"turns":1},{"damage":0,"enemies":"Cultist and Chosen","floor":22,"turns":1},{"damage":0,"enemies":"Gremlin Leader","floor":23,"turns":1},{"damage":0,"enemies":"Shelled Parasite and Fungi","floor":24,"turns":1},{"damage":0,"enemies":"Slavers","floor":25,"turns":1},{"damage":0,"enemies":"Colosseum Slavers","floor":27,"turns":2},{"damage":0,"enemies":"Colosseum Nobs","floor":27,"turns":1},{"damage":0,"enemies":"Book of Stabbing","floor":28,"turns":1},{"damage":0,"enemies":"Snake Plant","floor":30,"turns":1},{"damage":0,"enemies":"Collector","floor":33,"turns":1},{"damage":0,"enemies":"3 Shapes","floor":35,"turns":1},{"damage":0,"enemies":"3 Darklings","floor":37,"turns":1},{"damage":0,"enemies":"Sphere and 2 Shapes","floor":38,"turns":1},{"damage":0,"enemies":"R_Hoarder","floor":45,"turns":2},{"damage":0,"enemies":"Writhing Mass","floor":46,"turns":1},{"damage":0,"enemies":"Nemesis","floor":47,"turns":1},{"damage":0,"enemies":"infinitespire:MassOfShapes","floor":50,"turns":1}],"seed_played":"851854191895176902","potions_obtained":[{"floor":1,"key":"Swift Potion"},{"floor":13,"key":"SteroidPotion"},{"floor":14,"key":"PowerPotion"},{"floor":23,"key":"infinitespire:BlackPotion"},{"floor":38,"key":"Explosive Potion"}],"is_trial":false,"path_per_floor":["M","M","?","?","$","E","E","M","T","$","?","E","M","M","R","B",null,"M","M","?","?","M","E","M","E","T","?","E","$","M","$","R","B",null,"M","?","M","M","T","R","T","R","T","R","E","M","E","?","R","B",null],"character_chosen":"DEFECT","items_purchased":["hubris:MobiusCoin","Chemical X","Centennial Puzzle","Dream Catcher","Orichalcum","hubris:EmptyBottle","Raider\u0027s Mask","Replay:Bottled Flurry","hubris:Metronome","Happy Flower","HandDrill","Capacitor","Grinning Jar","hubris:TenFootPole","Bronze Scales","Solar Panel","TheAbacus","Gremlin Horn","Replay:Multitool","FIFO Queue","Membership Card","ReplayTheSpireMod:Private Reserves","Quantum Egg","hubris:DeckOfHolding","Potion Belt","Toolbox","Gash","Sundial","Guide Book","Heatsinks+1","Storm","Runic Capacitor","infinitespire:Beetle Shell","ReplayTheSpireMod:Ninjato","Replay:Frozen Program","TungstenRod","Blue Candle","Capacitor","Crystallizer+1","StrikeDummy","hubris:CrystalStatue","Genetic Algorithm","OrangePellets","KyoryuNoHagoromo","Self Repair","Core Surge+1","Oddly Smooth Stone","Omamori","hubris:SpecializedCircuitry","Blood Vial","Du-Vu Doll","hubris:PowerSurge","infinitespire:Joker Card","ClockworkSouvenir","Heatsinks","Heatsinks","aspiration:TomeofQuesting","Incense Burner","Kunai","Meteor Strike","ReplayFunnel","Heatsinks","aspiration:MysteriousAuxiliaryCore","aspiration:Lifesprig","Storm","Ice Cream","PreservedInsect","aspiration:HatOfInfinitePower","Lizard Tail","Self Repair","hubris:ToyBattleship","ReplayTheSpireMod:ShopPack","Defragment","Medical Kit","Turnip","Gambling Chip","Counterbalance","NitorisBag","Heatsinks","hubris:PowerSurge","Pen Nib","Replay:Antivirus Software","Question Card","Replay:Baseball","Thread and Needle","Mummified Hand","infinitespire:PuzzleCube","Unceasing Top","FIFO Queue","hubris:SoftwareUpdate","Calipers","hubris:PowerSurge","Bottled Flame","ShirouKen","Storm","Nunchaku","Lee\u0027s Waffle","Meat on the Bone","infinitespire:SolderingIron","Biased Cognition","Defragment","hubris:SphereOfDissonance","DataDisk","infinitespire:Freezer","infinitespire:Midas Blood","Replay:Bandana","Strange Spoon"],"campfire_rested":0,"item_purchase_floors":[0,0,0,0,0,0,0,0,0,0,0,0,0,0,0,0,0,0,0,0,0,0,0,0,0,0,0,0,0,0,0,0,0,0,0,0,0,0,0,0,0,0,0,0,0,0,0,0,0,0,0,0,0,0,0,0,0,0,0,0,0,0,0,0,0,0,0,0,0,0,0,0,0,0,0,0,0,0,0,0,0,0,0,0,0,0,0,0,0,0,0,0,0,0,0,0,0,0,0,0,0,0,5,10,29,31,31],"current_hp_per_floor":[67,67,67,60,60,67,81,81,81,81,91,91,91,91,91,91,91,91,91,91,91,91,91,91,91,91,91,98,98,98,98,98,98,98,98,98,98,98,98,98,98,98,98,98,98,98,98,98,98,98],"gold":1558,"neow_bonus":"","is_daily":false,"chose_seed":false,"campfire_upgraded":10,"win_rate":0.0,"timestamp":1613514516,"path_taken":["M","?","?","?","?","E","E","M","T","$","?","E","?","M","R","BOSS","M","?","?","?","M","E","M","E","T","?","E","$","M","?","R","BOSS","M","?","M","M","?","R","?","R","T","R","E","M","E","?","R","BOSS"],"items_purchased_type":["Relic","Relic","Relic","Relic","Relic","Relic","Relic","Relic","Relic","Relic","Relic","Card","Relic","Relic","Relic","Relic","Relic","Relic","Relic","Card","Relic","Card","Relic","Relic","Relic","Relic","Card","Relic","Relic","Card","Card","Relic","Relic","Relic","Relic","Relic","Relic","Card","Card","Relic","Relic","Card","Relic","Relic","Card","Card","Relic","Relic","Card","Relic","Relic","Card","Relic","Relic","Card","Card","Relic","Relic","Relic","Card","Relic","Card","Relic","Relic","Card","Relic","Relic","Relic","Relic","Card","Relic","Relic","Card","Relic","Relic","Relic","Relic","Relic","Card","Card","Relic","Relic","Relic","Relic","Relic","Relic","Relic","Relic","Card","Relic","Relic","Card","Relic","Relic","Card","Relic","Relic","Relic","Relic","Card","Card","Relic","Relic","Relic","Relic","Relic","Relic"],"build_version":"2020-12-22","purchased_purges":0,"victory":true,"max_hp_per_floor":[67,67,67,67,67,67,81,81,81,81,91,91,91,91,91,91,91,91,91,91,91,91,91,91,91,91,91,98,98,98,98,98,98,98,98,98,98,98,98,98,98,98,98,98,98,98,98,98,98,98],"card_choices":[{"not_picked":["ReplayUltimateDefense","Violence","Transmutation"],"picked":"Replay:Dark Deal","floor":0},{"not_picked":["PanicButton","Replay:Parry","Panacea"],"picked":"Secret Technique","floor":0},{"not_picked":["Coolheaded","Recycle","Doom and Gloom","Lockon"],"picked":"SKIP","floor":1},{"not_picked":["Core Surge","Steam","Genetic Algorithm","Hologram"],"picked":"SKIP","floor":1},{"not_picked":["Redo","Go for the Eyes","BasicCrystalCard","Streamline"],"picked":"SKIP","floor":2},{"not_picked":["Streamline","Conserve Battery","Time Bomb","Coolheaded"],"picked":"SKIP","floor":2},{"not_picked":["Streamline","Coolheaded","Rebound","Core Surge"],"picked":"SKIP","floor":6},{"not_picked":["Coolheaded","Turbo","Compile Driver"],"picked":"Storm","floor":7},{"not_picked":["Steam","Gash","Barrage","Reprogram"],"picked":"SKIP","floor":8},{"not_picked":["Steam","Genetic Algorithm","Conserve Battery","Turbo"],"picked":"SKIP","floor":8},{"not_picked":["Rebound","Panic Button","Ball Lightning","Cold Snap"],"picked":"SKIP","floor":12},{"not_picked":["Gash","BasicCrystalCard","Reinforced Body","Turbo"],"picked":"SKIP","floor":13},{"not_picked":["Turbo","Streamline","Sunder","BasicCrystalCard"],"picked":"SKIP","floor":13},{"not_picked":["Core Surge","Stack","Reinforced Body","Steam"],"picked":"SKIP","floor":14},{"not_picked":["Barrage","Compile Driver","Cold Snap","BootSequence"],"picked":"SKIP","floor":14},{"not_picked":["ReplayTheSpireMod:Omega Cannon","Mirror Shield","Creative AI"],"picked":"Thunder Strike","floor":16},{"not_picked":["Consume+1","Hologram","hubris:Ukulele","Streamline"],"picked":"SKIP","floor":18},{"not_picked":["Panic Button","Compile Driver+1","Redo","ReplayTheSpireMod:GoodbyeWorld"],"picked":"SKIP","floor":18},{"not_picked":["Go for the Eyes","Barrage+1","Redo"],"picked":"Turbo","floor":19},{"not_picked":["Coolheaded","Steam+1","Conserve Battery","Sweeping Beam+1"],"picked":"SKIP","floor":19},{"not_picked":["Double Energy+1","Doom and Gloom","Capacitor","BasicCrystalCard"],"picked":"SKIP","floor":22},{"not_picked":["Chill","Streamline","Stack","FTL"],"picked":"SKIP","floor":22},{"not_picked":["FTL","Heatsinks","hubris:Ukulele","Auto Shields"],"picked":"SKIP","floor":23},{"not_picked":["Gash+1","Turbo+1","Coolheaded","Sweeping Beam+1"],"picked":"SKIP","floor":24},{"not_picked":["Cold Snap","Barrage","Biased Cognition","Storm"],"picked":"SKIP","floor":24},{"not_picked":["ReplaySort","Defragment","Hello World","Blizzard"],"picked":"SKIP","floor":25},{"not_picked":["Panic Button+1","Conserve Battery+1","ReplayTheSpireMod:Calculation Training+1","Time Bomb+1"],"picked":"SKIP","floor":28},{"not_picked":["Streamline","Melter","Panic Button+1","Go for the Eyes"],"picked":"SKIP","floor":30},{"not_picked":["Scrape","Genetic Algorithm+1","Conserve Battery+1","Go for the Eyes"],"picked":"SKIP","floor":30},{"not_picked":["Rainbow+1","hubris:DoWhile+1","Reboot+1"],"picked":"Fission+1","floor":33},{"not_picked":["Blizzard+1","Reprogram+1","Conserve Battery+1","Go for the Eyes"],"picked":"SKIP","floor":35},{"not_picked":["Redo+1","ReplayTheSpireMod:Calculation Training+1","Coolheaded+1","Hologram+1"],"picked":"SKIP","floor":35},{"not_picked":["ReplayTheSpireMod:Reroute Power+1","Barrage","Self Repair","Turbo+1"],"picked":"SKIP","floor":37},{"not_picked":["Rebound+1","Panic Button+1","Recycle+1","Turbo+1"],"picked":"SKIP","floor":37},{"not_picked":["Beam Cell+1","Reprogram+1","Stack+1","Barrage"],"picked":"SKIP","floor":38},{"not_picked":["Melter","Compile Driver","White Noise+1","Heatsinks+1"],"picked":"SKIP","floor":38},{"not_picked":["Double Energy+1","Thunder Strike","Glacier+1","Aggregate+1"],"picked":"SKIP","floor":45},{"not_picked":["Leap+1","Turbo+1","Panic Button+1","Undo+1"],"picked":"SKIP","floor":46},{"not_picked":["Gash+1","Streamline","Hologram+1","Aggregate+1"],"picked":"SKIP","floor":46},{"not_picked":["Gash","Redo+1","Conserve Battery+1","hubris:Ukulele+1"],"picked":"SKIP","floor":47}],"player_experience":618247,"relics_obtained":[{"floor":3,"key":"foxEvents:LuckyCharm"},{"floor":6,"key":"Replay:Mystery Machine"},{"floor":7,"key":"Mango"},{"floor":12,"key":"HoshigumaDish"},{"floor":18,"key":"hubris:MysteriousPyramids"},{"floor":23,"key":"Circlet"},{"floor":25,"key":"Tiny Chest"},{"floor":26,"key":"Circlet"},{"floor":27,"key":"Circlet"},{"floor":27,"key":"Toxic Egg 2"},{"floor":28,"key":"Strawberry"},{"floor":36,"key":"Juzu Bracelet"},{"floor":37,"key":"Bag of Marbles"},{"floor":39,"key":"Toy Ornithopter"},{"floor":41,"key":"aspiration:EnhancedActuators"},{"floor":45,"key":"infinitespire:FocusingShard"},{"floor":47,"key":"Whetstone"}],"event_choices":[{"damage_healed":0,"gold_gain":0,"player_choice":"Take Damage","damage_taken":16,"relics_obtained":["Golden Idol"],"max_hp_gain":0,"max_hp_loss":0,"event_name":"Golden Idol","floor":4,"gold_loss":0},{"cards_removed":["Secret Technique"],"damage_healed":0,"gold_gain":0,"player_choice":"Offered Rare","damage_taken":0,"max_hp_gain":10,"max_hp_loss":0,"event_name":"Bonfire Elementals","floor":11,"gold_loss":0},{"damage_healed":0,"gold_gain":0,"player_choice":"Adaptability","damage_taken":0,"max_hp_gain":0,"max_hp_loss":0,"event_name":"betterThird:BetterWriting","floor":20,"gold_loss":0},{"damage_healed":0,"gold_gain":0,"player_choice":"Fight","damage_taken":0,"max_hp_gain":0,"max_hp_loss":0,"event_name":"Colosseum","floor":27,"gold_loss":0},{"damage_healed":0,"gold_gain":0,"player_choice":"Fought Nobs","damage_taken":0,"max_hp_gain":0,"max_hp_loss":0,"event_name":"Colosseum","floor":27,"gold_loss":0},{"damage_healed":0,"gold_gain":0,"player_choice":"Relic","damage_taken":0,"max_hp_gain":0,"max_hp_loss":0,"event_name":"Wheel of Change","floor":36,"gold_loss":0}],"is_beta":false,"boss_relics":[{"not_picked":["Velvet Choker","Replay:Ancient Bell","Calling Bell"]},{"not_picked":["SacredBark","Replay:Drink Me"],"picked":"Replay:Bronze Core"}],"items_purged_floors":[],"is_endless":false,"potions_floor_spawned":[1,7,13,14,19,23,24,30,35,38,46],"ascension_level":2}}