{"host":"tr0r177cvmpvg89h","time":1613500996,"event":{"mods":["BaseMod","Colored Map","DeckTracker","Minty Spire (QoL Compilation)","StSLib","SuperFastMode"],"gold_per_floor":[19,19,32,45,58,92,107,107,133,151,151,170,170,186,186,286,336,349,368,368,368,146,146,146],"floor_reached":23,"language":"KOR","playtime":1494,"items_purged":["Writhe"],"score":195,"play_id":"d25aedb7-f5ae-4575-a656-93505da1a179","local_time":"20210217034316","is_ascension_mode":false,"campfire_choices":[{"data":"Entrench","floor":8,"key":"SMITH"},{"data":"Infernal Blade","floor":11,"key":"SMITH"},{"data":"Shockwave","floor":13,"key":"SMITH"},{"data":"Blood for Blood","floor":15,"key":"SMITH"}],"circlet_count":0,"master_deck":["Strike_R+1","Strike_R","Strike_R+1","Defend_R","Defend_R","Defend_R","Bash","Body Slam+1","Shockwave+1","Shrug It Off","Iron Wave+1","Entrench+1","Infernal Blade+1","Spot Weakness","Headbutt","Blood for Blood+1","Limit Break","Inflame","Bloodletting","Disarm+1"],"relics":["Burning Blood","Centennial Puzzle","Whetstone","Tiny House","Juzu Bracelet","PrismaticShard"],"acts_visited":["Exordium","TheCity"],"potions_floor_usage":[23,23],"damage_taken":[{"damage":9,"enemies":"Small Slimes","floor":1,"turns":3},{"damage":11,"enemies":"2 Louse","floor":3,"turns":3},{"damage":6,"enemies":"Jaw Worm","floor":4,"turns":3},{"damage":4,"enemies":"Blue Slaver","floor":5,"turns":4},{"damage":42,"enemies":"3 Sentries","floor":6,"turns":11},{"damage":3,"enemies":"2 Fungi Beasts","floor":7,"turns":3},{"damage":9,"enemies":"Exordium Thugs","floor":10,"turns":5},{"damage":10,"enemies":"Looter","floor":12,"turns":2},{"damage":2,"enemies":"3 Louse","floor":14,"turns":3},{"damage":43,"enemies":"The Guardian","floor":16,"turns":9},{"damage":0,"enemies":"Chosen","floor":18,"turns":4},{"damage":18,"enemies":"Shell Parasite","floor":19,"turns":5},{"damage":79,"enemies":"Gremlin Leader","floor":23,"turns":4}],"seed_played":"8992385573158418013","potions_obtained":[{"floor":4,"key":"GamblersBrew"},{"floor":6,"key":"Swift Potion"},{"floor":10,"key":"FairyPotion"},{"floor":16,"key":"Dexterity Potion"},{"floor":17,"key":"Strength Potion"},{"floor":18,"key":"Regen Potion"}],"is_trial":false,"path_per_floor":["M","?","M","M","M","E","M","R","T","M","R","M","R","M","R","B",null,"M","M","?","?","$","E"],"character_chosen":"IRONCLAD","items_purchased":["PrismaticShard"],"campfire_rested":0,"item_purchase_floors":[22],"current_hp_per_floor":[77,77,72,72,74,38,41,41,41,38,38,34,34,38,38,27,85,85,73,73,73,73,0,0],"gold":146,"neow_bonus":"REMOVE_TWO","is_daily":false,"chose_seed":false,"campfire_upgraded":4,"win_rate":0.0,"timestamp":1613500996,"path_taken":["M","?","M","M","M","E","M","R","T","M","R","M","R","M","R","BOSS","M","M","?","?","$","E"],"items_purchased_type":["Relic"],"build_version":"2020-12-22","purchased_purges":1,"victory":false,"max_hp_per_floor":[80,80,80,80,80,80,80,80,80,80,80,80,80,80,80,80,85,85,85,85,85,85,85,85],"card_choices":[{"not_picked":["Flex","Carnage"],"picked":"Body Slam","floor":1},{"not_picked":["Cleave","Perfected Strike"],"picked":"Shockwave","floor":3},{"not_picked":["Fire Breathing","Sword Boomerang"],"picked":"Shrug It Off","floor":4},{"not_picked":["Whirlwind","Dropkick"],"picked":"Iron Wave","floor":5},{"not_picked":["Thunderclap","Body Slam"],"picked":"Entrench","floor":6},{"not_picked":["Wild Strike","Clothesline"],"picked":"Infernal Blade","floor":7},{"not_picked":["Feel No Pain","Body Slam"],"picked":"Spot Weakness","floor":10},{"not_picked":["Bludgeon","Shrug It Off"],"picked":"Headbutt","floor":12},{"not_picked":["Whirlwind","Bloodletting"],"picked":"Blood for Blood","floor":14},{"not_picked":["Immolate","Corruption"],"picked":"Limit Break","floor":16},{"not_picked":["Warcry","Clash"],"picked":"Inflame","floor":17},{"not_picked":["Anger","Cleave"],"picked":"Bloodletting","floor":18},{"not_picked":["Shrug It Off","Thunderclap+1"],"picked":"Disarm+1","floor":19}],"player_experience":66960,"relics_obtained":[{"floor":6,"key":"Centennial Puzzle"},{"floor":9,"key":"Whetstone"}],"event_choices":[{"damage_healed":0,"gold_gain":0,"player_choice":"Grow","damage_taken":0,"max_hp_gain":0,"max_hp_loss":0,"event_name":"Living Wall","floor":2,"gold_loss":0,"cards_upgraded":["Body Slam"]},{"cards_removed":["Strike_R"],"damage_healed":0,"gold_gain":0,"player_choice":"Elegance","damage_taken":0,"max_hp_gain":0,"max_hp_loss":0,"event_name":"Back to Basics","floor":20,"gold_loss":0},{"damage_healed":0,"gold_gain":0,"player_choice":"Opened","damage_taken":0,"relics_obtained":["Juzu Bracelet"],"max_hp_gain":0,"max_hp_loss":0,"event_name":"The Mausoleum","floor":21,"gold_loss":0,"cards_obtained":["Writhe"]}],"is_beta":false,"boss_relics":[{"not_picked":["Fusion Hammer","Mark of Pain"],"picked":"Tiny House"}],"items_purged_floors":[22],"is_endless":false,"potions_floor_spawned":[4,6,10,14,16,18],"killed_by":"Gremlin Leader","ascension_level":0}}