{"host":"q57ekfojy3i00x9o","time":1613488576,"event":{"mods":["Act Like it!","Arknights","Aspiration","BaseMod","Colored Map","Energized Spire","Hermit","Minty Spire (QoL Compilation)","Quick Restart","Spicy Shops","Spikes Relics","StSLib","slay the spire mod where everything is the same but ironclad has a cowboy hat"],"gold_per_floor":[117,117,40,40,53,53,97,97,123,123,144,183,183,199,199,329,329,329,174,174,174,174,174,218,218,218,253,266,282,282,39,39,169,169,184,184,58,391,27,27,57,57,57,70,70,70,83,108,108,108],"floor_reached":51,"language":"RUS","playtime":1231,"items_purged":[],"score":1230,"play_id":"aa25fd45-2094-4fb1-a989-7c31feef8567","local_time":"20210216201616","is_ascension_mode":true,"campfire_choices":[{"data":"Dramatic Entrance","floor":6.0,"key":"SMITH"},{"data":"ats:Roar Of Ursus","floor":8.0,"key":"SMITH"},{"data":"ats:Overload","floor":10.0,"key":"SMITH"},{"data":"ats:Closed Bolt Burst Fire","floor":15.0,"key":"SMITH"},{"floor":23,"key":"REST"},{"data":"ats:Automatic Cover","floor":25,"key":"SMITH"},{"data":"ats:Sashimi Platter","floor":30,"key":"SMITH"},{"data":"ats:Dogmatic Field","floor":32,"key":"SMITH"},{"data":"ats:Shadow Assault","floor":40,"key":"SMITH"},{"data":"ats:Beaten Up","floor":46,"key":"SMITH"},{"data":"ats:Assault Order","floor":49,"key":"SMITH"}],"circlet_count":0,"master_deck":["AscendersBane","ats:Strike C+1","ats:Strike G+1","ats:Strike S+1","ats:Strike V+1","ats:Armor Crushing Shot","ats:Defend+1","ats:Defend+1","ats:Defend+1","ats:Defend+1","ats:Emotion Absorption","ats:Closed Bolt Burst Fire","ats:Overload+1","Dramatic Entrance+1","ats:Roar Of Ursus+1","ats:Automatic Cover+1","ats:Closed Bolt Burst Fire+1","ats:Poison Spread","ats:Poison Spread","ats:Explosion Area Strengthen","ats:Hammer On","ats:Explosion Area Strengthen","ats:Sashimi Platter+1","ats:Rapid Magazine+1","ats:Sashimi Platter","ats:Dogmatic Field+1","ats:Red Shift","ats:Flexible Camouflage","ats:Assault Order+1","ats:Shadow Assault+1","ats:Part Time Job+1","ats:Counter Healing Mode","ats:Part Time Job","ats:Thorns","ats:Beaten Up+1","Doubt","Blind"],"relics":["ats:Sanity","NeowsBlessing","ats:Originium","Rawhide","Bronze Scales","aspiration:StickyExplosives_weak","Pantograph","Sandwich","ClockworkSouvenir","Vajra","Enchiridion","Darkstone Periapt","The Courier","Strawberry","Busted Crown","Membership Card","Lizard Tail","ats:Rhine Circuitry","SpikesRelics:ToyHorsey","SnailShell","Bag of Marbles","InkBottle"],"acts_visited":["Exordium","TheCity","TheBeyond"],"potions_floor_usage":[18,33,47,48,50,50],"damage_taken":[{"damage":0.0,"enemies":"2 Louse","floor":1.0,"turns":1.0},{"damage":0.0,"enemies":"Cultist","floor":5.0,"turns":1.0},{"damage":0.0,"enemies":"3 Sentries","floor":7.0,"turns":1.0},{"damage":3.0,"enemies":"Jaw Worm","floor":11.0,"turns":2.0},{"damage":26.0,"enemies":"Lagavulin","floor":12.0,"turns":4.0},{"damage":13.0,"enemies":"Large Slime","floor":14.0,"turns":3.0},{"damage":33.0,"enemies":"Hexaghost","floor":16.0,"turns":8.0},{"damage":0,"enemies":"2 Thieves","floor":18,"turns":1},{"damage":0,"enemies":"Gremlin Leader","floor":24,"turns":5},{"damage":48,"enemies":"Book of Stabbing","floor":27,"turns":5},{"damage":5,"enemies":"3 Byrds","floor":28,"turns":3},{"damage":19,"enemies":"Centurion and Healer","floor":29,"turns":2},{"damage":85,"enemies":"Collector","floor":33,"turns":10},{"damage":0,"enemies":"3 Darklings","floor":35,"turns":1},{"damage":50,"enemies":"Reptomancer","floor":41,"turns":4},{"damage":8,"enemies":"Orb Walker","floor":44,"turns":3},{"damage":10,"enemies":"Jaw Worm Horde","floor":47,"turns":2},{"damage":73,"enemies":"Giant Head","floor":48,"turns":7},{"damage":99,"enemies":"Donu and Deca","floor":50,"turns":6}],"seed_played":"1782585194448779019","potions_obtained":[{"floor":1.0,"key":"Weak Potion"},{"floor":7.0,"key":"GamblersBrew"},{"floor":14.0,"key":"SmokeBomb"},{"floor":29,"key":"Swift Potion"},{"floor":33,"key":"CultistPotion"},{"floor":44,"key":"AttackPotion"},{"floor":47,"key":"Explosive Potion"},{"floor":48,"key":"Fire Potion"}],"is_trial":false,"path_per_floor":["M","?","$","?","M","R","E","R","T","R","M","E","T","M","R","B",null,"M","$","?","?","?","R","E","R","T","E","M","M","R","$","R","B",null,"M","?","$","?","$","R","E","?","T","M","?","R","M","E","R","B",null],"character_chosen":"DOCTOR_CLASS","items_purchased":["ats:Overload","ClockworkSouvenir","ats:Dogmatic Field","ats:Red Shift","ats:Flexible Camouflage","ats:Assault Order","Membership Card","Lizard Tail","ats:Rhine Circuitry","SpikesRelics:ToyHorsey","ats:Counter Healing Mode","ats:Part Time Job","ats:Thorns"],"campfire_rested":1,"item_purchase_floors":[3,19,31,31,31,31,37,39,39,39,39,39,39],"current_hp_per_floor":[65,65,65,65,65,65,65,65,65,65,62,36,36,23,23,15,54,54,54,54,54,38,58,58,58,58,71,69,58,58,58,58,48,68,68,68,68,68,68,68,30,80,80,72,72,72,73,41,41,39],"gold":108,"neow_bonus":"THREE_ENEMY_KILL","is_daily":false,"chose_seed":false,"campfire_upgraded":10,"win_rate":0.0,"timestamp":1613488576,"path_taken":["M","?","$","?","M","R","E","R","T","R","?","E","?","M","R","BOSS","M","$","?","?","?","R","E","R","T","E","M","M","R","$","R","BOSS","M","?","$","?","$","R","E","?","T","M","?","R","M","E","R","BOSS"],"items_purchased_type":["Card","Relic","Card","Card","Card","Card","Relic","Relic","Relic","Relic","Card","Card","Card"],"build_version":"2020-12-22","purchased_purges":0,"victory":true,"max_hp_per_floor":[72,67,67,67,67,67,67,67,67,67,67,67,67,67,67,67,67,67,67,67,67,67,67,67,67,67,74,74,74,74,74,74,74,74,74,74,74,74,74,74,74,80,80,80,80,80,80,80,80,80],"card_choices":[{"not_picked":["ats:Healing Drone","ats:Soul Absorption"],"picked":"ats:Closed Bolt Burst Fire","floor":1.0},{"not_picked":["ats:Blood Oath","ats:Absolute Focus"],"picked":"ats:Closed Bolt Burst Fire","floor":5.0},{"not_picked":["ats:Guard Mode","ats:Absolute Focus"],"picked":"ats:Poison Spread","floor":7.0},{"not_picked":["ats:Soul Rend","ats:Burning Ground"],"picked":"ats:Poison Spread","floor":11.0},{"not_picked":["ats:Chain Hook","ats:Guard Mode"],"picked":"ats:Explosion Area Strengthen","floor":12.0},{"not_picked":["ats:Closed Bolt Burst Fire","ats:Assault Order"],"picked":"ats:Hammer On","floor":14.0},{"not_picked":["ats:Sunburst+1","ats:Steam Pump+1"],"picked":"ats:Explosion Area Strengthen","floor":24},{"not_picked":["ats:Support Order","ats:Counter Healing Mode"],"picked":"ats:Sashimi Platter","floor":27},{"not_picked":["ats:Powerful Strike","ats:Explosion Area Strengthen+1"],"picked":"ats:Rapid Magazine+1","floor":28},{"not_picked":["ats:Closed Bolt Burst Fire","ats:Spore Proliferation"],"picked":"ats:Sashimi Platter","floor":29},{"not_picked":["ats:Echo Reverb","ats:Roar Of Ursus"],"picked":"ats:Shadow Assault","floor":33},{"not_picked":[],"picked":"ats:Part Time Job+1","floor":35},{"not_picked":[],"picked":"ats:Beaten Up","floor":41},{"not_picked":["ats:Counter Healing Mode"],"picked":"SKIP","floor":44},{"not_picked":[],"picked":"Blind","floor":45},{"not_picked":["ats:Steam Pump+1"],"picked":"SKIP","floor":47},{"not_picked":["ats:Sunburst"],"picked":"SKIP","floor":48}],"player_experience":771484,"relics_obtained":[{"floor":7.0,"key":"ats:Originium"},{"floor":7.0,"key":"Rawhide"},{"floor":9.0,"key":"Bronze Scales"},{"floor":12.0,"key":"ats:Originium"},{"floor":12.0,"key":"aspiration:StickyExplosives_weak"},{"floor":13.0,"key":"Pantograph"},{"floor":22,"key":"Enchiridion"},{"floor":24,"key":"ats:Originium"},{"floor":24,"key":"Darkstone Periapt"},{"floor":26,"key":"The Courier"},{"floor":27,"key":"ats:Originium"},{"floor":27,"key":"Strawberry"},{"floor":41,"key":"SnailShell"},{"floor":43,"key":"Bag of Marbles"},{"floor":48,"key":"InkBottle"}],"event_choices":[{"damage_healed":0.0,"max_hp_gain":0.0,"max_hp_loss":5.0,"gold_gain":0.0,"event_name":"Golden Idol","player_choice":"Lose Max HP","floor":2.0,"gold_loss":0.0,"damage_taken":0.0,"relics_obtained":["Golden Idol"]},{"damage_healed":0.0,"max_hp_gain":0.0,"max_hp_loss":0.0,"gold_gain":0.0,"event_name":"Match and Keep!","player_choice":"3 cards matched","floor":4.0,"gold_loss":0.0,"damage_taken":0.0,"cards_obtained":["Dramatic Entrance","ats:Roar Of Ursus","ats:Automatic Cover"]},{"damage_healed":0,"gold_gain":0,"player_choice":"Simplicity","damage_taken":0,"max_hp_gain":0,"max_hp_loss":0,"event_name":"Back to Basics","floor":20,"gold_loss":0,"cards_upgraded":["ats:Strike C","ats:Strike G","ats:Strike S","ats:Strike V","ats:Defend","ats:Defend","ats:Defend","ats:Defend"]},{"damage_healed":0,"gold_gain":0,"player_choice":"Opened","damage_taken":0,"relics_obtained":["Vajra"],"max_hp_gain":0,"max_hp_loss":0,"event_name":"The Mausoleum","floor":21,"gold_loss":0},{"damage_healed":0,"gold_gain":0,"player_choice":"Obtained Book","damage_taken":16,"max_hp_gain":0,"max_hp_loss":0,"event_name":"Cursed Tome","floor":22,"gold_loss":0},{"damage_healed":0,"gold_gain":0,"player_choice":"Ignored","damage_taken":0,"max_hp_gain":0,"max_hp_loss":0,"event_name":"Tomb of Lord Red Mask","floor":36,"gold_loss":0},{"damage_healed":0,"gold_gain":333,"player_choice":"Gave Idol","damage_taken":0,"max_hp_gain":0,"max_hp_loss":0,"event_name":"The Moai Head","floor":38,"relics_lost":["Golden Idol"],"gold_loss":0},{"damage_healed":44,"gold_gain":0,"player_choice":"Heal","damage_taken":0,"max_hp_gain":0,"max_hp_loss":0,"event_name":"MindBloom","floor":42,"gold_loss":0,"cards_obtained":["Doubt"]},{"damage_healed":0,"gold_gain":0,"player_choice":"Memory 1","damage_taken":0,"max_hp_gain":0,"max_hp_loss":0,"event_name":"SensoryStone","floor":45,"gold_loss":0}],"is_beta":false,"boss_relics":[{"not_picked":["Coffee Dripper","aspiration:SecretTechniqueScroll"],"picked":"Sandwich"},{"not_picked":["energizedSpire:EnergizedDie","SacredBark"],"picked":"Busted Crown"}],"items_purged_floors":[],"is_endless":false,"potions_floor_spawned":[1,7,14,29,33,44,47,48],"ascension_level":11}}