{"host":"51qmnr9isyv85d0p","time":1613464299,"event":{"mods":["AchievementEnabler","BaseMod","Colored Map","Colored Powertips","Curses Come First","Downfall","Minty Spire (QoL Compilation)","Red Circlet Mod","Relic Stats","StSLib","TestMod"],"gold_per_floor":[99,99,11800,10721,10731,10731,10802,10819,10819,10819,10186,10200,10215,10227,10241,10340,10340,10340,10352,10370,10370,10381,9934,9934,9934,9934,9946,9946,9259,9259,9270,9288,9388,9388,9388,9407,9507,9555,9569,8650,8650,8650,8678,7821,7839,6842,5923,5937,5948,5948],"floor_reached":51,"language":"ZHS","playtime":2324,"items_purged":["bronze:Strike","bronze:Defend","bronze:Strike","bronze:Defend","bronze:Strike","bronze:Defend","bronze:Iterate","bronze:Goto"],"score":871,"play_id":"196cebcf-cc99-41a7-b6d1-966214579fb7","local_time":"20210216163139","is_ascension_mode":false,"campfire_choices":[{"data":"bronze:Replicate","floor":1,"key":"SMITH"},{"data":"bronze:RecursiveStrike","floor":9,"key":"SMITH"},{"data":"bronze:Strike","floor":18,"key":"SMITH"},{"data":"bronze:AlphaBuild","floor":26,"key":"SMITH"},{"data":"bronze:Allocate","floor":28,"key":"SMITH"},{"data":"bronze:GetLatest","floor":30,"key":"SMITH"},{"data":"bronze:MaxOutput","floor":35,"key":"SMITH"},{"data":"bronze:HardenedForm","floor":42,"key":"SMITH"}],"circlet_count":0,"master_deck":["bronze:Strike+1","bronze:Replicate+1","bronze:WhirlingStrike","bronze:Flail","bronze:Optimize","bronze:RecursiveStrike+1","bronze:Safeguard","bronze:MaxOutput+1","bronze:FollowUp","bronze:HardenedForm+1","bronze:GetLatest+1","bronze:Repair","bronze:AlphaBuild+1","bronze:MaxOutput+1","bronze:Allocate+1","testmod-BackupPower","bronze:ClassDefault+1","bronze:Verify+1","bronze:Break+1","bronze:FineTuning+1","Panache+1","bronze:Mutator+1"],"relics":["bronze:BronzeCore","testmod-TestBox","testmod-Alchemist","Bag of Marbles","testmod-Register","Bottled Flame","testmod-DragonStarHat","Bronze Scales","Dream Catcher","Medical Kit","SacredBark","Molten Egg 2","Juzu Bracelet","ClockworkSouvenir","Mercury Hourglass","Ancient Tea Set","Nunchaku","Frozen Egg 2","OrangePellets","testmod-Fanaticism","downfall:GremlinWheel","testmod-EqualTreatment","testmod-Antiphasic","Lantern","Strange Spoon","testmod-CrystalShield","bronze:SilverBullet","Question Card","Kunai","Toolbox","Incense Burner","bronze:CableSpool","TheAbacus","Girya","testmod-TurbochargingSystem","Guardian:BottledAnomaly"],"acts_visited":["Exordium","TheCity","TheBeyond"],"potions_floor_usage":[33,50],"damage_taken":[{"damage":1,"enemies":"Cultist","floor":3,"turns":3},{"damage":0,"enemies":"downfall:FleeingMerchant","floor":4,"turns":4},{"damage":0,"enemies":"2 Louse","floor":5,"turns":2},{"damage":0,"enemies":"Jaw Worm","floor":8,"turns":1},{"damage":5,"enemies":"downfall:FleeingMerchant","floor":11,"turns":4},{"damage":5,"enemies":"Exordium Thugs","floor":12,"turns":2},{"damage":0,"enemies":"Gremlin Gang","floor":13,"turns":1},{"damage":0,"enemies":"2 Fungi Beasts","floor":14,"turns":1},{"damage":0,"enemies":"3 Louse","floor":15,"turns":1},{"damage":0,"enemies":"SI_SHIV_ARCHETYPE","floor":16,"turns":4},{"damage":0,"enemies":"Shell Parasite","floor":19,"turns":1},{"damage":0,"enemies":"3 Byrds","floor":20,"turns":3},{"damage":0,"enemies":"Shelled Parasite and Fungi","floor":22,"turns":1},{"damage":9,"enemies":"downfall:FleeingMerchant","floor":23,"turns":2},{"damage":0,"enemies":"Centurion and Healer","floor":27,"turns":1},{"damage":0,"enemies":"3 Cultists","floor":31,"turns":1},{"damage":0,"enemies":"Snecko","floor":32,"turns":2},{"damage":37,"enemies":"DF_ARCHETYPE_CLAW","floor":33,"turns":7},{"damage":0,"enemies":"Orb Walker","floor":36,"turns":1},{"damage":0,"enemies":"Orb Walker","floor":37,"turns":1},{"damage":0,"enemies":"2 Orb Walkers","floor":38,"turns":2},{"damage":14,"enemies":"3 Shapes","floor":39,"turns":1},{"damage":0,"enemies":"Nemesis","floor":43,"turns":1},{"damage":0,"enemies":"Sphere and 2 Shapes","floor":45,"turns":1},{"damage":0,"enemies":"Spire Growth","floor":48,"turns":1},{"damage":0,"enemies":"Transient","floor":49,"turns":5},{"damage":0,"enemies":"WA_ARCHETYPE_DIVINITY","floor":50,"turns":4}],"seed_played":"9015454070972054233","potions_obtained":[{"floor":6,"key":"DistilledChaos"},{"floor":6,"key":"SteroidPotion"},{"floor":36,"key":"champ:CounterPotion"}],"is_trial":false,"path_per_floor":["R","?","M","$","M","?","T","M","R","?","$","M","M","M","M","B",null,"R","M","M","?","M","$","T","?","R","M","R","$","R","M","M","B",null,"R","M","?","?","M","$","T","R","E","$","M","?","$","M","M","B",null],"character_chosen":"THE_AUTOMATON","items_purchased":["Bag of Marbles","testmod-Register","DuplicationPotion","AttackPotion","Explosive Potion","bronze:Optimize","bronze:RecursiveStrike","Bottled Flame","bronze:Safeguard","Bronze Scales","Dream Catcher","Medical Kit","bronze:HardenedForm","Molten Egg 2","Juzu Bracelet","ClockworkSouvenir","testmod-BackupPower","Nunchaku","Frozen Egg 2","OrangePellets","testmod-Antiphasic","Lantern","Strange Spoon","Panache+1","CultistPotion","Question Card","Kunai","Toolbox","Incense Burner","bronze:CableSpool","TheAbacus","bronze:Mutator+1","Girya","testmod-TurbochargingSystem","Guardian:BottledAnomaly","bronze:CleanCodePotion"],"campfire_rested":0,"item_purchase_floors":[4,4,4,4,4,4,4,4,4,11,11,11,11,23,23,23,23,29,29,29,40,40,40,40,40,44,44,44,46,46,46,46,47,47,47,47],"current_hp_per_floor":[77,77,76,76,76,76,76,76,76,76,71,66,66,66,66,73,77,77,77,77,77,77,68,68,68,68,68,68,68,68,77,77,47,77,77,77,77,77,76,76,76,76,76,76,76,76,76,76,76,76],"gold":5948,"neow_bonus":"TEN_PERCENT_HP_BONUS","is_daily":false,"chose_seed":false,"campfire_upgraded":8,"win_rate":0.0,"timestamp":1613464299,"path_taken":["R","?","M","$","M","?","T","?","R","?","$","M","M","M","M","BOSS","R","M","M","?","?","$","T","?","R","M","R","$","R","M","M","BOSS","R","M","?","?","M","$","T","R","E","$","M","?","$","M","M","BOSS"],"items_purchased_type":["Relic","Relic","Potion","Potion","Potion","Card","Card","Relic","Card","Relic","Relic","Relic","Card","Relic","Relic","Relic","Card","Relic","Relic","Relic","Relic","Relic","Relic","Card","Potion","Relic","Relic","Relic","Relic","Relic","Relic","Card","Relic","Relic","Relic","Potion"],"build_version":"2020-12-22","purchased_purges":8,"victory":true,"max_hp_per_floor":[77,77,77,77,77,77,77,77,77,77,77,77,77,77,77,77,77,77,77,77,77,77,77,77,77,77,77,77,77,77,77,77,77,77,77,77,77,77,77,77,77,77,77,77,77,77,77,77,77,77],"relic_stats":{"counters":[27,57],"Juzu Bracelet":1,"Medical Kit":[7],"Question Card":3,"Mercury Hourglass":[87],"OrangePellets":[3],"Strange Spoon":[12],"Dream Catcher":0,"Nunchaku":[9],"TheAbacus":[0],"Bronze Scales":[71],"Kunai":[8],"obtain_stats":[{"Lantern":40,"bronze:BronzeCore":0,"SacredBark":17,"testmod-EqualTreatment":38,"Juzu Bracelet":23,"Incense Burner":46,"Ancient Tea Set":25,"ClockworkSouvenir":23,"bronze:CableSpool":46,"testmod-Fanaticism":34,"Dream Catcher":11,"Nunchaku":29,"testmod-CrystalShield":41,"testmod-Alchemist":0,"downfall:GremlinWheel":37,"TheAbacus":46,"Toolbox":44,"testmod-DragonStarHat":7,"Kunai":44,"Guardian:BottledAnomaly":47,"Girya":47,"testmod-TestBox":0,"testmod-Register":4,"testmod-TurbochargingSystem":47,"Frozen Egg 2":29,"Medical Kit":11,"Question Card":44,"Mercury Hourglass":24,"OrangePellets":29,"testmod-Antiphasic":40,"Strange Spoon":40,"Bottled Flame":4,"Bronze Scales":11,"Molten Egg 2":23,"Bag of Marbles":4,"bronze:SilverBullet":43},{"Lantern":22,"bronze:BronzeCore":0,"SacredBark":10,"testmod-EqualTreatment":21,"Juzu Bracelet":14,"Incense Burner":24,"Ancient Tea Set":14,"ClockworkSouvenir":14,"bronze:CableSpool":24,"testmod-Fanaticism":18,"Dream Catcher":5,"Nunchaku":15,"testmod-CrystalShield":22,"testmod-Alchemist":0,"downfall:GremlinWheel":20,"TheAbacus":24,"Toolbox":23,"testmod-DragonStarHat":3,"Kunai":23,"Guardian:BottledAnomaly":24,"Girya":24,"testmod-TestBox":0,"testmod-Register":2,"testmod-TurbochargingSystem":24,"Frozen Egg 2":15,"Medical Kit":5,"Question Card":23,"Mercury Hourglass":14,"OrangePellets":15,"testmod-Antiphasic":22,"Strange Spoon":22,"Bottled Flame":2,"Bronze Scales":5,"Molten Egg 2":14,"Bag of Marbles":2,"bronze:SilverBullet":23},{"Lantern":45,"bronze:BronzeCore":0,"SacredBark":23,"testmod-EqualTreatment":44,"Juzu Bracelet":30,"Incense Burner":47,"Ancient Tea Set":30,"ClockworkSouvenir":30,"bronze:CableSpool":47,"testmod-Fanaticism":41,"Dream Catcher":14,"Nunchaku":31,"testmod-CrystalShield":45,"testmod-Alchemist":0,"downfall:GremlinWheel":43,"TheAbacus":47,"Toolbox":46,"testmod-DragonStarHat":9,"Kunai":46,"Guardian:BottledAnomaly":47,"Girya":47,"testmod-TestBox":0,"testmod-Register":7,"testmod-TurbochargingSystem":47,"Frozen Egg 2":31,"Medical Kit":14,"Question Card":46,"Mercury Hourglass":30,"OrangePellets":31,"testmod-Antiphasic":45,"Strange Spoon":45,"Bottled Flame":7,"Bronze Scales":14,"Molten Egg 2":30,"Bag of Marbles":7,"bronze:SilverBullet":46}]},"card_choices":[{"not_picked":["bronze:Branch","bronze:BuggyMess"],"picked":"bronze:Iterate","floor":3},{"not_picked":["bronze:CutThrough","bronze:DelayedGuard"],"picked":"bronze:Flail","floor":4},{"not_picked":["bronze:Branch","bronze:BugBarrage","bronze:BuggyMess"],"picked":"SKIP","floor":5},{"not_picked":["bronze:BitShift","bronze:ForLoop"],"picked":"bronze:MaxOutput","floor":8},{"not_picked":["bronze:GetLatest","bronze:DelayedSlice"],"picked":"bronze:FollowUp","floor":11},{"not_picked":["bronze:FollowUp","bronze:Backtrace"],"picked":"bronze:GetLatest","floor":12},{"not_picked":["bronze:Turbo","bronze:NullPointer","bronze:Overheat"],"picked":"SKIP","floor":13},{"not_picked":["bronze:OilSpill","bronze:Invalidate","bronze:Safeguard"],"picked":"SKIP","floor":14},{"not_picked":["bronze:FineTuning","bronze:Return"],"picked":"bronze:Repair","floor":15},{"not_picked":["bronze:Mutator","bronze:RecursiveStrike"],"picked":"bronze:AlphaBuild","floor":16},{"not_picked":["bronze:Shield","bronze:DelayedGuard","bronze:Safeguard"],"picked":"SKIP","floor":19},{"not_picked":["bronze:ForLoop","bronze:DelayedGuard+1"],"picked":"bronze:MaxOutput+1","floor":20},{"not_picked":["bronze:Philosophize","bronze:BuggyMess","bronze:GetLatest"],"picked":"SKIP","floor":22},{"not_picked":["bronze:BurnOut","bronze:GetLatest"],"picked":"bronze:Allocate","floor":23},{"not_picked":["bronze:FineTuning+1","bronze:DelayedGuard","bronze:Iterate+1"],"picked":"SKIP","floor":27},{"not_picked":["bronze:BronzeArmor","bronze:CutThrough+1"],"picked":"bronze:ClassDefault+1","floor":31},{"not_picked":["bronze:Turbo+1","bronze:DelayedGuard"],"picked":"bronze:Verify+1","floor":32},{"not_picked":["bronze:ShipIt+1","bronze:HyperBeam+1"],"picked":"bronze:Break+1","floor":33},{"not_picked":["bronze:Shield","bronze:ForceShield","bronze:Flail+1"],"picked":"SKIP","floor":36},{"not_picked":["bronze:Safeguard+1","bronze:Frontload+1"],"picked":"bronze:FineTuning+1","floor":39},{"not_picked":["bronze:Verify+1","bronze:BuggyMess","bronze:BitShift+1"],"picked":"SKIP","floor":43},{"not_picked":["bronze:DigitalCarnage+1","bronze:ForLoop+1","bronze:ItsAFeature+1","bronze:Shield+1"],"picked":"SKIP","floor":45},{"not_picked":["bronze:Repair","bronze:FineTuning","bronze:Invalidate+1","bronze:ItsAFeature+1"],"picked":"SKIP","floor":48},{"not_picked":["bronze:ForLoop+1","bronze:Safeguard","bronze:CloningBeam+1","bronze:Invalidate"],"picked":"SKIP","floor":49}],"player_experience":79619,"relics_obtained":[{"floor":7,"key":"testmod-DragonStarHat"},{"floor":24,"key":"Mercury Hourglass"},{"floor":37,"key":"downfall:GremlinWheel"},{"floor":38,"key":"testmod-EqualTreatment"},{"floor":41,"key":"testmod-CrystalShield"},{"floor":43,"key":"bronze:SilverBullet"}],"event_choices":[{"damage_healed":0,"gold_gain":0,"player_choice":"Got Potions","damage_taken":0,"max_hp_gain":0,"max_hp_loss":0,"event_name":"Lab","floor":6,"gold_loss":0},{"damage_healed":0,"gold_gain":0,"player_choice":"Ignored","damage_taken":0,"max_hp_gain":0,"max_hp_loss":0,"event_name":"给自己的盒子","floor":10,"gold_loss":0},{"damage_healed":0,"gold_gain":0,"player_choice":"Fight","damage_taken":0,"max_hp_gain":0,"max_hp_loss":0,"event_name":"Mysterious Sphere","floor":38,"gold_loss":0}],"is_beta":false,"boss_relics":[{"not_picked":["testmod-KeyOfTheVoid","testmod-GoldenSoul"],"picked":"SacredBark"},{"not_picked":["Busted Crown","testmod-SaigiyounoYou"],"picked":"testmod-Fanaticism"}],"items_purged_floors":[4,11,23,29,40,44,46,47],"is_endless":false,"potions_floor_spawned":[12,14,15,16,22,27,32,36,39,43],"ascension_level":0}}