{"host":"3j2m8n0ywf988fwb","time":1613460797,"event":{"mods":["2.2 Compatiblity","AchievementEnabler","Act Like it!","BaseMod","Better Altar","Better Match","Better Note","Better Sensory Stone","Better Skull","Better Third Choice","Colored Map","Colored Powertips","Dark Map","Hallownest","HexUI Lib","Highlight Path","Marked Mod","Mimic Mod","Minty Spire (QoL Compilation)","Random Character Button","Relic Stats","Robot Space Explorer","Ruina","Shapeshifter Mod","Shop Mod","Somnambulant","StSLib","The Bug Knight","The Servant 0.9.4","Unceasing Turn Reminder","Weighted Paths","everything is the same but u backflip on backflip"],"gold_per_floor":[115,115,115,131,152,193,193,232,256,256,256,39,106,167,167,190,190],"floor_reached":16,"language":"ENG","playtime":1036,"items_purged":[],"score":106,"play_id":"ef023932-77b6-4ff0-93c8-2da514e6fe4b","local_time":"20210216013317","is_ascension_mode":false,"campfire_choices":[{"data":"StSShapeShifter:DiverseSpirit","floor":7,"key":"SMITH"},{"data":"StSShapeShifter:Spring","floor":10,"key":"SMITH"},{"floor":15,"key":"REST"}],"circlet_count":0,"master_deck":["StSShapeShifter:ShapeShifter_Strike","StSShapeShifter:ShapeShifter_Strike","StSShapeShifter:ShapeShifter_Strike","StSShapeShifter:ShapeShifter_Strike","StSShapeShifter:ShapeShifter_Strike","StSShapeShifter:ShapeShifter_Defend","StSShapeShifter:ShapeShifter_Defend+1","StSShapeShifter:ShapeShifter_Defend","StSShapeShifter:ShapeShifter_Defend","StSShapeShifter:ShapeShifter_Defend","StSShapeShifter:BloomingSlash","Injury","Enlightenment","StSShapeShifter:FlamingoForm+1","StSShapeShifter:DiverseSpirit+1","StSShapeShifter:Maul","StSShapeShifter:Spring+1","StSShapeShifter:StormGryphonForm+1","StSShapeShifter:FoxForm+1","StSShapeShifter:PoisonIvy"],"relics":["StSShapeShifter:AnimalHeart","StSShapeShifter:TheShapeShiftersMagnolia","Golden Idol","War Paint","StSShapeShifter:EmeraldPantherFigurine","Ancient Tea Set","StSShapeShifter:BeastkeepersGift"],"acts_visited":["Exordium"],"potions_floor_usage":[8,8,16],"damage_taken":[{"damage":5,"enemies":"Jaw Worm","floor":1,"turns":4},{"damage":1,"enemies":"2 Louse","floor":4,"turns":2},{"damage":6,"enemies":"Small Slimes","floor":5,"turns":4},{"damage":42,"enemies":"3 Sentries","floor":6,"turns":12},{"damage":38,"enemies":"Gremlin Nob","floor":8,"turns":6},{"damage":4,"enemies":"Red Slaver","floor":14,"turns":7},{"damage":32,"enemies":"The Guardian","floor":16,"turns":6}],"seed_played":"-8715154700395161470","potions_obtained":[{"floor":4,"key":"Weak Potion"},{"floor":6,"key":"SkillPotion"},{"floor":8,"key":"ColorlessPotion"}],"is_trial":false,"path_per_floor":["M","?","?","M","M","E","R","E","T","R","?","$","?","MIM","R","B"],"character_chosen":"SHAPESHIFTER","items_purchased":["StSShapeShifter:FoxForm","StSShapeShifter:BeastkeepersGift"],"campfire_rested":1,"item_purchase_floors":[12,12],"current_hp_per_floor":[80,80,80,79,73,31,31,17,17,17,9,9,9,5,30,0,0],"gold":190,"neow_bonus":"TEN_PERCENT_HP_BONUS","is_daily":false,"chose_seed":false,"campfire_upgraded":2,"win_rate":0.0,"timestamp":1613460797,"path_taken":["M","?","?","?","M","E","R","E","T","R","?","$","?","?","R","BOSS"],"items_purchased_type":["Card","Relic"],"build_version":"2020-12-22","purchased_purges":0,"victory":false,"max_hp_per_floor":[85,85,85,85,85,85,85,85,85,85,85,85,85,85,85,85,85],"relic_stats":{"counters":[7,41],"Golden Idol":31,"War Paint":["StSShapeShifter:ShapeShifter_Defend","StSShapeShifter:FlamingoForm"],"obtain_stats":[{"StSShapeShifter:TheShapeShiftersMagnolia":0,"StSShapeShifter:AnimalHeart":0,"Golden Idol":2,"War Paint":6,"StSShapeShifter:EmeraldPantherFigurine":8,"Ancient Tea Set":9,"StSShapeShifter:BeastkeepersGift":12},{"StSShapeShifter:TheShapeShiftersMagnolia":0,"StSShapeShifter:AnimalHeart":0,"Golden Idol":1,"War Paint":4,"StSShapeShifter:EmeraldPantherFigurine":5,"Ancient Tea Set":5,"StSShapeShifter:BeastkeepersGift":5},{"StSShapeShifter:TheShapeShiftersMagnolia":0,"StSShapeShifter:AnimalHeart":0,"Golden Idol":4,"War Paint":22,"StSShapeShifter:EmeraldPantherFigurine":28,"Ancient Tea Set":28,"StSShapeShifter:BeastkeepersGift":28}]},"card_choices":[{"not_picked":["StSShapeShifter:OakBlade","StSShapeShifter:Mystical_Branch"],"picked":"StSShapeShifter:BloomingSlash","floor":1},{"not_picked":["Transmutation","Blind"],"picked":"Enlightenment","floor":3},{"not_picked":["StSShapeShifter:GoldenBerries","StSShapeShifter:ThrashAbout"],"picked":"StSShapeShifter:FlamingoForm","floor":4},{"not_picked":["StSShapeShifter:VineHandcuffs","StSShapeShifter:ThornToss"],"picked":"StSShapeShifter:DiverseSpirit","floor":5},{"not_picked":["StSShapeShifter:ForestFire","StSShapeShifter:BarkSkin"],"picked":"StSShapeShifter:Maul","floor":6},{"not_picked":["StSShapeShifter:Garden","StSShapeShifter:ReplenishingNectar"],"picked":"StSShapeShifter:Spring","floor":8},{"not_picked":["StSShapeShifter:Rest","StSShapeShifter:EmbraceTheCycle"],"picked":"StSShapeShifter:PoisonIvy","floor":14}],"player_experience":979522,"relics_obtained":[{"floor":6,"key":"War Paint"},{"floor":8,"key":"StSShapeShifter:EmeraldPantherFigurine"},{"floor":9,"key":"Ancient Tea Set"}],"event_choices":[{"damage_healed":0,"gold_gain":0,"player_choice":"Take Wound","damage_taken":0,"relics_obtained":["Golden Idol"],"max_hp_gain":0,"max_hp_loss":0,"event_name":"Golden Idol","floor":2,"gold_loss":0,"cards_obtained":["Injury"]},{"damage_healed":0,"gold_gain":1,"player_choice":"1","damage_taken":0,"max_hp_gain":0,"max_hp_loss":0,"event_name":"betterStone:BetterStone","floor":3,"gold_loss":0},{"damage_healed":0,"gold_gain":67,"player_choice":"Gained Gold","damage_taken":0,"max_hp_gain":0,"max_hp_loss":0,"event_name":"Golden Wing","floor":13,"gold_loss":0}],"is_beta":false,"boss_relics":[],"items_purged_floors":[],"is_endless":false,"potions_floor_spawned":[4,6,8],"killed_by":"The Guardian","ascension_level":0}}