{"host":"4oozkyb2rmpv0j2l","time":1613484619,"event":{"mods":["ATMod(∞¢Ë™Mod)","Act Like it!","Aspiration","BaseMod","Conspire","FutureSeer","Gensokyo","Hubris","KinomotoSakuraMod(ƒæ÷Æ±æ”£)","Koishi","KomeijiMod","Marisa£®ÏF”Í°°ƒß¿Ì…≥£©","Minty Spire (QoL Compilation)","Prisma Mod","Quick Restart","Rare Cards Sparkle","Reimu£®≤©¿ˆ¡È√Œ£©","Remilia£®¿Ÿ√◊¿Ú—«£©","Robot Space Explorer","Shop Mod","Spicy Shops","StSLib","TestMod","The Bladedancer","The Cursed","The Disciple","The Hierophant","The Mystic","The Necromancer","The Runesmith","The Servant 0.9.4","Yakumo Yukari mod","Youmu£®ªÍ∆«—˝√Œ£©","Yuyuko","yUi","°æ“≈ŒÔø®≈∆°øREMEMod"],"gold_per_floor":[113,113,113,126,144,172,188,215,261,280,280,280,314,330,330,432,432,452,332,332,343,357,382,382,412,412,444,444,470,45,55,55,159,159,176,176,53,53,53,87,87,122,122,135,135,10,10,10,10,10,10,10,10,31,11],"floor_reached":56,"language":"ZHS","playtime":2047,"items_purged":["Pain","Strike_MRS","Backflip"],"score":1472,"play_id":"c9681c12-6b2d-48e6-8ffd-fc8c1e670604","local_time":"20210216221019","is_ascension_mode":true,"campfire_choices":[{"data":"EscapeVelocity","floor":12,"key":"SMITH"},{"floor":15,"key":"RECALL"},{"floor":28,"key":"REST"},{"data":"Terror","floor":32,"key":"SMITH"},{"data":"Gensokyo:PrivateSquare","floor":49,"key":"SMITH"},{"data":"Backstab","floor":52,"key":"SMITH"}],"circlet_count":0,"master_deck":["MasterSpark","UpSweep+1","EscapeVelocity+1","Orbital+1","AT_ShadowStep+1","Terror+1","Backstab+1","Finisher","Choke+1","Orbital+1","SatelliteIllusion+1","Gensokyo:PrivateSquare+1","Pride"],"relics":["BewitchedHakkero","testmod-TestBox","REME_ComplimentaryCards","AT_ATBox","testmod-ConstraintPeriapt","Gensokyo:OccultBall","Gensokyo:LunaticRedEyes","Vajra","testmod-BlackFramedGlasses","AT_SunfireAegis","aspiration:ChemicalBlood","conspire:SpecialSausage","Gensokyo:DemonMask","AT_ImmortalShieldbow","Ornamental Fan","hubris:BottledRain","Ginger","AT_SilvercatRing","hubris:Icosahedron","GoodDreamPillow","AntiCross","conspire:DecoderRing","AT_DeathDance","AT_BellDemon","AT_BladeRuinedKing","Bottled Lightning"],"acts_visited":["Gensokyo:Gensokyo","Gensokyo:Gensokyoer","Gensokyo:Gensokyoest","TheEnding"],"potions_floor_usage":[8,23,25,29,29,33,33,33,33,50,50,55,55,55,55],"damage_taken":[{"damage":0,"enemies":"Gensokyo:2_Kodama","floor":1,"turns":1},{"damage":2,"enemies":"Gensokyo:Python","floor":4,"turns":2},{"damage":4,"enemies":"Gensokyo:Gryphon","floor":5,"turns":2},{"damage":26,"enemies":"Gensokyo:Cirno","floor":6,"turns":4},{"damage":9,"enemies":"Gensokyo:2_Rabbits","floor":7,"turns":3},{"damage":27,"enemies":"Gensokyo:Aya","floor":8,"turns":3},{"damage":3,"enemies":"Gensokyo:LivingMonolith","floor":10,"turns":2},{"damage":4,"enemies":"Gensokyo:Cirno","floor":13,"turns":4},{"damage":3,"enemies":"Gensokyo:Gryphon_and_Rabbit","floor":14,"turns":2},{"damage":17,"enemies":"Gensokyo:Kokoro","floor":16,"turns":3},{"damage":6,"enemies":"Gensokyo:2_Gloops","floor":18,"turns":1},{"damage":5,"enemies":"Gensokyo:3_Dogs","floor":21,"turns":2},{"damage":2,"enemies":"Gensokyo:3_Gloops","floor":22,"turns":2},{"damage":35,"enemies":"Gensokyo:Koishi","floor":23,"turns":3},{"damage":15,"enemies":"Gensokyo:Reisen","floor":25,"turns":3},{"damage":26,"enemies":"Gensokyo:Koishi","floor":27,"turns":3},{"damage":9,"enemies":"Gensokyo:Reisen","floor":29,"turns":3},{"damage":2,"enemies":"Gensokyo:Slime_Group","floor":31,"turns":2},{"damage":95,"enemies":"Gensokyo:Kaguya","floor":33,"turns":6},{"damage":0,"enemies":"Gensokyo:3_Bats","floor":35,"turns":2},{"damage":1,"enemies":"Gensokyo:Doremy","floor":40,"turns":2},{"damage":10,"enemies":"Gensokyo:Kasen","floor":42,"turns":3},{"damage":0,"enemies":"Gensokyo:3_Boulders","floor":44,"turns":1},{"damage":1,"enemies":"Gensokyo:4_Bats","floor":47,"turns":1},{"damage":35,"enemies":"Gensokyo:Scarlet_Devils","floor":50,"turns":4},{"damage":56,"enemies":"Shield and Spear","floor":54,"turns":4},{"damage":107,"enemies":"The Heart","floor":55,"turns":8}],"seed_played":"-847133237586752639","potions_obtained":[{"floor":4,"key":"Fire Potion"},{"floor":7,"key":"Strength Potion"},{"floor":10,"key":"Weak Potion"},{"floor":31,"key":"SpeedPotion"},{"floor":40,"key":"FairyPotion"},{"floor":42,"key":"SkillPotion"},{"floor":54,"key":"PowerPotion"},{"floor":54,"key":"testmod-EscapePotion"},{"floor":54,"key":"DuplicationPotion"},{"floor":55,"key":"LiquidMemories"},{"floor":55,"key":"GrandPatriotsElixir:ReiMu"}],"is_trial":false,"path_per_floor":["M","?","?","M","M","E","M","E","T","M","?","R","E","M","R","B",null,"M","?","?","M","M","E","?","E","T","E","R","E","$","M","R","B",null,"M","?","?","?","T","E","$","E","T","M","?","$","M","?","R","B",null,"R","$","E","B",null],"character_chosen":"MARISA","items_purchased":["AT_SilvercatRing"],"campfire_rested":1,"item_purchase_floors":[30],"current_hp_per_floor":[75,75,75,75,72,54,49,26,26,27,27,27,37,39,39,37,75,71,71,71,72,75,47,47,38,38,27,49,55,55,57,57,21,75,75,75,75,60,60,63,63,63,63,64,64,64,67,67,67,57,75,75,75,32,13],"gold":11,"neow_bonus":"REMOVE_CARD","is_daily":false,"chose_seed":false,"campfire_upgraded":4,"win_rate":0.0,"timestamp":1613484619,"path_taken":["M","?","?","M","?","E","M","E","T","M","?","R","E","?","R","BOSS","M","?","?","M","M","E","?","E","T","E","R","E","$","?","R","BOSS","M","?","?","?","?","E","$","E","T","M","?","?","?","?","R","BOSS","R","$","E","BOSS"],"items_purchased_type":["Relic"],"build_version":"2020-12-22","purchased_purges":3,"victory":true,"max_hp_per_floor":[75,75,75,75,75,75,75,75,75,75,75,75,75,75,75,75,75,75,75,75,75,75,75,75,75,75,75,75,75,75,75,75,75,75,75,75,75,75,75,75,75,75,75,75,75,75,75,75,75,75,75,75,75,75,75],"card_choices":[{"not_picked":["OpenUniverse","OortCloud","WitchOfGreed"],"picked":"SKIP","floor":1},{"not_picked":["IllusionStar","PropBag","GrandCross"],"picked":"SKIP","floor":4},{"not_picked":["FairyDestructionRay","PropBag","GrandCross"],"picked":"SKIP","floor":5},{"not_picked":["LuminesStrike","MilkyWay","BlazeAway"],"picked":"SKIP","floor":6},{"not_picked":["GravityBeat","GalacticHalo","Acceleration"],"picked":"SKIP","floor":7},{"not_picked":["IllusionStar","DoubleSpark","StarDustReverie"],"picked":"SKIP","floor":8},{"not_picked":["MagicAbsorber","NonDirectionalLaser"],"picked":"Orbital","floor":10},{"not_picked":["MilkyWay","AsteroidBelt","DoubleSpark"],"picked":"SKIP","floor":13},{"not_picked":["MilkyWay","MagicChant","EarthLightRay"],"picked":"SKIP","floor":14},{"not_picked":["WitchLeyline","MilkyWay","GravityBeat"],"picked":"SKIP","floor":18},{"not_picked":["MagicChant","ShootingEcho+1","IllusionStar+1"],"picked":"SKIP","floor":21},{"not_picked":["StarBarrage","DC","ChargeUpSpray+1"],"picked":"SKIP","floor":22},{"not_picked":["ShootTheMoon","GasGiant","Singularity"],"picked":"SKIP","floor":23},{"not_picked":["LuminesStrike","StarDustReverie"],"picked":"Orbital+1","floor":25},{"not_picked":["DoubleSpark","IllusionStar+1","OortCloud"],"picked":"SKIP","floor":27},{"not_picked":["SporeBomb","DeepEcoloBomb","MagicChant"],"picked":"SKIP","floor":29},{"not_picked":["ChargeUpSpray","MilkyWay","Singularity+1"],"picked":"SKIP","floor":31},{"not_picked":["DoubleSpark+1","DragonMeteor","OneTimeOff+1"],"picked":"SKIP","floor":35},{"not_picked":["GasGiant","6A","DoubleSpark"],"picked":"SKIP","floor":40},{"not_picked":["EnergyRecoil+1","MysteriousBeam"],"picked":"SatelliteIllusion","floor":42},{"not_picked":["UnstableBomb","AsteroidBelt+1","SprinkleStarSeal+1"],"picked":"SKIP","floor":44},{"not_picked":["WitchLeyline","ShootingEcho","LuminesStrike"],"picked":"SKIP","floor":47},{"not_picked":["Occultation","WitchOfGreed+1","WitchLeyline+1"],"picked":"SKIP","floor":54}],"player_experience":501815,"relics_obtained":[{"floor":4,"key":"Gensokyo:OccultBall"},{"floor":6,"key":"Vajra"},{"floor":8,"key":"testmod-BlackFramedGlasses"},{"floor":9,"key":"AT_SunfireAegis"},{"floor":13,"key":"aspiration:ChemicalBlood"},{"floor":16,"key":"Gensokyo:OccultBall"},{"floor":22,"key":"Gensokyo:OccultBall"},{"floor":23,"key":"AT_ImmortalShieldbow"},{"floor":25,"key":"Ornamental Fan"},{"floor":27,"key":"hubris:BottledRain"},{"floor":29,"key":"Ginger"},{"floor":33,"key":"Gensokyo:OccultBall"},{"floor":39,"key":"conspire:DecoderRing"},{"floor":40,"key":"AT_DeathDance"},{"floor":42,"key":"AT_BellDemon"},{"floor":43,"key":"AT_BladeRuinedKing"},{"floor":44,"key":"Gensokyo:OccultBall"},{"floor":54,"key":"Bottled Lightning"}],"event_choices":[],"is_beta":false,"boss_relics":[{"not_picked":["testmod-Prudence","conspire:RoyalGoblet"],"picked":"conspire:SpecialSausage"},{"not_picked":["Coffee Dripper","Busted Crown"],"picked":"BewitchedHakkero"}],"items_purged_floors":[30,30,46],"is_endless":false,"potions_floor_spawned":[4,7,10,16,21,27,31,42,54],"ascension_level":3}}