{"host":"6406jj8da6015sxr","time":1613470901,"event":{"mods":["AchievementEnabler","BaseMod","Colored Map","DeckTracker","Keyboard Shortcuts","Minty Spire (QoL Compilation)","Permanent Neow","Relic Stats","SuperFastMode","everything is the same but u backflip on backflip"],"gold_per_floor":[113,128,145,220,220,235,235,255,255,270,252,271,297,24,24,129,129,149,162,172,191,202,202,202,229,229,243,17,17,17,31,31,31,31],"floor_reached":33,"language":"KOR","playtime":1512,"items_purged":[],"score":265,"play_id":"768d3b54-3911-48b9-9cca-85d491cf63c3","local_time":"20210216192141","is_ascension_mode":false,"campfire_choices":[{"data":"Coolheaded","floor":7.0,"key":"SMITH"},{"data":"Storm","floor":15.0,"key":"SMITH"},{"data":"Creative AI","floor":23,"key":"SMITH"},{"floor":30,"key":"REST"},{"data":"Double Energy","floor":32,"key":"SMITH"}],"circlet_count":0,"master_deck":["Strike_B","Strike_B","Strike_B","Strike_B","Defend_B","Defend_B","Defend_B","Defend_B","Zap","Dualcast","Conserve Battery","Coolheaded+1","Coolheaded","Reboot","Go for the Eyes","Capacitor","Fusion","Stack","Reinforced Body","Storm+1","Stack","Creative AI+1","Defragment","BootSequence","Capacitor","Static Discharge","Double Energy+1","Seek","Loop"],"relics":["Cracked Core","FossilizedHelix","Mercury Hourglass","Odd Mushroom","Membership Card","DataDisk","Runic Pyramid","Juzu Bracelet","Molten Egg 2","Mango"],"acts_visited":["Exordium","TheCity"],"potions_floor_usage":[22,25],"damage_taken":[{"damage":0.0,"enemies":"Jaw Worm","floor":1.0,"turns":3.0},{"damage":0.0,"enemies":"2 Louse","floor":2.0,"turns":2.0},{"damage":0.0,"enemies":"Small Slimes","floor":3.0,"turns":2.0},{"damage":0.0,"enemies":"Looter","floor":6.0,"turns":3.0},{"damage":0.0,"enemies":"2 Fungi Beasts","floor":8.0,"turns":5.0},{"damage":0.0,"enemies":"Large Slime","floor":10.0,"turns":7.0},{"damage":5.0,"enemies":"Exordium Thugs","floor":11.0,"turns":4.0},{"damage":17.0,"enemies":"Lots of Slimes","floor":12.0,"turns":3.0},{"damage":0.0,"enemies":"The Mushroom Lair","floor":13.0,"turns":6.0},{"damage":15.0,"enemies":"Hexaghost","floor":16.0,"turns":16.0},{"damage":0.0,"enemies":"Chosen","floor":18.0,"turns":5.0},{"damage":8.0,"enemies":"Shell Parasite","floor":19.0,"turns":9.0},{"damage":8.0,"enemies":"Centurion and Healer","floor":20.0,"turns":6.0},{"damage":24,"enemies":"3 Cultists","floor":21,"turns":4},{"damage":0,"enemies":"Snake Plant","floor":22,"turns":5},{"damage":22,"enemies":"Book of Stabbing","floor":25,"turns":8},{"damage":0,"enemies":"Snecko","floor":27,"turns":7},{"damage":7,"enemies":"Centurion and Healer","floor":31,"turns":6},{"damage":46,"enemies":"Collector","floor":33,"turns":6}],"seed_played":"-2772392957300958017","potions_obtained":[{"floor":2.0,"key":"SpeedPotion"},{"floor":8.0,"key":"Block Potion"},{"floor":12.0,"key":"LiquidMemories"},{"floor":18.0,"key":"SteroidPotion"},{"floor":31,"key":"Dexterity Potion"}],"is_trial":false,"path_per_floor":["M","M","M","?","?","M","R","M","T","M","M","M","?","$","R","B",null,"M","M","M","M","M","R","?","E","T","M","$","?","R","M","R","B"],"character_chosen":"DEFECT","items_purchased":["Membership Card","DataDisk","Storm","Stack","Mango","Seek"],"campfire_rested":1,"item_purchase_floors":[14,14,14,14,28,28],"current_hp_per_floor":[54,54,54,43,68,68,68,68,68,68,63,46,46,46,46,31,75,75,67,59,35,35,35,35,13,13,13,27,27,53,46,46,0,0],"gold":31,"neow_bonus":"ONE_RARE_RELIC","is_daily":false,"chose_seed":false,"campfire_upgraded":4,"win_rate":0.0,"timestamp":1613470901,"path_taken":["M","M","M","?","?","M","R","M","T","M","M","M","?","$","R","BOSS","M","M","M","M","M","R","?","E","T","M","$","?","R","M","R","BOSS"],"items_purchased_type":["Relic","Relic","Card","Card","Relic","Card"],"build_version":"2020-12-22","purchased_purges":0,"victory":false,"max_hp_per_floor":[75,75,75,75,75,75,75,75,75,75,75,75,75,75,75,75,75,75,75,75,75,75,75,75,75,75,75,89,89,89,89,89,89,89],"relic_stats":{"counters":[19,105],"Juzu Bracelet":0,"obtain_stats":[{"DataDisk":14,"Molten Egg 2":26,"Mango":28,"Juzu Bracelet":25,"Membership Card":14,"Odd Mushroom":13,"Cracked Core":0,"FossilizedHelix":0,"Mercury Hourglass":9,"Runic Pyramid":17},{"DataDisk":9,"Molten Egg 2":16,"Mango":17,"Juzu Bracelet":16,"Membership Card":9,"Odd Mushroom":9,"Cracked Core":0,"FossilizedHelix":0,"Mercury Hourglass":5,"Runic Pyramid":10},{"DataDisk":33,"Molten Egg 2":86,"Mango":93,"Juzu Bracelet":86,"Membership Card":33,"Odd Mushroom":33,"Cracked Core":0,"FossilizedHelix":0,"Mercury Hourglass":15,"Runic Pyramid":49}],"Mercury Hourglass":[376]},"card_choices":[{"not_picked":["Double Energy","Barrage"],"picked":"Conserve Battery","floor":1.0},{"not_picked":["Auto Shields","Steam"],"picked":"Coolheaded","floor":2.0},{"not_picked":["Go for the Eyes","Lockon"],"picked":"Coolheaded","floor":3.0},{"not_picked":["Turbo","Go for the Eyes"],"picked":"Reboot","floor":6.0},{"not_picked":["Coolheaded","Cold Snap"],"picked":"Go for the Eyes","floor":8.0},{"not_picked":["Rebound","Hello World"],"picked":"Capacitor","floor":10.0},{"not_picked":["Streamline","Scrape"],"picked":"Fusion","floor":11.0},{"not_picked":["Sweeping Beam","Reprogram"],"picked":"Stack","floor":12.0},{"not_picked":["Auto Shields","Beam Cell"],"picked":"Reinforced Body","floor":13.0},{"not_picked":["Rainbow","Fission"],"picked":"Creative AI","floor":16.0},{"not_picked":["Go for the Eyes+1","Undo+1"],"picked":"Defragment","floor":18.0},{"not_picked":["Leap+1","Streamline"],"picked":"BootSequence","floor":19.0},{"not_picked":["Skim","Streamline"],"picked":"Capacitor","floor":20.0},{"not_picked":["Rebound","Beam Cell","Barrage"],"picked":"SKIP","floor":21},{"not_picked":["Reinforced Body","Scrape","Hello World"],"picked":"SKIP","floor":22},{"not_picked":["Rebound","Compile Driver+1"],"picked":"Static Discharge","floor":25},{"not_picked":["Melter+1","Leap+1"],"picked":"Double Energy","floor":27},{"not_picked":["All For One+1","Hologram"],"picked":"Loop","floor":31}],"player_experience":18950,"relics_obtained":[{"floor":9.0,"key":"Mercury Hourglass"},{"floor":13.0,"key":"Odd Mushroom"},{"floor":25,"key":"Juzu Bracelet"},{"floor":26,"key":"Molten Egg 2"}],"event_choices":[{"damage_healed":0.0,"max_hp_gain":0.0,"max_hp_loss":0.0,"gold_gain":75.0,"event_name":"World of Goop","player_choice":"Gather Gold","floor":4.0,"gold_loss":0.0,"damage_taken":11.0},{"damage_healed":25.0,"max_hp_gain":0.0,"max_hp_loss":0.0,"gold_gain":0.0,"event_name":"Big Fish","player_choice":"Banana","floor":5.0,"gold_loss":0.0,"damage_taken":0.0},{"damage_healed":0.0,"max_hp_gain":0.0,"max_hp_loss":0.0,"gold_gain":0.0,"event_name":"Mushrooms","player_choice":"Fought Mushrooms","floor":13.0,"gold_loss":0.0,"damage_taken":0.0},{"damage_healed":0,"gold_gain":0,"player_choice":"Ignored","damage_taken":0,"max_hp_gain":0,"max_hp_loss":0,"event_name":"Vampires","floor":24,"gold_loss":0}],"is_beta":false,"boss_relics":[{"not_picked":["Cursed Key","SacredBark"],"picked":"Runic Pyramid"}],"items_purged_floors":[],"is_endless":false,"potions_floor_spawned":[2,8,12,18,31],"killed_by":"Collector","ascension_level":0}}