{"host":"jq8d8epkoknfq6em","time":1613433601,"event":{"mods":["AchievementEnabler","BaseMod","Colored Map","Colored Powertips","Highlight Path","Minty Spire (QoL Compilation)","Quick Restart","Relic Stats","StSLib"],"gold_per_floor":[114,126,142,158,174,174,206,206,206,206,206,225,225,251,251,354,354,373,389,409,10,44,44,44,71,71,96,96,21,54,73,73,169,169,187,202,214,225,225,259,259,259,259,53,69,98,111,137,137,137],"floor_reached":51,"language":"ENG","playtime":5676,"items_purged":["Strike_G"],"score":1223,"play_id":"6e3bb556-71c7-4561-804b-a35f2c419c68","local_time":"20210216010001","is_ascension_mode":true,"campfire_choices":[{"data":"Finisher","floor":6.0,"key":"SMITH"},{"data":"Blade Dance","floor":8.0,"key":"SMITH"},{"data":"Neutralize","floor":10.0,"key":"SMITH"},{"data":"Glass Knife","floor":15.0,"key":"SMITH"},{"data":"Wraith Form v2","floor":23,"key":"SMITH"},{"data":"Calculated Gamble","floor":28,"key":"SMITH"},{"data":"Acrobatics","floor":32,"key":"SMITH"},{"data":"Well Laid Plans","floor":41,"key":"SMITH"},{"floor":49,"key":"REST"}],"circlet_count":0,"master_deck":["AscendersBane","Strike_G","Strike_G","Strike_G","Strike_G","Defend_G","Defend_G","Defend_G","Defend_G","Defend_G","Survivor","Neutralize+1","Blade Dance+1","Well Laid Plans+1","PiercingWail","Flying Knee","Finisher+1","Dagger Spray+1","Glass Knife+1","Wraith Form v2+1","Masterful Stab+1","PiercingWail","After Image","Footwork+1","Infinite Blades+1","Flechettes+1","Calculated Gamble+1","Caltrops+1","Acrobatics+1","Corpse Explosion","Quick Slash+1","Cloak And Dagger+1","Acrobatics","Leg Sweep","Accuracy+1","Backflip"],"relics":["Ring of the Snake","Blood Vial","Bag of Preparation","Shuriken","Pear","Cursed Key","Frozen Egg 2","Red Mask","Strawberry","Paper Crane","Gremlin Horn","Smiling Mask","Busted Crown","Dream Catcher","Sundial","Juzu Bracelet"],"acts_visited":["Exordium","TheCity","TheBeyond"],"potions_floor_usage":[22,25,27,33,33,37,40,46,50,50],"damage_taken":[{"damage":0.0,"enemies":"Small Slimes","floor":1.0,"turns":3.0},{"damage":0.0,"enemies":"Jaw Worm","floor":2.0,"turns":4.0},{"damage":1.0,"enemies":"Cultist","floor":3.0,"turns":5.0},{"damage":7.0,"enemies":"3 Louse","floor":4.0,"turns":4.0},{"damage":1.0,"enemies":"Looter","floor":5.0,"turns":3.0},{"damage":7.0,"enemies":"3 Sentries","floor":7.0,"turns":8.0},{"damage":2.0,"enemies":"Exordium Wildlife","floor":12.0,"turns":5.0},{"damage":3.0,"enemies":"Lagavulin","floor":14.0,"turns":5.0},{"damage":16.0,"enemies":"Hexaghost","floor":16.0,"turns":6.0},{"damage":6,"enemies":"2 Thieves","floor":18,"turns":3},{"damage":0,"enemies":"Spheric Guardian","floor":19,"turns":3},{"damage":1,"enemies":"Cultist and Chosen","floor":20,"turns":5},{"damage":15,"enemies":"Masked Bandits","floor":22,"turns":4},{"damage":6,"enemies":"Slavers","floor":25,"turns":6},{"damage":15,"enemies":"Book of Stabbing","floor":27,"turns":5},{"damage":0,"enemies":"Gremlin Leader","floor":30,"turns":4},{"damage":0,"enemies":"Snake Plant","floor":31,"turns":2},{"damage":7,"enemies":"Automaton","floor":33,"turns":8},{"damage":2,"enemies":"Orb Walker","floor":35,"turns":3},{"damage":8,"enemies":"3 Darklings","floor":36,"turns":2},{"damage":0,"enemies":"Maw","floor":37,"turns":6},{"damage":9,"enemies":"Transient","floor":38,"turns":5},{"damage":1,"enemies":"Giant Head","floor":40,"turns":8},{"damage":2,"enemies":"Writhing Mass","floor":45,"turns":5},{"damage":22,"enemies":"Reptomancer","floor":46,"turns":5},{"damage":0,"enemies":"3 Darklings","floor":47,"turns":5},{"damage":2,"enemies":"Giant Head","floor":48,"turns":6},{"damage":40,"enemies":"Awakened One","floor":50,"turns":12}],"seed_played":"4811366681523759799","potions_obtained":[{"floor":1.0,"key":"Explosive Potion"},{"floor":3.0,"key":"SkillPotion"},{"floor":7.0,"key":"SkillPotion"},{"floor":16.0,"key":"Energy Potion"},{"floor":20,"key":"SkillPotion"},{"floor":22,"key":"DuplicationPotion"},{"floor":27,"key":"GamblersBrew"},{"floor":30,"key":"Energy Potion"},{"floor":35,"key":"Swift Potion"},{"floor":37,"key":"PowerPotion"},{"floor":40,"key":"LiquidBronze"},{"floor":45,"key":"LiquidBronze"}],"is_trial":false,"path_per_floor":["M","M","M","M","M","R","E","R","T","R","?","M","?","E","R","B",null,"M","M","M","$","?","R","?","E","T","E","R","?","E","M","R","B",null,"M","M","M","M","?","E","R","?","T","$","M","E","M","E","R","B",null],"character_chosen":"THE_SILENT","items_purchased":["Frozen Egg 2","Footwork+1","CunningPotion","Acrobatics","Leg Sweep","Block Potion"],"campfire_rested":1,"item_purchase_floors":[21,21,21,44,44,44],"current_hp_per_floor":[65,67,68,63,64,64,59,59,59,59,59,59,59,68,68,54,74,70,72,73,73,60,60,67,63,63,50,50,50,52,54,54,49,78,78,72,74,67,67,68,68,68,68,68,68,48,50,50,76,38],"gold":137,"neow_bonus":"RANDOM_COMMON_RELIC","is_daily":false,"chose_seed":false,"campfire_upgraded":8,"win_rate":0.0,"timestamp":1613433601,"path_taken":["M","M","M","M","M","R","E","R","T","R","?","M","?","E","R","BOSS","M","M","M","$","?","R","?","E","T","E","R","?","E","M","R","BOSS","M","M","M","M","?","E","R","?","T","$","M","E","M","E","R","BOSS"],"items_purchased_type":["Relic","Card","Potion","Card","Card","Potion"],"build_version":"2020-12-22","purchased_purges":1,"victory":true,"max_hp_per_floor":[70,70,70,70,70,70,70,70,70,70,70,70,70,80,80,80,80,80,80,80,80,80,80,87,87,87,87,87,87,87,87,87,87,87,87,87,87,87,87,87,87,87,87,87,87,87,87,87,87,87],"relic_stats":{"Gremlin Horn":[16,16],"counters":[28,140],"Bag of Preparation":[44],"Juzu Bracelet":0,"Cursed Key":0,"Smiling Mask":25,"Blood Vial":56,"Dream Catcher":1,"Busted Crown":20,"Shuriken":[110],"Sundial":[2],"obtain_stats":[{"Pear":14,"Gremlin Horn":27,"Bag of Preparation":7,"Juzu Bracelet":48,"Frozen Egg 2":21,"Paper Crane":25,"Cursed Key":17,"Smiling Mask":30,"Blood Vial":0,"Dream Catcher":40,"Busted Crown":34,"Shuriken":9,"Sundial":46,"Strawberry":24,"Red Mask":22,"Ring of the Snake":0},{"Pear":8,"Gremlin Horn":15,"Bag of Preparation":6,"Juzu Bracelet":27,"Frozen Egg 2":12,"Paper Crane":14,"Cursed Key":9,"Smiling Mask":16,"Blood Vial":0,"Dream Catcher":23,"Busted Crown":18,"Shuriken":6,"Sundial":25,"Strawberry":13,"Red Mask":13,"Ring of the Snake":0},{"Pear":37,"Gremlin Horn":69,"Bag of Preparation":27,"Juzu Bracelet":128,"Frozen Egg 2":54,"Paper Crane":64,"Cursed Key":43,"Smiling Mask":73,"Blood Vial":0,"Dream Catcher":107,"Busted Crown":83,"Shuriken":27,"Sundial":117,"Strawberry":58,"Red Mask":58,"Ring of the Snake":0}],"Ring of the Snake":[56]},"card_choices":[{"not_picked":["Prepared","Blur"],"picked":"Blade Dance","floor":1.0},{"not_picked":["PiercingWail","Eviscerate"],"picked":"Well Laid Plans","floor":2.0},{"not_picked":["Catalyst","Quick Slash"],"picked":"PiercingWail","floor":3.0},{"not_picked":["Quick Slash","Underhanded Strike"],"picked":"Flying Knee","floor":4.0},{"not_picked":["Distraction","Quick Slash"],"picked":"Finisher","floor":5.0},{"not_picked":["Backflip","Noxious Fumes"],"picked":"Deflect","floor":7.0},{"not_picked":["Catalyst","PiercingWail"],"picked":"Dagger Spray","floor":12.0},{"not_picked":["Concentrate","Leg Sweep"],"picked":"Glass Knife","floor":14.0},{"not_picked":["Phantasmal Killer","Night Terror"],"picked":"Wraith Form v2","floor":16.0},{"not_picked":["Prepared","PiercingWail"],"picked":"Masterful Stab+1","floor":18},{"not_picked":["Backflip","Dagger Throw"],"picked":"PiercingWail","floor":19},{"not_picked":["Blade Dance","Dagger Spray"],"picked":"After Image","floor":20},{"not_picked":["PiercingWail+1","Acrobatics"],"picked":"Infinite Blades+1","floor":22},{"not_picked":["Prepared","Noxious Fumes+1"],"picked":"Flechettes+1","floor":25},{"not_picked":["Reflex","Choke"],"picked":"Calculated Gamble","floor":27},{"not_picked":["Slice","Masterful Stab+1"],"picked":"Caltrops+1","floor":30},{"not_picked":["Dash+1","Slice"],"picked":"Acrobatics","floor":31},{"not_picked":["Storm of Steel","Envenom+1"],"picked":"Corpse Explosion","floor":33},{"not_picked":["Setup"],"picked":"SKIP","floor":35},{"not_picked":[],"picked":"Quick Slash+1","floor":36},{"not_picked":["Dagger Throw"],"picked":"SKIP","floor":37},{"not_picked":["Underhanded Strike"],"picked":"SKIP","floor":38},{"not_picked":[],"picked":"Cloak And Dagger+1","floor":40},{"not_picked":["Cloak And Dagger"],"picked":"SKIP","floor":45},{"not_picked":["Die Die Die"],"picked":"SKIP","floor":46},{"not_picked":[],"picked":"Accuracy+1","floor":47},{"not_picked":["Backstab"],"picked":"SKIP","floor":48},{"not_picked":[],"picked":"Backflip","floor":49}],"player_experience":1022365,"relics_obtained":[{"floor":7.0,"key":"Bag of Preparation"},{"floor":9.0,"key":"Shuriken"},{"floor":14.0,"key":"Pear"},{"floor":22,"key":"Red Mask"},{"floor":25,"key":"Paper Crane"},{"floor":27,"key":"Gremlin Horn"},{"floor":30,"key":"Smiling Mask"},{"floor":40,"key":"Dream Catcher"},{"floor":46,"key":"Sundial"},{"floor":48,"key":"Juzu Bracelet"}],"event_choices":[{"damage_healed":0.0,"max_hp_gain":0.0,"max_hp_loss":0.0,"gold_gain":0.0,"event_name":"Liars Game","player_choice":"Ignored","floor":11.0,"gold_loss":0.0,"damage_taken":0.0},{"damage_healed":0.0,"max_hp_gain":0.0,"max_hp_loss":0.0,"gold_gain":0.0,"event_name":"Upgrade Shrine","player_choice":"Upgraded","floor":13.0,"gold_loss":0.0,"damage_taken":0.0,"cards_upgraded":["Dagger Spray"]},{"damage_healed":0,"gold_gain":0,"player_choice":"Fought Bandits","damage_taken":0,"max_hp_gain":0,"max_hp_loss":0,"event_name":"Masked Bandits","floor":22,"gold_loss":0},{"damage_healed":0,"gold_gain":0,"player_choice":"Opened","damage_taken":0,"relics_obtained":["Strawberry"],"max_hp_gain":0,"max_hp_loss":0,"event_name":"The Mausoleum","floor":24,"gold_loss":0,"cards_obtained":["Writhe"]},{"cards_removed":["Writhe"],"damage_healed":0,"gold_gain":0,"player_choice":"Gave Gold","damage_taken":0,"max_hp_gain":0,"max_hp_loss":0,"event_name":"Beggar","floor":29,"gold_loss":75},{"damage_healed":0,"gold_gain":0,"player_choice":"Ignored","damage_taken":0,"max_hp_gain":0,"max_hp_loss":0,"event_name":"Tomb of Lord Red Mask","floor":39,"gold_loss":0},{"cards_removed":["Deflect"],"damage_healed":0,"gold_gain":0,"player_choice":"Removed Skill","damage_taken":0,"max_hp_gain":0,"max_hp_loss":0,"event_name":"Falling","floor":42,"gold_loss":0}],"is_beta":false,"boss_relics":[{"not_picked":["Coffee Dripper","Calling Bell"],"picked":"Cursed Key"},{"not_picked":["WristBlade","SacredBark"],"picked":"Busted Crown"}],"items_purged_floors":[44],"is_endless":false,"potions_floor_spawned":[1,3,7,16,20,22,27,30,35,37,40,45],"ascension_level":10}}