{"host":"uv5ws9rdk87e8i5k","time":1613443180,"event":{"mods":["AchievementEnabler","BaseMod","Colored Map","Minty Spire (QoL Compilation)","Permanent Neow","Quick Restart","StSLib","SuperFastMode","The Necromancer"],"gold_per_floor":[111,111,125,143,157,188,188,223,223,250,250,264,276,287,287,287,287],"floor_reached":16,"language":"ENG","playtime":300,"items_purged":[],"score":155,"play_id":"b12d28ef-eb16-4533-b1b4-f999fa627fea","local_time":"20210215203940","is_ascension_mode":true,"campfire_choices":[{"data":"Dualcast","floor":7.0,"key":"SMITH"},{"data":"White Noise","floor":11.0,"key":"SMITH"},{"data":"Double Energy","floor":15.0,"key":"SMITH"}],"circlet_count":0,"master_deck":["Strike_B","Strike_B","Strike_B","Strike_B","Defend_B","Defend_B","Defend_B","Defend_B","Zap","Dualcast+1","Ball Lightning","Glacier","Coolheaded","Steam Power","Conserve Battery","Ball Lightning","Redo","White Noise+1","Tempest","Double Energy+1"],"relics":["Cracked Core","Lantern","Strawberry","Matryoshka","Art of War","Bag of Marbles","Emotion Chip"],"acts_visited":["Exordium"],"potions_floor_usage":[],"damage_taken":[{"damage":0.0,"enemies":"2 Louse","floor":1.0,"turns":2.0},{"damage":0.0,"enemies":"Small Slimes","floor":3.0,"turns":2.0},{"damage":0.0,"enemies":"Cultist","floor":4.0,"turns":3.0},{"damage":2.0,"enemies":"Looter","floor":5.0,"turns":3.0},{"damage":5.0,"enemies":"Lagavulin","floor":6.0,"turns":8.0},{"damage":7.0,"enemies":"Gremlin Nob","floor":8.0,"turns":3.0},{"damage":4.0,"enemies":"Lagavulin","floor":10.0,"turns":7.0},{"damage":6.0,"enemies":"Large Slime","floor":12.0,"turns":5.0},{"damage":0.0,"enemies":"Red Slaver","floor":13.0,"turns":2.0},{"damage":0.0,"enemies":"Exordium Thugs","floor":14.0,"turns":3.0},{"damage":0,"enemies":"The Guardian","floor":16,"turns":1}],"seed_played":"438254633045331022","potions_obtained":[{"floor":3.0,"key":"LiquidMemories"},{"floor":5.0,"key":"Fire Potion"},{"floor":6.0,"key":"FearPotion"},{"floor":8.0,"key":"PowerPotion"},{"floor":10.0,"key":"SpeedPotion"}],"is_trial":false,"path_per_floor":["M","?","M","M","M","E","R","E","T","E","R","M","M","M","R","B"],"character_chosen":"DEFECT","items_purchased":[],"campfire_rested":0,"item_purchase_floors":[],"current_hp_per_floor":[75,50,50,50,48,50,50,43,43,39,39,33,33,33,33,33,33],"gold":287,"neow_bonus":"THREE_CARDS","is_daily":false,"chose_seed":false,"campfire_upgraded":3,"win_rate":0.0,"timestamp":1613443180,"path_taken":["M","?","M","M","M","E","R","E","T","E","R","M","M","M","R","BOSS"],"items_purchased_type":[],"build_version":"2020-12-22","purchased_purges":0,"victory":false,"max_hp_per_floor":[75,75,75,75,75,82,82,82,82,82,82,82,82,82,82,82,82],"card_choices":[{"not_picked":["Rebound","Coolheaded"],"picked":"Ball Lightning","floor":0.0},{"not_picked":["Go for the Eyes","Streamline"],"picked":"Glacier","floor":1.0},{"not_picked":["Steam Power","Stack"],"picked":"Coolheaded","floor":3.0},{"not_picked":["Melter","Auto Shields"],"picked":"Steam Power","floor":4.0},{"not_picked":["Gash","Hologram"],"picked":"Conserve Battery","floor":5.0},{"not_picked":["Double Energy","Beam Cell"],"picked":"Ball Lightning","floor":6.0},{"not_picked":["Conserve Battery","Steam"],"picked":"Redo","floor":8.0},{"not_picked":["Stack","Machine Learning"],"picked":"White Noise","floor":10.0},{"not_picked":["Conserve Battery","Compile Driver"],"picked":"Tempest","floor":12.0},{"not_picked":["Redo","Rip and Tear"],"picked":"Double Energy","floor":13.0},{"not_picked":["Streamline","Darkness","Recycle"],"picked":"SKIP","floor":14.0}],"player_experience":200873,"relics_obtained":[{"floor":6.0,"key":"Strawberry"},{"floor":8.0,"key":"Matryoshka"},{"floor":9.0,"key":"Art of War"},{"floor":9.0,"key":"Bag of Marbles"},{"floor":10.0,"key":"Emotion Chip"}],"event_choices":[{"damage_healed":0.0,"max_hp_gain":0.0,"max_hp_loss":0.0,"gold_gain":0.0,"event_name":"Scrap Ooze","player_choice":"Success","floor":2.0,"gold_loss":0.0,"damage_taken":25.0,"relics_obtained":["Lantern"]}],"is_beta":false,"boss_relics":[],"items_purged_floors":[],"is_endless":false,"potions_floor_spawned":[3,5,6,8,10],"killed_by":"The Guardian","ascension_level":5}}