{"host":"ormi09wwzv7sq47a","time":1613486206,"event":{"mods":["2.2 Compatiblity","AchievementEnabler","Act Like it!","BaseMod","Bestiary","Better Altar","Better Note","Better Sensory Stone","Better Silent Start","Better Skull","Better Third Choice","Better Vampires","BetterRewards","Block Reminder","Card Forge","Colored Map","Colored Powertips","Curses Come First","DeckTracker","Downfall","Highlight Path","Minty Spire (QoL Compilation)","Permanent Neow","Quick Restart","Rare Cards Sparkle","Relic Stats","Shop Mod","StSLib","The Jungle"],"gold_per_floor":[113,0,0,13,33,63,83,96,149,192,204,228,240,280,292,304,304],"floor_reached":16,"language":"ENG","playtime":671,"items_purged":[],"score":257,"play_id":"aaff1634-17ec-4f76-8fb8-64b54736ca6d","local_time":"20210216113646","is_ascension_mode":true,"campfire_choices":[{"data":"Whirlwind","floor":11,"key":"SMITH"},{"data":"Disarm","floor":13,"key":"SMITH"},{"data":"Dark Embrace","floor":15,"key":"SMITH"}],"circlet_count":0,"master_deck":["AscendersBane","Strike_R+1","Strike_R","Strike_R","Strike_R+1","Strike_R+1","Defend_R+1","Defend_R","Defend_R","Defend_R","Bash","Armaments","Whirlwind+1","Enlightenment","Shockwave+1","Iron Wave+1","Pommel Strike","Disarm+1","Dark Embrace+1","Shrug It Off"],"relics":["Burning Blood","Hammer of Thor","Seething Fire","Anvil of the Gods","Lee\u0027s Waffle","TungstenRod","hexamod:BolsterEngine","Pear","Whetstone","MawBank","Kunai","War Paint"],"acts_visited":["Exordium"],"potions_floor_usage":[5,6,7,10,16],"damage_taken":[{"damage":0,"enemies":"Small Slimes","floor":1,"turns":3},{"damage":0,"enemies":"2 Louse","floor":4,"turns":2},{"damage":1,"enemies":"Jaw Worm","floor":5,"turns":4},{"damage":30,"enemies":"Gremlin Nob","floor":6,"turns":4},{"damage":8,"enemies":"Exordium Wildlife","floor":7,"turns":4},{"damage":1,"enemies":"3 Louse","floor":8,"turns":3},{"damage":10,"enemies":"3 Sentries","floor":10,"turns":5},{"damage":7,"enemies":"Blue Slaver","floor":12,"turns":5},{"damage":22,"enemies":"Gremlin Nob","floor":14,"turns":4},{"damage":42,"enemies":"Slime Boss","floor":16,"turns":7}],"seed_played":"-5045547954536479857","potions_obtained":[{"floor":1,"key":"Swift Potion"},{"floor":4,"key":"FearPotion"},{"floor":6,"key":"Energy Potion"},{"floor":8,"key":"Slimebound:ThreeZeroPotion"},{"floor":14,"key":"Energy Potion"}],"is_trial":false,"path_per_floor":["M","?","?","M","M","E","M","M","T","E","R","M","R","E","R","B"],"character_chosen":"IRONCLAD","items_purchased":["Lee\u0027s Waffle","hexamod:BolsterEngine","Pear","Armaments"],"campfire_rested":0,"item_purchase_floors":[0,0,0,0],"current_hp_per_floor":[92,98,70,76,81,57,55,60,60,56,56,55,55,39,39,0,0],"gold":304,"neow_bonus":"","is_daily":false,"chose_seed":false,"campfire_upgraded":3,"win_rate":0.0,"timestamp":1613486206,"path_taken":["M","?","?","M","?","E","M","M","T","E","R","M","R","E","R","BOSS"],"items_purchased_type":["Relic","Relic","Relic","Card"],"build_version":"2020-12-22","purchased_purges":0,"victory":false,"max_hp_per_floor":[92,98,98,98,98,98,98,98,98,98,98,98,98,98,98,98,98],"relic_stats":{"Lee\u0027s Waffle":49,"counters":[20,83],"Whetstone":["Strike_R","Iron Wave"],"Kunai":[4],"War Paint":["Shockwave","Defend_R"],"MawBank":84,"obtain_stats":[{"Lee\u0027s Waffle":0,"Pear":0,"Self Forming Clay":21,"Hammer of Thor":0,"champ:DeflectingBracers":0,"The Courier":9,"betterThird:NestCultRelic":19,"Seething Fire":0,"Whetstone":6,"War Paint":0,"MawBank":9,"Burning Blood":0,"Bottled Flame":12,"Anvil of the Gods":0,"Coffee Dripper":17,"Kunai":10,"hexamod:BolsterEngine":0,"TungstenRod":0},{"Lee\u0027s Waffle":10,"Pear":10,"Self Forming Clay":8,"Hammer of Thor":0,"champ:DeflectingBracers":0,"The Courier":3,"betterThird:NestCultRelic":8,"Seething Fire":0,"Whetstone":14,"War Paint":0,"MawBank":16,"Burning Blood":0,"Bottled Flame":5,"Anvil of the Gods":0,"Coffee Dripper":7,"Kunai":17,"hexamod:BolsterEngine":10,"TungstenRod":10},{"Lee\u0027s Waffle":42,"Pear":42,"Self Forming Clay":32,"Hammer of Thor":0,"champ:DeflectingBracers":0,"The Courier":7,"betterThird:NestCultRelic":32,"Seething Fire":0,"Whetstone":55,"War Paint":0,"MawBank":62,"Burning Blood":0,"Bottled Flame":14,"Anvil of the Gods":0,"Coffee Dripper":27,"Kunai":67,"hexamod:BolsterEngine":42,"TungstenRod":42}],"Burning Blood":102,"TungstenRod":20},"card_choices":[{"not_picked":["Headbutt","Cleave"],"picked":"Whirlwind","floor":1},{"not_picked":["Pommel Strike","Warcry"],"picked":"Shockwave","floor":4},{"not_picked":["Shockwave","Rupture"],"picked":"Iron Wave","floor":5},{"not_picked":["Metallicize","Rupture"],"picked":"Pommel Strike","floor":6},{"not_picked":["Body Slam","Sword Boomerang","Cleave"],"picked":"SKIP","floor":7},{"not_picked":["Clothesline","Double Tap"],"picked":"Disarm","floor":8},{"not_picked":["Burning Pact","Cleave"],"picked":"Dark Embrace","floor":10},{"not_picked":["Warcry","Inflame"],"picked":"Shrug It Off","floor":12},{"not_picked":["Infernal Blade","Cleave","Thunderclap"],"picked":"SKIP","floor":14}],"player_experience":1090488,"relics_obtained":[{"floor":6,"key":"Whetstone"},{"floor":9,"key":"MawBank"},{"floor":10,"key":"Kunai"},{"floor":14,"key":"War Paint"}],"event_choices":[{"damage_healed":0,"gold_gain":0,"player_choice":"RENOUNCE","damage_taken":113,"max_hp_gain":0,"max_hp_loss":0,"event_name":"betterThird:BetterSerpent","floor":2,"gold_loss":113,"cards_obtained":["Enlightenment"]},{"damage_healed":98,"gold_gain":0,"player_choice":"Upgrade","damage_taken":29,"max_hp_gain":0,"max_hp_loss":98,"event_name":"betterThird:BetterShining","floor":3,"gold_loss":0,"cards_upgraded":["Strike_R","Strike_R"]}],"is_beta":false,"boss_relics":[],"items_purged_floors":[],"is_endless":false,"potions_floor_spawned":[1,4,6,8,14],"killed_by":"Slime Boss","ascension_level":18}}