{"host":"gzsdmyo07u314vug","time":1613478099,"event":{"mods":["2.2 Compatiblity","Astrologer","BaseMod","Colored Powertips","GifTheSpireLib","Gremlin Mod","Hermit","Jorbs\u0027s Wanderer Trilogy","Minty Spire (QoL Compilation)","Quick Restart","Rare Cards Sparkle","Relic Stats","Replay The Spire","Robot Space Explorer","Shop Mod","StSLib","The Bladedancer","The Bug Knight","The Construct","The Cursed","The Elementalist","The Hierophant","The IronCluck","The Marked","The Necromancer","The Runesmith","The Servant 0.9.4","Unceasing Turn Reminder","everything is the same but u backflip on backflip","slay the spire mod where everything is the same but ironclad has a cowboy hat"],"gold_per_floor":[116,127,138,63,63,63,77,77,103,3,3,18,42,42,42,138,138,158,158,3,16,16,16,16,37,63,77,77,121,121,165,165,254,254,275,375,393,416,113,113,154,169,218,241,241,257,270,291,291,291],"floor_reached":51,"language":"ENG","playtime":2428,"items_purged":["Strike_B","Strike_B","Defend_B"],"score":1398,"play_id":"096ec475-0dbf-4c4e-b193-8e6b8ec73da3","local_time":"20210216092139","is_ascension_mode":true,"campfire_choices":[{"data":"Dualcast","floor":6,"key":"SMITH"},{"data":"Zap","floor":8,"key":"SMITH"},{"data":"ReplayTheSpireMod:Calculation Training","floor":11,"key":"SMITH"},{"floor":15,"key":"REST"},{"data":"Coolheaded","floor":23,"key":"SMITH"},{"data":"Defend_B","floor":28,"key":"SMITH"},{"data":"Glacier","floor":30,"key":"SMITH"},{"data":"Conserve Battery","floor":32,"key":"SMITH"},{"data":"Mayhem","floor":40,"key":"SMITH"},{"data":"Defend_B","floor":45,"key":"PURGE"},{"data":"Defend_B+1","floor":49,"key":"PURGE"}],"circlet_count":0,"master_deck":["AscendersBane","Zap+1","Dualcast+1","ReplayTheSpireMod:Calculation Training+1","Ball Lightning+1","Cold Snap","Coolheaded+1","Buffer+1","Compile Driver","FIFO Queue+1","Blizzard+1","Glacier+1","Conserve Battery+1","Echo Form","BootSequence","Mayhem+1","Hologram"],"relics":["Cracked Core","Blood Vial","Akabeko","Odd Mushroom","Golden Idol","Coffee Dripper","CultistMask","Guide Book","Geode","Regal Pillow","Replay:Rubber Ducky","Painkiller Herb","Replay:Multitool","Toy Ornithopter"],"acts_visited":["Exordium","TheCity","TheBeyond"],"potions_floor_usage":[3,18,27,33,50],"damage_taken":[{"damage":9,"enemies":"2 Louse","floor":1,"turns":4},{"damage":1,"enemies":"Cultist","floor":2,"turns":3},{"damage":1,"enemies":"Small Slimes","floor":3,"turns":4},{"damage":1,"enemies":"2 Fungi Beasts","floor":7,"turns":3},{"damage":13,"enemies":"Exordium Wildlife","floor":12,"turns":4},{"damage":7,"enemies":"The Mushroom Lair","floor":13,"turns":4},{"damage":3,"enemies":"The Guardian","floor":16,"turns":9},{"damage":11,"enemies":"3 Byrds","floor":18,"turns":4},{"damage":0,"enemies":"Shell Parasite","floor":21,"turns":4},{"damage":12,"enemies":"Shelled Parasite and Fungi","floor":25,"turns":5},{"damage":10,"enemies":"Chosen and Byrds","floor":27,"turns":4},{"damage":0,"enemies":"Gremlin Leader","floor":29,"turns":6},{"damage":0,"enemies":"Book of Stabbing","floor":31,"turns":6},{"damage":16,"enemies":"Pondfish","floor":33,"turns":11},{"damage":0,"enemies":"Orb Walker","floor":35,"turns":4},{"damage":0,"enemies":"3 Shapes","floor":37,"turns":5},{"damage":0,"enemies":"Maw","floor":38,"turns":7},{"damage":0,"enemies":"Giant Head","floor":41,"turns":9},{"damage":0,"enemies":"3 Darklings","floor":42,"turns":5},{"damage":0,"enemies":"Jaw Worm Horde","floor":44,"turns":5},{"damage":0,"enemies":"Transient","floor":46,"turns":5},{"damage":0,"enemies":"Sphere and 2 Shapes","floor":47,"turns":6},{"damage":0,"enemies":"4 Shapes","floor":48,"turns":5},{"damage":46,"enemies":"Time Eater","floor":50,"turns":12}],"seed_played":"711727972070314635","potions_obtained":[{"floor":1,"key":"ColorlessPotion"},{"floor":3,"key":"SpeedPotion"},{"floor":7,"key":"Cursed Concoction"},{"floor":25,"key":"Energy Potion"},{"floor":29,"key":"PotionOfCapacity"},{"floor":37,"key":"Swift Potion"}],"is_trial":false,"path_per_floor":["M","M","M","$","?","R","M","R","T","$","R","M","?","?","R","B",null,"M","?","$","M","$","R","?","M","T","M","R","E","R","E","R","B",null,"?","?","?","?","T","T","E","?","T","?","T","?","?","?","T","B",null],"character_chosen":"DEFECT","items_purchased":["Guide Book","Mayhem"],"campfire_rested":1,"item_purchase_floors":[20,39],"current_hp_per_floor":[37,36,35,35,35,35,36,36,36,36,36,25,20,20,39,38,59,50,50,50,52,52,52,52,42,42,34,34,36,36,38,38,24,56,58,58,60,62,62,62,64,66,66,66,66,66,66,66,66,20],"gold":291,"neow_bonus":"REMOVE_TWO","is_daily":false,"chose_seed":false,"campfire_upgraded":8,"win_rate":0.0,"timestamp":1613478099,"path_taken":["M","M","M","$","?","R","M","R","T","$","R","?","?","?","R","BOSS","M","?","?","M","$","R","?","M","T","M","R","E","R","E","R","BOSS","?","?","?","?","T","T","E","?","T","?","T","?","?","?","T","BOSS"],"items_purchased_type":["Relic","Card"],"build_version":"2020-12-22","purchased_purges":3,"victory":true,"max_hp_per_floor":[71,71,71,71,71,71,71,71,71,71,71,71,71,66,66,66,66,66,66,66,66,66,66,66,66,66,66,66,66,66,66,66,66,66,66,66,66,66,66,66,66,66,66,66,66,66,66,66,66,66],"relic_stats":{"Blood Vial":32,"Regal Pillow":0,"counters":[24,134],"Golden Idol":126,"obtain_stats":[{"Regal Pillow":29,"Golden Idol":14,"Guide Book":20,"Painkiller Herb":34,"Geode":26,"Replay:Multitool":41,"Odd Mushroom":13,"Akabeko":9,"Replay:Rubber Ducky":31,"Blood Vial":5,"CultistMask":19,"Coffee Dripper":17,"Cracked Core":0,"Toy Ornithopter":43},{"Regal Pillow":12,"Golden Idol":6,"Guide Book":8,"Painkiller Herb":14,"Geode":10,"Replay:Multitool":18,"Odd Mushroom":6,"Akabeko":4,"Replay:Rubber Ducky":13,"Blood Vial":3,"CultistMask":8,"Coffee Dripper":7,"Cracked Core":0,"Toy Ornithopter":19},{"Regal Pillow":54,"Golden Idol":22,"Guide Book":35,"Painkiller Herb":71,"Geode":44,"Replay:Multitool":96,"Odd Mushroom":22,"Akabeko":14,"Replay:Rubber Ducky":60,"Blood Vial":11,"CultistMask":35,"Coffee Dripper":31,"Cracked Core":0,"Toy Ornithopter":101}],"Toy Ornithopter":0},"card_choices":[{"not_picked":["ReplayTheSpireMod:Repulse","Static Discharge","ReplaySolidLightProjector"],"picked":"SKIP","floor":1},{"not_picked":["ReplaySort","Cold Snap"],"picked":"ReplayTheSpireMod:Calculation Training","floor":2},{"not_picked":["Fusion","Heatsinks","Steam"],"picked":"SKIP","floor":3},{"not_picked":["Streamline","Steam"],"picked":"Ball Lightning","floor":7},{"not_picked":["Cold Snap","Beam Cell","Rebound"],"picked":"SKIP","floor":12},{"not_picked":["Beam Cell","Rebound"],"picked":"Cold Snap","floor":12},{"not_picked":["Streamline","Static Discharge"],"picked":"Coolheaded","floor":13},{"not_picked":["Core Surge","Reboot"],"picked":"Buffer","floor":16},{"not_picked":["Static Discharge","Turbo"],"picked":"Compile Driver","floor":18},{"not_picked":["Streamline","Crystallizer"],"picked":"FIFO Queue+1","floor":21},{"not_picked":["Compile Driver","Sweeping Beam+1","Storm"],"picked":"SKIP","floor":25},{"not_picked":["Melter","Steam"],"picked":"Blizzard+1","floor":27},{"not_picked":["Tempest","Sweeping Beam"],"picked":"Glacier","floor":29},{"not_picked":["Gash","Ball Lightning"],"picked":"Conserve Battery","floor":31},{"not_picked":["Seek","Reboot"],"picked":"Echo Form","floor":33},{"not_picked":["Turbo","Coolheaded","Beam Cell"],"picked":"SKIP","floor":35},{"not_picked":["FTL","BasicCrystalCard","Recycle+1"],"picked":"SKIP","floor":37},{"not_picked":["Rebound","Cold Snap"],"picked":"BootSequence","floor":38},{"not_picked":["Gash","Panic Button","Stack"],"picked":"SKIP","floor":41},{"not_picked":["Cold Snap","Panic Button+1"],"picked":"Hologram","floor":42},{"not_picked":["ReplayRNGCard","Beam Cell+1","Chill+1"],"picked":"SKIP","floor":44},{"not_picked":["Steam","Tempest","Beam Cell"],"picked":"SKIP","floor":46},{"not_picked":["Gash","ReplayTheSpireMod:GoodbyeWorld","Sweeping Beam"],"picked":"SKIP","floor":47},{"not_picked":["Chaos","Leap","Panic Button"],"picked":"SKIP","floor":48}],"player_experience":905990,"relics_obtained":[{"floor":5,"key":"Blood Vial"},{"floor":9,"key":"Akabeko"},{"floor":13,"key":"Odd Mushroom"},{"floor":26,"key":"Geode"},{"floor":29,"key":"Regal Pillow"},{"floor":31,"key":"Replay:Rubber Ducky"},{"floor":41,"key":"Replay:Multitool"},{"floor":43,"key":"Toy Ornithopter"}],"event_choices":[{"damage_healed":0,"gold_gain":0,"player_choice":"Relic","damage_taken":0,"max_hp_gain":0,"max_hp_loss":0,"event_name":"Wheel of Change","floor":5,"gold_loss":0},{"damage_healed":0,"gold_gain":0,"player_choice":"Fought Mushrooms","damage_taken":0,"max_hp_gain":0,"max_hp_loss":0,"event_name":"Mushrooms","floor":13,"gold_loss":0},{"damage_healed":0,"gold_gain":0,"player_choice":"Lose Max HP","damage_taken":0,"relics_obtained":["Golden Idol"],"max_hp_gain":0,"max_hp_loss":5,"event_name":"Golden Idol","floor":14,"gold_loss":0},{"damage_healed":0,"gold_gain":0,"player_choice":"Trade","damage_taken":0,"relics_obtained":["CultistMask"],"max_hp_gain":0,"max_hp_loss":0,"event_name":"FaceTrader","floor":19,"gold_loss":0},{"cards_removed":["Strike_B"],"damage_healed":0,"gold_gain":0,"player_choice":"Elegance","damage_taken":0,"max_hp_gain":0,"max_hp_loss":0,"event_name":"Back to Basics","floor":24,"gold_loss":0},{"damage_healed":0,"gold_gain":100,"player_choice":"Pray","damage_taken":0,"max_hp_gain":0,"max_hp_loss":0,"event_name":"Golden Shrine","floor":36,"gold_loss":0}],"is_beta":false,"boss_relics":[{"not_picked":["Philosopher\u0027s Stone","Astrolabe"],"picked":"Coffee Dripper"},{"not_picked":["Replay:Wanted Poster","Snecko Eye"],"picked":"Painkiller Herb"}],"items_purged_floors":[4,10,39],"is_endless":false,"potions_floor_spawned":[1,3,7,16,25,29,31,37,38,41,47,48],"ascension_level":14}}