{"host":"9tei3k72ipos80hh","time":1613449378,"event":{"mods":["BaseMod","Colored Map","Conspire","Downfall","Googly Eyes","Halation","Hubris","Minty Spire (QoL Compilation)","Relic Sorter","Replay The Spire","Shop Mod","StSLib"],"gold_per_floor":[111,36,36,51,65,65,65,65,140,140,94,108,108,140,140,243,343,358,377,138,151,8,8,0,0,24,24,34,84,84,84],"floor_reached":30,"language":"ENG","playtime":1289,"items_purged":["hubris:Gluttony"],"score":285,"play_id":"aa816403-4478-42eb-bcf8-4d13c3eeae48","local_time":"20210215232258","is_ascension_mode":true,"campfire_choices":[{"data":"FIFO Queue","floor":6,"key":"SMITH"},{"data":"BasicCrystalCard","floor":8,"key":"SMITH"},{"data":"Zap","floor":10,"key":"SMITH"},{"data":"Leap","floor":13,"key":"SMITH"},{"data":"Auto Shields","floor":15,"key":"SMITH"},{"floor":23,"key":"REST"}],"circlet_count":0,"master_deck":["conspire:GhostlyStrike","conspire:GhostlyStrike","conspire:GhostlyStrike","conspire:GhostlyDefend","conspire:GhostlyDefend","conspire:GhostlyDefend","conspire:GhostlyDefend","Zap+1","Dualcast","Leap+1","BasicCrystalCard+1","FIFO Queue+1","Sadistic Nature+1","Cold Snap+1","Auto Shields+1","Rebound+1","Thunder Strike+1","Ball Lightning+1","Panic Button","Zap+1"],"relics":["Cracked Core","BranchBurnRelic","Molten Egg 2","conspire:TopHat","Juzu Bracelet","MerchantsRug","Pet Ghost","Replay:Mystery Machine","SsserpentHead"],"acts_visited":["Exordium","TheCity"],"potions_floor_usage":[16,16,28],"damage_taken":[{"damage":5,"enemies":"conspire:RoseBush","floor":1,"turns":3},{"damage":9,"enemies":"2 Louse","floor":4,"turns":3},{"damage":0,"enemies":"Jaw Worm","floor":5,"turns":4},{"damage":0,"enemies":"Large Slime","floor":12,"turns":4},{"damage":26,"enemies":"Gremlin Nob","floor":14,"turns":5},{"damage":48,"enemies":"Fading Forest","floor":16,"turns":11},{"damage":6,"enemies":"Shell Parasite","floor":18,"turns":7},{"damage":11,"enemies":"conspire:FuzzyDice","floor":19,"turns":6},{"damage":36,"enemies":"Centurion and Healer","floor":21,"turns":8},{"damage":24,"enemies":"Snake Plant","floor":28,"turns":4},{"damage":33,"enemies":"conspire:Head Lice","floor":30,"turns":7}],"seed_played":"7361514505333274249","potions_obtained":[{"floor":4,"key":"BlessingOfTheForge"},{"floor":12,"key":"Energy Potion"},{"floor":19,"key":"hexamod:SoulburnPotion"}],"is_trial":false,"path_per_floor":["M","$","?","M","M","R","?","R","T","R","$","M","R","E","R","B",null,"M","M","$","M","$","R","?","?","T","?","M","?","E"],"character_chosen":"DEFECT","items_purchased":["Cold Snap+1","Ball Lightning+1","Juzu Bracelet","MerchantsRug","Pet Ghost"],"campfire_rested":1,"item_purchase_floors":[11,20,20,20,22],"current_hp_per_floor":[70,70,70,61,61,61,61,61,61,61,61,73,73,54,54,39,75,69,58,58,22,22,44,44,44,44,44,32,32,0,0],"gold":84,"neow_bonus":"ONE_RARE_RELIC","is_daily":false,"chose_seed":false,"campfire_upgraded":5,"win_rate":0.0,"timestamp":1613449378,"path_taken":["M","$","?","M","M","R","?","R","T","R","?","M","R","E","R","BOSS","M","M","$","M","$","R","?","?","T","?","M","?","E"],"items_purchased_type":["Card","Card","Relic","Relic","Relic"],"build_version":"2020-12-22","purchased_purges":1,"victory":false,"max_hp_per_floor":[75,75,75,75,75,75,75,75,75,75,75,75,75,75,75,75,75,75,75,75,75,75,75,75,75,75,75,75,75,75,75],"card_choices":[{"not_picked":["ReplaySort","Hologram"],"picked":"Leap","floor":1},{"not_picked":["ReplayTheSpireMod:Repulse","Streamline"],"picked":"BasicCrystalCard","floor":4},{"not_picked":["Panic Button","Compile Driver"],"picked":"FIFO Queue","floor":5},{"not_picked":["Beam Cell+1","Turbo"],"picked":"Auto Shields","floor":12},{"not_picked":["Reboot","Streamline+1"],"picked":"Rebound+1","floor":14},{"not_picked":["Fission","hubris:Prefetch"],"picked":"Thunder Strike+1","floor":16},{"not_picked":["Reinforced Body+1","FIFO Queue","Aggregate"],"picked":"SKIP","floor":18},{"not_picked":["Turbo","Hologram","Time Bomb"],"picked":"SKIP","floor":19},{"not_picked":["Stack","Scrape+1"],"picked":"Panic Button","floor":21},{"not_picked":["ReplaySolidLightProjector","Stack+1","Capacitor"],"picked":"SKIP","floor":28}],"player_experience":443291,"relics_obtained":[{"floor":9,"key":"Molten Egg 2"},{"floor":14,"key":"conspire:TopHat"},{"floor":26,"key":"Replay:Mystery Machine"}],"event_choices":[{"damage_healed":0,"gold_gain":0,"player_choice":"Agree","damage_taken":0,"max_hp_gain":0,"max_hp_loss":0,"event_name":"conspire:LoneGhost","floor":3,"gold_loss":0},{"damage_healed":0,"gold_gain":0,"player_choice":"Paid Fearfully","damage_taken":0,"max_hp_gain":0,"max_hp_loss":0,"event_name":"Masked Bandits","floor":24,"gold_loss":8},{"damage_healed":0,"gold_gain":0,"player_choice":"Ignored","damage_taken":0,"max_hp_gain":0,"max_hp_loss":0,"event_name":"Cursed Tome","floor":25,"gold_loss":0},{"damage_healed":0,"gold_gain":0,"player_choice":"Trade","damage_taken":0,"relics_obtained":["SsserpentHead"],"max_hp_gain":0,"max_hp_loss":0,"event_name":"FaceTrader","floor":27,"gold_loss":0},{"damage_healed":0,"gold_gain":0,"player_choice":"Copied","damage_taken":0,"max_hp_gain":0,"max_hp_loss":0,"event_name":"Duplicator","floor":29,"gold_loss":0,"cards_obtained":["Zap"]}],"is_beta":false,"boss_relics":[{"not_picked":["Busted Crown","ChewingGum"],"picked":"Replay:Wanted Poster"}],"items_purged_floors":[2],"is_endless":false,"potions_floor_spawned":[4,12,19],"killed_by":"conspire:Head Lice","ascension_level":3}}