{"host":"am8lvo9xvzrux3wx","time":1613452726,"event":{"mods":["2.2 Compatiblity","AchievementEnabler","Aspiration","BaseMod","Block Reminder","Colored Map","Downfall","Halation","Minty Spire (QoL Compilation)","Random Character Mod","Reliquary","Replay The Spire","StSLib","The Bug Knight","The Construct","The Cursed","The Forsaken","The Runesmith"],"gold_per_floor":[0,0,59,70,70,95,95,114,14,30,65,84,16,43,56,154,154,54,67,67,86,71,71,71,90,0,10,10,24,24,24,44,142,142,42,58,70,123,123,123,123,138,170,187,206,206,206,248,258,258,258,289,0,0,0,0],"floor_reached":57,"language":"ENG","playtime":6819,"items_purged":["downfall:Malfunctioning","Guardian:GuardianWhirl","Guardian:BronzeArmor"],"score":1269,"play_id":"600a5b93-6a20-4d1c-826f-d9c006845045","local_time":"20210216001846","is_ascension_mode":false,"campfire_choices":[{"floor":1,"key":"RECALL"},{"data":"Guardian:ArmoredProtocol","floor":9,"key":"SMITH"},{"data":"Guardian:PrismaticBarrier","floor":18,"key":"SMITH"},{"data":"Guardian:RevengeProtocol","floor":28,"key":"SMITH"},{"data":"Guardian:RollAttack","floor":30,"key":"SMITH"},{"data":"Guardian:TwinSlam","floor":35,"key":"SMITH"},{"data":"Guardian:BodySlam","floor":40,"key":"SMITH"},{"data":"Guardian:PiercingHide","floor":47,"key":"SMITH"},{"data":"Guardian:BodySlam","floor":54,"key":"SMITH"}],"circlet_count":0,"master_deck":["Guardian:Strike_Guardian+1","Guardian:Strike_Guardian+1","Guardian:Strike_Guardian+1","Guardian:Defend_Guardian","Guardian:Defend_Guardian","Guardian:Defend_Guardian","Guardian:Defend_Guardian","Guardian:CurlUp+1","Guardian:TwinSlam+1","Guardian:ArmoredProtocol+1","Guardian:RollAttack+1","Guardian:BodySlam+1","Guardian:PrismaticBarrier+1","Guardian:RevengeProtocol+1","Guardian:StasisStrike","Guardian:BronzeOrb+1","Guardian:BodySlam+1","Guardian:PiercingHide+1","Guardian:PiercingHide+1"],"relics":["Guardian:ModeShifter","construct:BoolHorns","Boot","reliquary:Boomerang","ReplayTheSpireMod:Shallot","downfall:HeartBlessingRed","Pen Nib","reliquary:SharkskinSheath","reliquary:ThirdArm","downfall:HeartBlessingGreen","aspiration:RitualStick","GremlinMask","Replay:Grab Bag","Coffee Dripper","Guardian:StasisSlotReductionRelic","aspiration:RitualDagger","downfall:HeartBlessingBlue","halation:VictoryRuler","Kunai","aspiration:HatOfInfinitePower","Nunchaku","halation:Komachan","ReplayTheSpireMod:Lightbulb"],"acts_visited":["Exordium","TheCity","TheBeyond","TheEnding"],"potions_floor_usage":[11,15,22,26,33,43,43,50,50,50,55,55,56],"damage_taken":[{"damage":17,"enemies":"3 Sentries","floor":3,"turns":10},{"damage":0,"enemies":"2 Louse","floor":4,"turns":2},{"damage":0,"enemies":"Jaw Worm","floor":8,"turns":1},{"damage":0,"enemies":"Small Slimes","floor":10,"turns":4},{"damage":16,"enemies":"3 Sentries","floor":11,"turns":11},{"damage":0,"enemies":"downfall:LooterAlt","floor":12,"turns":3},{"damage":0,"enemies":"downfall:FleeingMerchant","floor":13,"turns":4},{"damage":0,"enemies":"HollowMod:MossKnight","floor":14,"turns":6},{"damage":1,"enemies":"Exordium Wildlife","floor":15,"turns":3},{"damage":6,"enemies":"SI_SHIV_ARCHETYPE","floor":16,"turns":7},{"damage":0,"enemies":"downfall:LooterAlt2","floor":19,"turns":5},{"damage":0,"enemies":"Chosen","floor":21,"turns":3},{"damage":0,"enemies":"downfall:FleeingMerchant","floor":22,"turns":4},{"damage":11,"enemies":"Snake Plant","floor":25,"turns":4},{"damage":0,"enemies":"downfall:FleeingMerchant","floor":26,"turns":4},{"damage":6,"enemies":"Shelled Parasite and Fungi","floor":27,"turns":5},{"damage":0,"enemies":"3 Cultists","floor":29,"turns":4},{"damage":0,"enemies":"Snecko","floor":32,"turns":3},{"damage":38,"enemies":"WA_ARCHETYPE_CALM","floor":33,"turns":10},{"damage":9,"enemies":"Orb Walker","floor":36,"turns":3},{"damage":9,"enemies":"3 Shapes","floor":37,"turns":3},{"damage":14,"enemies":"2 Orb Walkers","floor":38,"turns":4},{"damage":9,"enemies":"Spire Growth","floor":42,"turns":3},{"damage":9,"enemies":"Reptomancer","floor":43,"turns":3},{"damage":9,"enemies":"4 Shapes","floor":44,"turns":3},{"damage":21,"enemies":"Writhing Mass","floor":45,"turns":3},{"damage":12,"enemies":"downfall:FleeingMerchant","floor":48,"turns":4},{"damage":10,"enemies":"Jaw Worm Horde","floor":49,"turns":3},{"damage":24,"enemies":"DF_ARCHETYPE_ORBS","floor":50,"turns":8},{"damage":44,"enemies":"downfall:CharBossMerchant","floor":52,"turns":7},{"damage":26,"enemies":"downfall:NeowBoss","floor":55,"turns":12},{"damage":82,"enemies":"downfall:NeowBossFinal","floor":56,"turns":9}],"seed_played":"4513682034416186490","potions_obtained":[{"floor":4,"key":"Explosive Potion"},{"floor":8,"key":"Explosive Potion"},{"floor":11,"key":"Energy Potion"},{"floor":14,"key":"Fire Potion"},{"floor":15,"key":"Explosive Potion"},{"floor":21,"key":"Guardian:DefensiveModePotion"},{"floor":27,"key":"SkillPotion"},{"floor":29,"key":"Adrenaline Potion"},{"floor":32,"key":"Flashbang"},{"floor":33,"key":"Ancient Potion"},{"floor":36,"key":"Energy Potion"},{"floor":42,"key":"Dexterity Potion"},{"floor":44,"key":"champ:CounterPotion"},{"floor":52,"key":"Cursed Concoction"}],"is_trial":false,"path_per_floor":["R","?","?","M","?","T","T","M","R","M","E","M","$","E","M","B",null,"R","M","?","M","$","?","T","M","$","M","R","M","R","?","M","B",null,"R","M","M","?","?","R","T","M","E","M","M","T","R","$","M","B",null,"E","$","R","B","B",null],"character_chosen":"GUARDIAN","items_purchased":["Guardian:Gem_Cyan","halation:Komachan","hexamod:SoulburnPotion","Death Potion","LifebloodPotion"],"campfire_rested":0,"item_purchase_floors":[13,48,48,53,53],"current_hp_per_floor":[80,80,63,63,63,63,63,63,63,63,47,47,47,47,46,40,80,80,80,80,80,80,64,64,53,53,47,47,47,47,47,47,9,80,90,81,72,58,58,58,58,49,40,31,10,10,10,90,90,90,90,65,65,65,90,82],"gold":0,"neow_bonus":"ONE_RARE_RELIC","is_daily":false,"chose_seed":false,"campfire_upgraded":8,"win_rate":0.0,"timestamp":1613452726,"path_taken":["R","?","?","M","?","?","T","M","R","?","E","M","$","E","M","BOSS","R","M","?","?","?","?","T","M","$","M","R","M","R","?","M","BOSS","R","M","M","?","?","R","T","M","E","M","M","?","R","?","M","BOSS","E","$","R","BOSS","BOSS"],"items_purchased_type":["Card","Relic","Potion","Potion","Potion"],"build_version":"2020-12-22","purchased_purges":3,"victory":true,"max_hp_per_floor":[80,80,80,80,80,80,80,80,80,80,80,80,80,80,80,80,80,80,80,80,80,80,80,80,80,80,80,80,80,80,80,80,80,80,90,90,90,90,90,90,90,90,90,90,90,90,90,90,90,90,90,90,90,90,90,90],"card_choices":[{"not_picked":["Guardian:TemporalShield","Guardian:Incinerate"],"picked":"Guardian:ArmoredProtocol","floor":3},{"not_picked":["Guardian:CrystalBeam","Guardian:Gem_Fragmented"],"picked":"Guardian:Gem_Lightblue","floor":4},{"not_picked":["Guardian:PrismaticBeam","Guardian:Gem_Fragmented"],"picked":"Guardian:Gem_Green","floor":8},{"not_picked":["Guardian:TemporalShield","Guardian:CrystalBeam"],"picked":"Guardian:GuardianWhirl","floor":10},{"not_picked":["Guardian:Gem_Synthetic","Guardian:SentryBeam"],"picked":"Guardian:RollAttack","floor":11},{"not_picked":["Guardian:Gem_Lightblue","Guardian:Suspension"],"picked":"Guardian:BodySlam","floor":12},{"not_picked":["Guardian:Reroute","Guardian:AncientConstruct"],"picked":"Guardian:PrismaticBarrier","floor":13},{"not_picked":["Guardian:Gem_Yellow","Guardian:TimeSifter"],"picked":"Guardian:BronzeArmor","floor":14},{"not_picked":["Guardian:Recover","Guardian:GuardianWhirl"],"picked":"Guardian:Gem_Red","floor":15},{"not_picked":["Guardian:BaubleBeam","Guardian:ExploitGems"],"picked":"Guardian:RevengeProtocol","floor":16},{"not_picked":["Guardian:PrismaticBarrier","Guardian:VentSteam+1","Guardian:ArmoredProtocol+1"],"picked":"SKIP","floor":19},{"not_picked":["Guardian:Recover","Guardian:TimeCapacitor+1"],"picked":"Guardian:Gem_Blue","floor":21},{"not_picked":["Guardian:RefractedBeam","Guardian:SentryBeam","Guardian:PrismaticBeam"],"picked":"SKIP","floor":22},{"not_picked":["Guardian:PrimingBeam+1","Guardian:Gem_Lightblue"],"picked":"Guardian:BronzeOrb+1","floor":25},{"not_picked":["Guardian:Recover","Guardian:Reroute+1"],"picked":"Guardian:BodySlam","floor":26},{"not_picked":["Guardian:WalkerClaw","Guardian:Clone+1","Guardian:TimeCapacitor+1"],"picked":"SKIP","floor":27},{"not_picked":["Guardian:PolyBeam+1","Guardian:DonusPower"],"picked":"Guardian:Gem_Red","floor":29},{"not_picked":["Guardian:BronzeOrb","Guardian:TemporalShield","Guardian:BodySlam"],"picked":"SKIP","floor":32},{"not_picked":["Guardian:Suspension","Guardian:Gem_Red"],"picked":"Guardian:PiercingHide+1","floor":36},{"not_picked":["Guardian:Recover+1","Guardian:BronzeArmor","Guardian:Incinerate+1"],"picked":"SKIP","floor":37},{"not_picked":["Guardian:Clone","Guardian:VentSteam"],"picked":"Guardian:Gem_Fragmented","floor":38},{"not_picked":["Guardian:GuardianWhirl+1","Guardian:TemporalShield+1"],"picked":"Guardian:Gem_Green","floor":42},{"not_picked":["Guardian:BodySlam","Guardian:ConstructionForm","Guardian:Gem_Green"],"picked":"SKIP","floor":43},{"not_picked":["Guardian:Gem_White","Guardian:DecasProtection"],"picked":"Guardian:PiercingHide","floor":44},{"not_picked":["Guardian:Gem_Cyan","Guardian:RollAttack+1","Guardian:Recover"],"picked":"SKIP","floor":45},{"not_picked":["Guardian:Gem_Lightblue","Guardian:BronzeOrb","Guardian:Gem_Red"],"picked":"SKIP","floor":48},{"not_picked":["Guardian:TimeCapacitor","Guardian:Suspension+1","Guardian:Gem_Red"],"picked":"SKIP","floor":49},{"not_picked":["Guardian:BodySlam","Guardian:WalkerClaw","Guardian:HyperBeam_Guardian"],"picked":"SKIP","floor":52}],"player_experience":155284,"relics_obtained":[{"floor":3,"key":"Boot"},{"floor":6,"key":"reliquary:Boomerang"},{"floor":7,"key":"ReplayTheSpireMod:Shallot"},{"floor":11,"key":"Pen Nib"},{"floor":14,"key":"reliquary:SharkskinSheath"},{"floor":38,"key":"halation:VictoryRuler"},{"floor":41,"key":"Kunai"},{"floor":43,"key":"aspiration:HatOfInfinitePower"},{"floor":46,"key":"Nunchaku"},{"floor":52,"key":"ReplayTheSpireMod:Lightbulb"}],"event_choices":[{"damage_healed":0,"gold_gain":0,"player_choice":"Trade","damage_taken":0,"relics_obtained":["GremlinMask"],"max_hp_gain":0,"max_hp_loss":0,"event_name":"FaceTrader","floor":31,"gold_loss":0},{"damage_healed":0,"gold_gain":0,"player_choice":"Fight","damage_taken":0,"max_hp_gain":0,"max_hp_loss":0,"event_name":"Mysterious Sphere","floor":38,"gold_loss":0}],"is_beta":false,"boss_relics":[{"not_picked":["halation:PinkAlligatorPlush","aspiration:SilentSkillbook"],"picked":"reliquary:ThirdArm"},{"not_picked":["halation:SmartPhone","Cursed Key"],"picked":"Replay:Grab Bag"},{"not_picked":["Velvet Choker","halation:CatFaceCupcake"],"picked":"Coffee Dripper"},{"not_picked":["reliquary:KinkedSpring","halation:ForbiddenBikini"],"picked":"Guardian:StasisSlotReductionRelic"},{"not_picked":["Runic Pyramid","aspiration:PoetsPen_weak"],"picked":"aspiration:RitualDagger"}],"items_purged_floors":[26,48,53],"is_endless":false,"potions_floor_spawned":[4,8,11,14,15,19,21,27,29,32,33,36,38,42,44,49,52],"ascension_level":0}}