{"host":"qxeepl7ydvsgmfdb","time":1613493716,"event":{"mods":["AchievementEnabler","BaseMod","Colored Powertips","Minty Spire (QoL Compilation)","Quick Restart","slay the spire mod where everything is the same but ironclad has a cowboy hat"],"gold_per_floor":[111,111,111,111,121,149,6,6,6,6,39,39,39,70,70,175,175,194,207,30,30,50,79,90,90,113,113,113],"floor_reached":27,"language":"ENG","playtime":770,"items_purged":["Defend_G"],"score":347,"play_id":"a5c7c3d1-b9cd-4bb9-9a00-dd26b2713900","local_time":"20210216114156","is_ascension_mode":false,"campfire_choices":[{"data":"Noxious Fumes","floor":8,"key":"SMITH"},{"data":"Backstab","floor":12,"key":"SMITH"},{"floor":15,"key":"REST"}],"circlet_count":0,"master_deck":["Strike_G","Strike_G","Defend_G","Defend_G","Defend_G","Defend_G","Survivor","Neutralize+1","Backstab+1","Noxious Fumes+1","Phantasmal Killer","Blade Dance+1","Deadly Poison","Slice","All Out Attack","Catalyst"],"relics":["Ring of the Snake","NeowsBlessing","Orichalcum","Lee\u0027s Waffle","Tough Bandages","PreservedInsect","Shuriken","Blood Vial","Philosopher\u0027s Stone","Darkstone Periapt","Anchor"],"acts_visited":["Exordium","TheCity"],"potions_floor_usage":[14,23],"damage_taken":[{"damage":0,"enemies":"2 Louse","floor":1,"turns":1},{"damage":0,"enemies":"Jaw Worm","floor":5,"turns":1},{"damage":0,"enemies":"3 Sentries","floor":6,"turns":1},{"damage":28,"enemies":"Lagavulin","floor":11,"turns":9},{"damage":8,"enemies":"3 Sentries","floor":14,"turns":4},{"damage":0,"enemies":"The Guardian","floor":16,"turns":13},{"damage":20,"enemies":"Spheric Guardian","floor":18,"turns":6},{"damage":13,"enemies":"Chosen","floor":19,"turns":5},{"damage":16,"enemies":"Centurion and Healer","floor":22,"turns":4},{"damage":0,"enemies":"Gremlin Leader","floor":23,"turns":3},{"damage":19,"enemies":"Shelled Parasite and Fungi","floor":24,"turns":4},{"damage":16,"enemies":"3 Cultists","floor":27,"turns":4}],"seed_played":"-3593742759576315687","potions_obtained":[{"floor":6,"key":"ColorlessPotion"},{"floor":16,"key":"CultistPotion"},{"floor":22,"key":"Explosive Potion"},{"floor":23,"key":"Ancient Potion"}],"is_trial":false,"path_per_floor":["M","?","?","$","M","E","$","R","T","T","E","R","?","E","R","B",null,"M","M","$","?","M","E","M","?","T","M"],"character_chosen":"THE_SILENT","items_purchased":["Lee\u0027s Waffle","Deadly Poison","Slice"],"campfire_rested":1,"item_purchase_floors":[7,20,20],"current_hp_per_floor":[70,63,63,63,63,63,77,77,77,77,49,49,49,41,64,66,77,57,46,46,39,25,27,10,10,10,0,0],"gold":113,"neow_bonus":"THREE_ENEMY_KILL","is_daily":false,"chose_seed":false,"campfire_upgraded":2,"win_rate":0.0,"timestamp":1613493716,"path_taken":["M","?","?","?","?","E","$","R","T","?","E","R","?","E","R","BOSS","M","M","$","?","M","E","?","?","T","M"],"items_purchased_type":["Relic","Card","Card"],"build_version":"2020-12-22","purchased_purges":1,"victory":false,"max_hp_per_floor":[70,70,70,70,70,70,77,77,77,77,77,77,77,77,77,77,77,77,77,77,77,77,77,77,77,77,77,77],"card_choices":[{"not_picked":["Backflip","Skewer","PiercingWail"],"picked":"SKIP","floor":1},{"not_picked":["Prepared","Deflect"],"picked":"Backstab","floor":5},{"not_picked":["Poisoned Stab","Concentrate"],"picked":"Noxious Fumes","floor":6},{"not_picked":["Malaise","Escape Plan","Dagger Throw"],"picked":"SKIP","floor":11},{"not_picked":["Reflex","Flying Knee","Acrobatics"],"picked":"SKIP","floor":14},{"not_picked":["Doppelganger","Unload"],"picked":"Phantasmal Killer","floor":16},{"not_picked":["Riddle With Holes+1","Sucker Punch","Masterful Stab"],"picked":"SKIP","floor":18},{"not_picked":["Flechettes","Deadly Poison"],"picked":"Blade Dance+1","floor":19},{"not_picked":["Dagger Throw","Quick Slash","Bane"],"picked":"SKIP","floor":22},{"not_picked":["Poisoned Stab","PiercingWail"],"picked":"All Out Attack","floor":23},{"not_picked":["Tactician","Underhanded Strike"],"picked":"Catalyst","floor":24}],"player_experience":160719,"relics_obtained":[{"floor":6,"key":"Orichalcum"},{"floor":9,"key":"Tough Bandages"},{"floor":10,"key":"PreservedInsect"},{"floor":11,"key":"Shuriken"},{"floor":14,"key":"Blood Vial"},{"floor":23,"key":"Darkstone Periapt"},{"floor":26,"key":"Anchor"}],"event_choices":[{"cards_removed":["Strike_G"],"damage_healed":0,"gold_gain":0,"player_choice":"Card Removal","damage_taken":7,"max_hp_gain":0,"max_hp_loss":0,"event_name":"Golden Wing","floor":2,"gold_loss":0},{"damage_healed":0,"gold_gain":0,"player_choice":"Grow","damage_taken":0,"max_hp_gain":0,"max_hp_loss":0,"event_name":"Living Wall","floor":3,"gold_loss":0,"cards_upgraded":["Neutralize"]},{"cards_removed":["Strike_G"],"damage_healed":0,"gold_gain":0,"player_choice":"Offered Basic","damage_taken":0,"max_hp_gain":0,"max_hp_loss":0,"event_name":"Bonfire Elementals","floor":13,"gold_loss":0},{"damage_healed":0,"gold_gain":0,"player_choice":"Damaged","damage_taken":7,"max_hp_gain":0,"max_hp_loss":0,"event_name":"Wheel of Change","floor":21,"gold_loss":0},{"cards_removed":["Strike_G"],"damage_healed":0,"gold_gain":0,"player_choice":"Elegance","damage_taken":0,"max_hp_gain":0,"max_hp_loss":0,"event_name":"Back to Basics","floor":25,"gold_loss":0}],"is_beta":false,"boss_relics":[{"not_picked":["HoveringKite","Astrolabe"],"picked":"Philosopher\u0027s Stone"}],"items_purged_floors":[20],"is_endless":false,"potions_floor_spawned":[6,16,22,23],"killed_by":"3 Cultists","ascension_level":0}}