{"host":"7sni158j623xchr2","time":1613444468,"event":{"mods":["BaseMod","Colored Map","Highlight Path","Minty Spire (QoL Compilation)","Permanent Neow","Potion Indicator Mod","Rare Cards Sparkle","Relic Sorter","Relic Stats","StSLib","everything is the same but u backflip on backflip"],"gold_per_floor":[363,374,374,102,177,207,207,236,236,255,281,298,311,12,12,112,112,123,133,33,132,148,148,182,192,192,209,236,336,368,368,368,468,468,503,557,557,607,607,662,662,662,687,597,624,624,59,91,91,91,91,91,33,62,62],"floor_reached":56,"language":"ENG","playtime":1738,"items_purged":["Defend_P","Strike_P","Strike_P"],"score":1592,"play_id":"8aaeab70-84bc-4aed-85bb-6ed3a6bf7923","local_time":"20210215210108","is_ascension_mode":true,"campfire_choices":[{"data":"Eruption","floor":7,"key":"SMITH"},{"data":"Scrawl","floor":15,"key":"SMITH"},{"data":"Scrawl","floor":23,"key":"SMITH"},{"data":"TalkToTheHand","floor":32,"key":"SMITH"},{"data":"Tantrum","floor":41,"key":"SMITH"},{"floor":46,"key":"RECALL"},{"data":"Wallop","floor":49,"key":"SMITH"},{"data":"ThirdEye","floor":52,"key":"SMITH"}],"circlet_count":0,"master_deck":["Strike_P+1","Defend_P+1","Defend_P","Eruption+1","Vigilance+1","DeceiveReality+1","Consecrate+1","Wallop+1","FearNoEvil","EmptyFist+1","BowlingBash","CutThroughFate","Scrawl+1","ThirdEye+1","Scrawl+1","Tantrum+1","Meditate+1","TalkToTheHand+1","LessonLearned","Wish+1","CrushJoints+1","Finesse+1","Panache+1","EmptyMind","FlurryOfBlows+1","MentalFortress+1","Wireheading+1","Evaluate+1"],"relics":["HolyWater","PreservedInsect","Whetstone","War Paint","Juzu Bracelet","Letter Opener","Happy Flower","ClockworkSouvenir","Akabeko","SlaversCollar","Question Card","Nunchaku","Oddly Smooth Stone","Boot","Gambling Chip","Turnip","Shuriken","The Courier","Toy Ornithopter","InkBottle","Regal Pillow","Damaru"],"acts_visited":["Exordium","TheCity","TheBeyond","TheEnding"],"potions_floor_usage":[8,25,33,36,45,55,55],"damage_taken":[{"damage":5,"enemies":"Small Slimes","floor":1,"turns":4},{"damage":6,"enemies":"Jaw Worm","floor":2,"turns":3},{"damage":5,"enemies":"3 Sentries","floor":6,"turns":6},{"damage":0,"enemies":"Gremlin Nob","floor":8,"turns":2},{"damage":0,"enemies":"2 Louse","floor":10,"turns":3},{"damage":0,"enemies":"Lagavulin","floor":11,"turns":4},{"damage":0,"enemies":"2 Fungi Beasts","floor":12,"turns":2},{"damage":0,"enemies":"Exordium Thugs","floor":13,"turns":3},{"damage":14,"enemies":"The Guardian","floor":16,"turns":8},{"damage":5,"enemies":"3 Byrds","floor":18,"turns":4},{"damage":0,"enemies":"Spheric Guardian","floor":19,"turns":1},{"damage":0,"enemies":"Chosen and Byrds","floor":22,"turns":3},{"damage":2,"enemies":"Slavers","floor":24,"turns":2},{"damage":0,"enemies":"Snake Plant","floor":25,"turns":2},{"damage":0,"enemies":"Cultist and Chosen","floor":27,"turns":3},{"damage":3,"enemies":"Gremlin Leader","floor":28,"turns":3},{"damage":0,"enemies":"Slavers","floor":30,"turns":1},{"damage":35,"enemies":"Champ","floor":33,"turns":9},{"damage":0,"enemies":"Orb Walker","floor":35,"turns":3},{"damage":0,"enemies":"2 Orb Walkers","floor":36,"turns":2},{"damage":0,"enemies":"Mind Bloom Boss Battle","floor":38,"turns":4},{"damage":0,"enemies":"Giant Head","floor":40,"turns":2},{"damage":0,"enemies":"Reptomancer","floor":45,"turns":2},{"damage":0,"enemies":"Giant Head","floor":48,"turns":3},{"damage":0,"enemies":"Donu and Deca","floor":50,"turns":4},{"damage":0,"enemies":"Shield and Spear","floor":54,"turns":2},{"damage":12,"enemies":"The Heart","floor":55,"turns":7}],"seed_played":"7015505770215341589","potions_obtained":[{"floor":6,"key":"FearPotion"},{"floor":8,"key":"BlessingOfTheForge"},{"floor":10,"key":"DistilledChaos"},{"floor":16,"key":"GamblersBrew"},{"floor":25,"key":"SkillPotion"},{"floor":38,"key":"Strength Potion"},{"floor":40,"key":"SmokeBomb"}],"is_trial":false,"path_per_floor":["M","M","?","$","?","E","R","E","T","M","E","M","M","$","R","B",null,"M","M","$","?","M","R","E","M","T","M","E","?","E","?","R","B",null,"M","?","?","?","?","E","R","?","T","?","E","R","$","E","R","B",null,"R","$","E","B",null],"character_chosen":"WATCHER","items_purchased":["Wallop","Whetstone","ClockworkSouvenir","Akabeko","Toy Ornithopter","Ambrosia","StancePotion","InkBottle","Wireheading"],"campfire_rested":0,"item_purchase_floors":[4,4,14,14,47,47,47,47,53],"current_hp_per_floor":[60,54,51,51,40,35,35,35,35,35,35,35,35,35,35,21,65,60,60,60,60,60,60,58,58,58,58,55,55,55,55,55,20,65,65,65,65,65,55,55,55,55,55,55,55,55,55,55,55,55,62,62,62,62,55],"gold":62,"neow_bonus":"TWO_FIFTY_GOLD","is_daily":false,"chose_seed":false,"campfire_upgraded":7,"win_rate":0.0,"timestamp":1613444468,"path_taken":["M","M","?","$","?","E","R","E","T","M","E","M","M","?","R","BOSS","M","M","$","?","M","R","E","M","T","M","E","?","E","?","R","BOSS","M","?","?","?","?","E","R","?","T","?","E","R","$","E","R","BOSS","R","$","E","BOSS"],"items_purchased_type":["Card","Relic","Relic","Relic","Relic","Potion","Potion","Relic","Card"],"build_version":"2020-12-22","purchased_purges":3,"victory":true,"max_hp_per_floor":[65,65,65,65,65,65,65,65,65,65,65,65,65,65,65,65,65,65,65,65,65,65,65,65,65,65,65,65,65,65,65,65,65,65,65,65,65,65,65,65,65,62,62,62,62,62,62,62,62,62,62,62,62,62,62],"relic_stats":{"Regal Pillow":0,"Happy Flower":[23],"counters":[27,92],"PreservedInsect":579,"Juzu Bracelet":3,"Whetstone":["Strike_P","Consecrate"],"Letter Opener":[219],"War Paint":["DeceiveReality","Vigilance"],"Question Card":15,"Boot":[65],"Nunchaku":[17],"Shuriken":[19],"Gambling Chip":[4],"Turnip":[2],"obtain_stats":[{"Regal Pillow":48,"Happy Flower":11,"Oddly Smooth Stone":28,"Damaru":54,"PreservedInsect":3,"The Courier":45,"Juzu Bracelet":8,"Whetstone":4,"Letter Opener":9,"War Paint":6,"Question Card":24,"Boot":30,"Akabeko":14,"ClockworkSouvenir":14,"SlaversCollar":17,"Nunchaku":26,"Shuriken":40,"Gambling Chip":36,"HolyWater":34,"Turnip":38,"PureWater":0,"Toy Ornithopter":47,"InkBottle":47},{"Regal Pillow":24,"Happy Flower":6,"Oddly Smooth Stone":16,"Damaru":26,"PreservedInsect":2,"The Courier":23,"Juzu Bracelet":4,"Whetstone":2,"Letter Opener":4,"War Paint":3,"Question Card":13,"Boot":17,"Akabeko":8,"ClockworkSouvenir":8,"SlaversCollar":9,"Nunchaku":14,"Shuriken":22,"Gambling Chip":20,"HolyWater":18,"Turnip":21,"PureWater":0,"Toy Ornithopter":23,"InkBottle":23},{"Regal Pillow":79,"Happy Flower":22,"Oddly Smooth Stone":53,"Damaru":85,"PreservedInsect":7,"The Courier":76,"Juzu Bracelet":15,"Whetstone":7,"Letter Opener":15,"War Paint":13,"Question Card":45,"Boot":54,"Akabeko":27,"ClockworkSouvenir":27,"SlaversCollar":35,"Nunchaku":47,"Shuriken":74,"Gambling Chip":68,"HolyWater":63,"Turnip":72,"PureWater":0,"Toy Ornithopter":76,"InkBottle":76}],"Toy Ornithopter":5,"InkBottle":[12]},"card_choices":[{"not_picked":["Crescendo","JustLucky"],"picked":"DeceiveReality","floor":1},{"not_picked":["WindmillStrike","ThirdEye"],"picked":"Consecrate","floor":2},{"not_picked":["CutThroughFate","Halt"],"picked":"FearNoEvil","floor":6},{"not_picked":["ThirdEye","Prostrate"],"picked":"EmptyFist","floor":8},{"not_picked":["WaveOfTheHand","FlyingSleeves"],"picked":"BowlingBash","floor":10},{"not_picked":["Consecrate","Protect"],"picked":"CutThroughFate","floor":11},{"not_picked":["Consecrate","Protect"],"picked":"Scrawl","floor":12},{"not_picked":["PathToVictory","WaveOfTheHand"],"picked":"ThirdEye","floor":13},{"not_picked":["Brilliance","Ragnarok"],"picked":"Scrawl","floor":16},{"not_picked":["Prostrate","EmptyFist"],"picked":"Consecrate","floor":18},{"not_picked":["PathToVictory","Evaluate"],"picked":"Tantrum","floor":19},{"not_picked":["FlyingSleeves","Pray"],"picked":"Meditate+1","floor":22},{"not_picked":["SashWhip","SignatureMove+1","Collect+1"],"picked":"SKIP","floor":24},{"not_picked":["Devotion","Consecrate","Evaluate","JustLucky"],"picked":"SKIP","floor":25},{"not_picked":["CutThroughFate","ClearTheMind","PathToVictory","ConjureBlade"],"picked":"SKIP","floor":27},{"not_picked":["FollowUp+1","FlurryOfBlows","Consecrate"],"picked":"TalkToTheHand","floor":28},{"not_picked":["Worship","Vengeance","EmptyBody"],"picked":"LessonLearned","floor":30},{"not_picked":["Vault","DeusExMachina","Omniscience"],"picked":"Wish","floor":33},{"not_picked":["FlyingSleeves+1","JustLucky+1","FollowUp+1"],"picked":"CrushJoints+1","floor":35},{"not_picked":["Swift Strike","Blind","Magnetism"],"picked":"Finesse","floor":39},{"not_picked":["Mind Blast","Good Instincts","Discovery"],"picked":"Panache","floor":39},{"not_picked":["EmptyBody+1","Wireheading","CutThroughFate+1"],"picked":"EmptyMind","floor":40},{"not_picked":["SashWhip","EmptyMind+1","ForeignInfluence+1"],"picked":"FlurryOfBlows+1","floor":45},{"not_picked":["ThirdEye","Halt+1","PathToVictory+1"],"picked":"MentalFortress+1","floor":48},{"not_picked":["Protect","CrushJoints+1","SpiritShield"],"picked":"Evaluate+1","floor":54}],"player_experience":1813162,"relics_obtained":[{"floor":6,"key":"War Paint"},{"floor":8,"key":"Juzu Bracelet"},{"floor":9,"key":"Letter Opener"},{"floor":11,"key":"Happy Flower"},{"floor":24,"key":"Question Card"},{"floor":26,"key":"Nunchaku"},{"floor":28,"key":"Oddly Smooth Stone"},{"floor":30,"key":"Boot"},{"floor":36,"key":"Gambling Chip"},{"floor":38,"key":"Turnip"},{"floor":40,"key":"Shuriken"},{"floor":45,"key":"The Courier"},{"floor":48,"key":"Regal Pillow"},{"floor":54,"key":"Damaru"}],"event_choices":[{"damage_healed":0,"gold_gain":0,"player_choice":"Success","damage_taken":3,"relics_obtained":["PreservedInsect"],"max_hp_gain":0,"max_hp_loss":0,"event_name":"Scrap Ooze","floor":3,"gold_loss":0},{"damage_healed":0,"gold_gain":75,"player_choice":"Gather Gold","damage_taken":11,"max_hp_gain":0,"max_hp_loss":0,"event_name":"World of Goop","floor":5,"gold_loss":0},{"damage_healed":0,"gold_gain":99,"player_choice":"Stole From Cult","damage_taken":0,"max_hp_gain":0,"max_hp_loss":0,"event_name":"Nest","floor":21,"gold_loss":0},{"damage_healed":0,"gold_gain":100,"player_choice":"Pray","damage_taken":0,"max_hp_gain":0,"max_hp_loss":0,"event_name":"Golden Shrine","floor":29,"gold_loss":0},{"cards_removed":["Defend_P"],"damage_healed":0,"gold_gain":0,"player_choice":"Purged","damage_taken":0,"max_hp_gain":0,"max_hp_loss":0,"event_name":"Purifier","floor":31,"gold_loss":0},{"damage_healed":0,"gold_gain":0,"player_choice":"Fight","damage_taken":0,"max_hp_gain":0,"max_hp_loss":0,"event_name":"Mysterious Sphere","floor":36,"gold_loss":0},{"cards_removed":["Consecrate"],"damage_healed":0,"gold_gain":0,"player_choice":"Removed Attack","damage_taken":0,"max_hp_gain":0,"max_hp_loss":0,"event_name":"Falling","floor":37,"gold_loss":0},{"damage_healed":0,"gold_gain":0,"player_choice":"Fight","damage_taken":0,"max_hp_gain":0,"max_hp_loss":0,"event_name":"MindBloom","floor":38,"gold_loss":0},{"damage_healed":0,"gold_gain":0,"player_choice":"Memory 3","damage_taken":10,"max_hp_gain":0,"max_hp_loss":0,"event_name":"SensoryStone","floor":39,"gold_loss":0},{"damage_healed":0,"gold_gain":0,"player_choice":"Max HP","damage_taken":0,"max_hp_gain":0,"max_hp_loss":3,"event_name":"Winding Halls","floor":42,"gold_loss":0},{"cards_removed":["Strike_P"],"damage_healed":0,"gold_gain":0,"player_choice":"Upgrade and Remove","damage_taken":0,"max_hp_gain":0,"max_hp_loss":0,"event_name":"Designer","floor":44,"gold_loss":90,"cards_upgraded":["Panache"]}],"is_beta":false,"boss_relics":[{"not_picked":["Pandora\u0027s Box","Fusion Hammer"],"picked":"SlaversCollar"},{"not_picked":["Astrolabe","Snecko Eye"],"picked":"HolyWater"}],"items_purged_floors":[4,20,47],"is_endless":false,"potions_floor_spawned":[6,8,10,16,19,22,25,27,38,40,48],"ascension_level":1}}