{"host":"0mhttqdumuceah7q","time":1613479686,"event":{"mods":["AchievementEnabler","BaseMod","Colored Map","DeckTracker","Minty Spire (QoL Compilation)","Permanent Neow"],"gold_per_floor":[110,110,110,129,57,132,93,93,93],"floor_reached":8,"language":"KOR","playtime":163,"items_purged":[],"score":51,"play_id":"97135a0d-afc7-4b94-8226-a36f55a7bd3a","local_time":"20210216214806","is_ascension_mode":true,"campfire_choices":[],"circlet_count":0,"master_deck":["Strike_B","Strike_B","Strike_B","Strike_B","Defend_B","Defend_B+1","Defend_B","Defend_B","Zap","Dualcast","Amplify+1","Hello World","Leap","Defragment","Static Discharge"],"relics":["Cracked Core","Potion Belt"],"acts_visited":["Exordium"],"potions_floor_usage":[8],"damage_taken":[{"damage":0,"enemies":"Small Slimes","floor":1,"turns":3},{"damage":12,"enemies":"Jaw Worm","floor":4,"turns":2},{"damage":30,"enemies":"Gremlin Nob","floor":8,"turns":3}],"seed_played":"-2582833439035609069","potions_obtained":[{"floor":1,"key":"Fire Potion"}],"is_trial":false,"path_per_floor":["M","?","?","M","$","?","$","E"],"character_chosen":"DEFECT","items_purchased":["Defragment","Static Discharge"],"campfire_rested":0,"item_purchase_floors":[5,7],"current_hp_per_floor":[68,65,51,39,39,28,28,0,0],"gold":93,"neow_bonus":"THREE_RARE_CARDS","is_daily":false,"chose_seed":false,"campfire_upgraded":0,"win_rate":0.0,"timestamp":1613479686,"path_taken":["M","?","?","M","?","?","$","E"],"items_purchased_type":["Card","Card"],"build_version":"2020-12-22","purchased_purges":0,"victory":false,"max_hp_per_floor":[68,68,68,68,68,68,68,68,68],"card_choices":[{"not_picked":["Biased Cognition","Buffer"],"picked":"Amplify","floor":0},{"not_picked":["Self Repair","Streamline"],"picked":"Hello World","floor":1},{"not_picked":["Doom and Gloom","Redo"],"picked":"Leap","floor":4}],"player_experience":110801,"relics_obtained":[],"event_choices":[{"damage_healed":0,"gold_gain":0,"player_choice":"Success","damage_taken":3,"relics_obtained":["Potion Belt"],"max_hp_gain":0,"max_hp_loss":0,"event_name":"Scrap Ooze","floor":2,"gold_loss":0},{"damage_healed":0,"gold_gain":0,"player_choice":"Entered Light","damage_taken":14,"max_hp_gain":0,"max_hp_loss":0,"event_name":"Shining Light","floor":3,"gold_loss":0,"cards_upgraded":["Defend_B","Amplify"]},{"damage_healed":0,"gold_gain":75,"player_choice":"Gather Gold","damage_taken":11,"max_hp_gain":0,"max_hp_loss":0,"event_name":"World of Goop","floor":6,"gold_loss":0}],"is_beta":false,"boss_relics":[],"items_purged_floors":[],"is_endless":false,"potions_floor_spawned":[1],"killed_by":"Gremlin Nob","ascension_level":3}}