{"host":"ctlqibkg0sskiu65","time":1613468028,"event":{"mods":["AchievementEnabler","Aspiration","Astrologer","BaseMod","Better Third Choice","BetterRewards","Colored Map","Colored Powertips","Conspire","Curses Come First","Fiend Mod","Infinite Spire","Minty Spire (QoL Compilation)","Potionbrewer","Quick Restart","Reliquary","Replay The Spire","Robot Space Explorer","Shade Mod","Shop Mod","StSLib","The Blackbeard","The Bladedancer","The Cursed","The Death Knight","The Hierophant","The Jungle","The Kombatant","The Necromancer","The Poker Player","The Servant 0.9.4","TheBandit","Wide Potions","thorton"],"gold_per_floor":[116,116,116,127,139,139,139,164,164,17,35,46,46,46,46,146,146,159,161,161],"floor_reached":19,"language":"ENG","playtime":644,"items_purged":["conspire:GhostlyStrike"],"score":317,"play_id":"0a844899-e0ff-4c61-a251-ee1d97f1ff89","local_time":"20210216033348","is_ascension_mode":false,"campfire_choices":[{"data":"DeathKnight:BludPresence","floor":6,"key":"SMITH"},{"data":"DeathKnight:ShatteringStrikes","floor":13,"key":"SMITH"},{"floor":15,"key":"REST"}],"circlet_count":0,"master_deck":["conspire:GhostlyStrike","conspire:GhostlyStrike","conspire:GhostlyStrike","conspire:GhostlyStrike","conspire:GhostlyDefend","conspire:GhostlyDefend","conspire:GhostlyDefend","conspire:GhostlyDefend","conspire:GhostlyDefend","DeathKnight:RuneTap","DeathKnight:RuneStrike","DeathKnight:BloodStrike","DeathKnight:DeathGrip","DeathKnight:RuneShock","DeathKnight:BludPresence+1","DeathKnight:RaiseAlly","DeathKnight:BloodTap","DeathKnight:BloodPact","DeathKnight:ShatteringStrikes+1","Replay:Hysterical Blindness","blademaster:RollingTyphoon","Anger+1"],"relics":["DeathKnight:BrokenRuneblade","PreservedInsect","Bag of Preparation","reliquary:ExpiredCoupon","PrismaticShard","conspire:RoyalGoblet"],"acts_visited":["Exordium","TheCity"],"potions_floor_usage":[8,11,16,19],"damage_taken":[{"damage":0,"enemies":"Cultist","floor":1,"turns":3},{"damage":0,"enemies":"Small Slimes","floor":4,"turns":3},{"damage":2,"enemies":"2 Louse","floor":5,"turns":2},{"damage":26,"enemies":"Lagavulin","floor":8,"turns":6},{"damage":8,"enemies":"Large Slime","floor":11,"turns":5},{"damage":19,"enemies":"2 Fungi Beasts","floor":12,"turns":3},{"damage":23,"enemies":"Hexaghost","floor":16,"turns":6},{"damage":22,"enemies":"Shell Parasite","floor":18,"turns":5},{"damage":53,"enemies":"conspire:MimicChest","floor":19,"turns":5}],"seed_played":"-3351961213468746815","potions_obtained":[{"floor":5,"key":"DeathKnight:RimePotion"},{"floor":8,"key":"Toxic Potion"},{"floor":12,"key":"Weak Potion"},{"floor":16,"key":"BlessingOfTheForge"}],"is_trial":false,"path_per_floor":["M","?","?","M","M","R","?","E","T","$","M","M","R","?","R","B",null,"M","?"],"character_chosen":"DEATH_KNIGHT","items_purchased":["DeathKnight:BloodStrike","PreservedInsect","DeathKnight:DeathGrip","DeathKnight:BloodPact"],"campfire_rested":1,"item_purchase_floors":[0,0,0,10],"current_hp_per_floor":[75,75,75,75,73,73,73,47,47,47,39,20,20,20,42,19,75,53,0,0],"gold":161,"neow_bonus":"","is_daily":false,"chose_seed":false,"campfire_upgraded":2,"win_rate":0.0,"timestamp":1613468028,"path_taken":["M","?","?","M","M","R","?","E","T","$","M","M","R","?","R","BOSS","M","?"],"items_purchased_type":["Card","Relic","Card","Card"],"build_version":"2020-12-22","purchased_purges":1,"victory":false,"max_hp_per_floor":[75,75,75,75,75,75,75,75,75,75,75,75,75,75,75,75,75,75,75,75],"card_choices":[{"not_picked":["DeathKnight:FrostStrike","DeathKnight:Contagion"],"picked":"DeathKnight:RuneShock","floor":1},{"not_picked":["DeathKnight:UnholyPresence","DeathKnight:Culling"],"picked":"DeathKnight:BludPresence","floor":4},{"not_picked":["DeathKnight:IcyTouch","DeathKnight:UnholyPresence"],"picked":"DeathKnight:RaiseAlly","floor":5},{"not_picked":["DeathKnight:BoneSpear","DeathKnight:Marrowrend"],"picked":"DeathKnight:BloodTap","floor":8},{"not_picked":["DeathKnight:FoulBulwark","DeathKnight:BladedArmor","DeathKnight:UnholyPresence"],"picked":"SKIP","floor":11},{"not_picked":["DeathKnight:MindFreeze","DeathKnight:DreadStrike"],"picked":"DeathKnight:ShatteringStrikes","floor":12},{"not_picked":["ForgedInTime","Bullet Time"],"picked":"blademaster:RollingTyphoon","floor":16},{"not_picked":["astrologer:SolarFlare","Hightail"],"picked":"Anger+1","floor":18}],"player_experience":312254,"relics_obtained":[{"floor":8,"key":"Bag of Preparation"},{"floor":9,"key":"reliquary:ExpiredCoupon"}],"event_choices":[{"damage_healed":0,"gold_gain":0,"player_choice":"Agree","damage_taken":0,"max_hp_gain":0,"max_hp_loss":0,"event_name":"conspire:LoneGhost","floor":3,"gold_loss":0},{"damage_healed":0,"gold_gain":0,"player_choice":"Ignored","damage_taken":139,"max_hp_gain":0,"max_hp_loss":0,"event_name":"betterThird:BetterSerpent","floor":7,"gold_loss":0}],"is_beta":false,"boss_relics":[{"not_picked":["Kintsugi","thethorton:GreedFountain"],"picked":"conspire:RoyalGoblet"}],"items_purged_floors":[10],"is_endless":false,"potions_floor_spawned":[5,8,12,16],"killed_by":"conspire:MimicChest","ascension_level":0}}