{"host":"6dypmz777xraikqf","time":1613492891,"event":{"mods":["AchievementEnabler","BaseMod","BetterRewards","Colored Map","Colored Powertips","Downfall","Highlight Path","Hubris","Infinite Spire","Minty Spire (QoL Compilation)","Replay The Spire","StSLib"],"gold_per_floor":[115,133,150,166,177,205,12,45,45,45,120,120,145,420,420,492,492,511,511,511,522,522,548,548,578,578,578,611,811,465,490,490,566,566,586,606,606,625,645,676,686,736,736,755,767,276,288,299,299,299],"floor_reached":51,"language":"ENG","playtime":2544,"items_purged":["Strike_R","Strike_R","Strike_R","Regret","Power Through","Strike_R"],"score":2056,"play_id":"df3d9ac5-2b6b-4a2f-91b9-40661673224f","local_time":"20210216162811","is_ascension_mode":true,"campfire_choices":[{"data":"Apotheosis","floor":10,"key":"SMITH"},{"data":"Demonic Infusion","floor":10,"key":"SMITH"},{"data":"Bloodletting","floor":12,"key":"SMITH"},{"data":"Metallicize","floor":12,"key":"SMITH"},{"data":"Shrug It Off","floor":15,"key":"SMITH"},{"data":"Demonic Infusion","floor":15,"key":"SMITH"},{"data":"infinitespire:Collect","floor":24,"key":"SMITH"},{"data":"hubris:Fate","floor":24,"key":"SMITH"},{"data":"Seeing Red","floor":27,"key":"SMITH"},{"data":"Feed","floor":27,"key":"SMITH"},{"data":"1","floor":49,"key":"LIFT"}],"circlet_count":0,"master_deck":["AscendersBane","Defend_R","Defend_R","Defend_R","Defend_R","Bash","Apotheosis+1","Metallicize+1","Body Slam","Iron Wave","Rage","Anger","Bloodletting+1","Demonic Infusion+1","Demonic Infusion+1","Shrug It Off+1","Feed+1","Fire Breathing","hubris:Fate+1","infinitespire:Collect+1","Burning Pact","Seeing Red+1","hubris:Fate","Second Wind","True Grit","Shrug It Off","Swift Strike","Replay:Undeath\u0027s Touch","Juggernaut","Brutality","Body Slam","ReplayTheSpireMod:Stacked","Impervious","Havoc+1","Body Slam","Offering","True Grit+1","Master of Strategy","Inflame"],"relics":["Burning Blood","Membership Card","Prayer Wheel","Art of War","Calipers","Lee\u0027s Waffle","Pocketwatch","Bird Faced Urn","Oddly Smooth Stone","hubris:SlimyHat","Lantern","Replay:Arrowhead","hubris:SphereOfDissonance","Gambling Chip","infinitespire:Burning Sword","Runic Pyramid","ReplayTheSpireMod:Shallot","infinitespire:BottledMercury","ReplayFunnel","Pantograph","Bag of Marbles","Bottled Lightning","Tiny Chest","Ring of Chaos","hubris:Icosahedron","Thread and Needle","Girya","Bag of Preparation","PreservedInsect","hubris:EmptyBottle"],"acts_visited":["Exordium","TheCity","TheBeyond"],"potions_floor_usage":[],"damage_taken":[{"damage":0,"enemies":"Cultist","floor":1,"turns":4},{"damage":0,"enemies":"Small Slimes","floor":2,"turns":4},{"damage":8,"enemies":"2 Louse","floor":3,"turns":2},{"damage":10,"enemies":"Red Slaver","floor":4,"turns":4},{"damage":14,"enemies":"3 Louse","floor":5,"turns":4},{"damage":6,"enemies":"3 Sentries","floor":6,"turns":6},{"damage":3,"enemies":"Replay:BlueRogue","floor":8,"turns":5},{"damage":3,"enemies":"Lagavulin","floor":13,"turns":4},{"damage":24,"enemies":"The Guardian","floor":16,"turns":9},{"damage":3,"enemies":"2 Thieves","floor":18,"turns":4},{"damage":3,"enemies":"Shell Parasite","floor":21,"turns":2},{"damage":0,"enemies":"Book of Stabbing","floor":23,"turns":3},{"damage":0,"enemies":"Gremlin Leader","floor":25,"turns":3},{"damage":16,"enemies":"Nightmare","floor":28,"turns":9},{"damage":0,"enemies":"Slavers","floor":31,"turns":1},{"damage":3,"enemies":"Champ","floor":33,"turns":4},{"damage":2,"enemies":"Orb Walker","floor":35,"turns":3},{"damage":3,"enemies":"3 Darklings","floor":36,"turns":6},{"damage":7,"enemies":"Jaw Worm Horde","floor":38,"turns":4},{"damage":2,"enemies":"Spire Growth","floor":39,"turns":4},{"damage":0,"enemies":"R_Hoarder","floor":40,"turns":1},{"damage":0,"enemies":"Writhing Mass","floor":41,"turns":1},{"damage":3,"enemies":"4 Shapes","floor":44,"turns":3},{"damage":2,"enemies":"Jaw Worm Horde","floor":45,"turns":3},{"damage":0,"enemies":"Maw","floor":47,"turns":1},{"damage":3,"enemies":"Writhing Mass","floor":48,"turns":1},{"damage":0,"enemies":"hubris:GrandSnecko","floor":50,"turns":1}],"seed_played":"2939110449275166229","potions_obtained":[{"floor":1,"key":"BlessingOfTheForge"},{"floor":8,"key":"BloodPotion"},{"floor":13,"key":"LiquidMemories"}],"is_trial":false,"path_per_floor":["M","M","M","M","M","E","$","E","T","R","?","R","E","?","R","B",null,"M","AVR","?","M","?","E","R","E","T","R","NM","?","$","E","R_BF","B",null,"M","M","?","M","M","E","M","?","T","M","M","$","M","M","R","B",null],"character_chosen":"IRONCLAD","items_purchased":["Membership Card","Art of War","Apotheosis","Metallicize","Lee\u0027s Waffle","Bird Faced Urn","Oddly Smooth Stone","Demonic Infusion","Lantern","True Grit","Shrug It Off","Bottled Lightning","Swift Strike","Replay:Undeath\u0027s Touch","Bag of Preparation","PreservedInsect","hubris:EmptyBottle","Master of Strategy","Inflame"],"campfire_rested":0,"item_purchase_floors":[0,0,0,0,0,0,0,7,7,30,30,30,30,30,46,46,46,46,46],"current_hp_per_floor":[82,82,80,78,72,74,74,79,79,79,68,68,73,73,73,57,76,83,83,83,86,86,86,86,90,90,90,80,80,80,86,86,90,90,90,97,97,101,105,105,105,105,105,109,113,113,113,113,113,113],"gold":299,"neow_bonus":"","is_daily":false,"chose_seed":false,"campfire_upgraded":10,"win_rate":0.0,"timestamp":1613492891,"path_taken":["M","M","M","M","M","E","$","E","T","R","?","R","E","?","R","BOSS","M","AVR","?","M","?","E","R","E","T","R","NM","?","$","E","R_BF","BOSS","M","M","?","M","M","E","M","?","T","M","?","$","M","M","R","BOSS"],"items_purchased_type":["Relic","Relic","Card","Card","Relic","Relic","Relic","Card","Relic","Card","Card","Relic","Card","Card","Relic","Relic","Relic","Card","Card"],"build_version":"2020-12-22","purchased_purges":6,"victory":true,"max_hp_per_floor":[82,82,82,82,82,82,82,82,82,82,82,82,82,82,82,82,82,86,86,86,86,86,86,86,90,90,90,90,90,90,90,90,90,90,90,97,97,101,105,105,105,105,105,109,113,113,113,113,113,113],"card_choices":[{"not_picked":["Wild Strike","Perfected Strike"],"picked":"Body Slam","floor":1},{"not_picked":["Havoc","Flex","Thunderclap"],"picked":"SKIP","floor":1},{"not_picked":["Havoc","Searing Blow"],"picked":"Iron Wave","floor":2},{"not_picked":["Evolve","ReplayTheSpireMod:Limb From Limb","Infernal Blade"],"picked":"SKIP","floor":2},{"not_picked":["Brutality","Wild Strike"],"picked":"Rage","floor":3},{"not_picked":["Clash","Carnage","Blood for Blood"],"picked":"SKIP","floor":3},{"not_picked":["True Grit","Cleave","Run Through"],"picked":"SKIP","floor":4},{"not_picked":["hubris:ReadiedAction","True Grit","Twin Strike"],"picked":"SKIP","floor":4},{"not_picked":["Thunderclap","hubris:ReadiedAction"],"picked":"Anger","floor":5},{"not_picked":["Rage","Sever Soul","Sword Boomerang"],"picked":"SKIP","floor":5},{"not_picked":["Rage","Wild Strike"],"picked":"Bloodletting","floor":6},{"not_picked":["Wild Strike","Rage"],"picked":"Demonic Infusion","floor":8},{"not_picked":["Clash","Spot Weakness"],"picked":"Shrug It Off","floor":13},{"not_picked":["Reaper","Limit Break"],"picked":"Feed","floor":16},{"not_picked":["Heavy Blade+1","Headbutt"],"picked":"Fire Breathing","floor":18},{"not_picked":["Inflame","ReplayTheSpireMod:Strike From Hell","Thunderclap"],"picked":"SKIP","floor":18},{"not_picked":["Feed","Heavy Blade"],"picked":"Burning Pact","floor":21},{"not_picked":["Run Through+1","Iron Wave","Clothesline"],"picked":"SKIP","floor":21},{"not_picked":["Replay:Undeath\u0027s Touch","Anger"],"picked":"Seeing Red","floor":23},{"not_picked":["Cleave+1","Shockwave"],"picked":"Power Through","floor":25},{"not_picked":["infinitespire:Punishment","ReplayTheSpireMod:??????????????????????"],"picked":"hubris:Fate","floor":28},{"not_picked":["Pommel Strike","Wild Strike"],"picked":"Second Wind","floor":28},{"not_picked":["True Grit","Anger","Intimidate"],"picked":"SKIP","floor":31},{"not_picked":["hubris:StunningStrike","Fiend Fire"],"picked":"Brutality","floor":33},{"not_picked":["Sword Boomerang","Iron Wave"],"picked":"Body Slam","floor":35},{"not_picked":["Headbutt","Twin Strike","Massacre"],"picked":"SKIP","floor":35},{"not_picked":["Flex","Evolve+1"],"picked":"ReplayTheSpireMod:Stacked","floor":36},{"not_picked":["Carnage","Sword Boomerang","Headbutt"],"picked":"SKIP","floor":36},{"not_picked":["Disarm+1","Sever Soul+1"],"picked":"Impervious","floor":38},{"not_picked":["Replay:Undeath\u0027s Touch","Perfected Strike+1"],"picked":"Havoc+1","floor":38},{"not_picked":["Replay:Undeath\u0027s Touch","Perfected Strike"],"picked":"Body Slam","floor":39},{"not_picked":["Havoc","Cleave","Uppercut"],"picked":"SKIP","floor":39},{"not_picked":["Cleave","Whirlwind","Infernal Blade"],"picked":"SKIP","floor":40},{"not_picked":["hubris:CleavingFinish+1","Thunderclap+1"],"picked":"Offering","floor":41},{"not_picked":["Life Link","Sword Boomerang","Twin Strike+1"],"picked":"SKIP","floor":41},{"not_picked":["Life Link","Sword Boomerang","Twin Strike+1"],"picked":"SKIP","floor":41},{"not_picked":["Disarm","Fire Breathing"],"picked":"True Grit+1","floor":44},{"not_picked":["Dark Embrace","Flex","Immolate"],"picked":"SKIP","floor":44},{"not_picked":["Perfected Strike","Flame Barrier","Searing Blow"],"picked":"SKIP","floor":45},{"not_picked":["hubris:ReadiedAction","ReplayTheSpireMod:Strike From Hell","Life Link+1"],"picked":"SKIP","floor":45},{"not_picked":["hubris:ReadiedAction+1","Replay:Undeath\u0027s Touch+1","Eclipse"],"picked":"SKIP","floor":47},{"not_picked":["Massacre","Clothesline","Armaments"],"picked":"SKIP","floor":47},{"not_picked":["Evolve","True Grit+1","Armaments"],"picked":"SKIP","floor":48},{"not_picked":["Pommel Strike","Perfected Strike+1","Anger"],"picked":"SKIP","floor":48}],"player_experience":249460,"relics_obtained":[{"floor":6,"key":"hubris:SlimyHat"},{"floor":8,"key":"Replay:Arrowhead"},{"floor":9,"key":"hubris:SphereOfDissonance"},{"floor":13,"key":"Gambling Chip"},{"floor":23,"key":"infinitespire:BottledMercury"},{"floor":25,"key":"ReplayFunnel"},{"floor":26,"key":"Pantograph"},{"floor":28,"key":"Bag of Marbles"},{"floor":31,"key":"Tiny Chest"},{"floor":40,"key":"Thread and Needle"},{"floor":43,"key":"Girya"}],"event_choices":[{"damage_healed":0,"gold_gain":75,"player_choice":"Gather Gold","damage_taken":11,"max_hp_gain":0,"max_hp_loss":0,"event_name":"World of Goop","floor":11,"gold_loss":0},{"damage_healed":0,"gold_gain":275,"player_choice":"Desecrate","damage_taken":0,"max_hp_gain":0,"max_hp_loss":0,"event_name":"Golden Shrine","floor":14,"gold_loss":0,"cards_obtained":["Regret"]},{"damage_healed":0,"gold_gain":0,"player_choice":"Ignored","damage_taken":0,"max_hp_gain":0,"max_hp_loss":0,"event_name":"Vampires","floor":20,"gold_loss":0},{"damage_healed":0,"gold_gain":200,"player_choice":"Gold","damage_taken":0,"max_hp_gain":0,"max_hp_loss":0,"event_name":"Wheel of Change","floor":29,"gold_loss":0},{"damage_healed":0,"gold_gain":50,"player_choice":"Pray","damage_taken":0,"max_hp_gain":0,"max_hp_loss":0,"event_name":"Golden Shrine","floor":42,"gold_loss":0}],"is_beta":false,"boss_relics":[{"not_picked":["SacredBark","hubris:CrackedHourglass"],"picked":"infinitespire:Burning Sword"},{"not_picked":["Replay:Ancient Bell","Astrolabe"],"picked":"Ring of Chaos"}],"items_purged_floors":[0,0,7,19,30,46],"is_endless":false,"potions_floor_spawned":[1,8,13,18,23,31,35,40,41,48],"ascension_level":19}}