{"host":"50qwps766cbz6ukm","time":1613472147,"event":{"mods":["BaseMod","Colored Map","Colored Powertips","DeckTracker","Highlight Path","Minty Spire (QoL Compilation)","Quick Restart","Remove Card Discount Mod","StSLib","SuperFastMode","Synergy Search"],"gold_per_floor":[117,192,192,207,207,241,241,261,261,291,291,86,86,99,99,199,199,216,216,315,325,75,75,89,116,116,149,149,180,180,200,200,301,301,319,319,165,216,64,94,106,146,158,185,212,184,212,242,254,266,266],"floor_reached":50,"language":"ENG","playtime":1156,"items_purged":["Strike_P","Strike_P","Strike_P","Strike_P","Defend_P","Defend_P","Defend_P","Defend_P","FlurryOfBlows","Consecrate"],"score":1099,"play_id":"7fc60582-661d-492f-8a28-a93c7ceab5b0","local_time":"20210216124227","is_ascension_mode":true,"campfire_choices":[{"data":"Eruption","floor":7,"key":"SMITH"},{"data":"Vigilance","floor":11,"key":"SMITH"},{"floor":15,"key":"REST"},{"data":"Panache","floor":23,"key":"SMITH"},{"floor":32,"key":"REST"},{"floor":41,"key":"REST"},{"floor":49,"key":"REST"}],"circlet_count":0,"master_deck":["Eruption+1","Vigilance+1","Consecrate","Mayhem+1","BattleHymn","MentalFortress","Panache+1","Adaptation+1","Devotion","Consecrate+1"],"relics":["HolyWater","NeowsBlessing","Nunchaku","Centennial Puzzle","HornCleat","Strawberry","Peace Pipe","Darkstone Periapt","Prayer Wheel","MutagenicStrength","InkBottle","Meat on the Bone","Black Star","Thread and Needle","PreservedInsect","War Paint","MawBank","Pocketwatch","Boot","Incense Burner"],"acts_visited":["Exordium","TheCity","TheBeyond"],"potions_floor_usage":[33,50,50],"damage_taken":[{"damage":0,"enemies":"Small Slimes","floor":1,"turns":1},{"damage":0,"enemies":"2 Louse","floor":4,"turns":1},{"damage":0,"enemies":"Lagavulin","floor":6,"turns":1},{"damage":8,"enemies":"Jaw Worm","floor":8,"turns":5},{"damage":22,"enemies":"Gremlin Nob","floor":10,"turns":5},{"damage":0,"enemies":"2 Fungi Beasts","floor":14,"turns":2},{"damage":2,"enemies":"Hexaghost","floor":16,"turns":6},{"damage":0,"enemies":"Chosen","floor":18,"turns":3},{"damage":0,"enemies":"3 Byrds","floor":21,"turns":2},{"damage":7,"enemies":"Centurion and Healer","floor":24,"turns":2},{"damage":0,"enemies":"Gremlin Leader","floor":25,"turns":4},{"damage":17,"enemies":"Slavers","floor":27,"turns":2},{"damage":0,"enemies":"Gremlin Leader","floor":29,"turns":3},{"damage":20,"enemies":"Shelled Parasite and Fungi","floor":31,"turns":3},{"damage":0,"enemies":"Champ","floor":33,"turns":5},{"damage":33,"enemies":"3 Darklings","floor":35,"turns":2},{"damage":27,"enemies":"2 Orb Walkers","floor":38,"turns":3},{"damage":0,"enemies":"Reptomancer","floor":40,"turns":2},{"damage":0,"enemies":"Giant Head","floor":42,"turns":5},{"damage":24,"enemies":"3 Shapes","floor":44,"turns":2},{"damage":11,"enemies":"Spire Growth","floor":45,"turns":4},{"damage":8,"enemies":"Sphere and 2 Shapes","floor":47,"turns":2},{"damage":18,"enemies":"4 Shapes","floor":48,"turns":3},{"damage":84,"enemies":"Time Eater","floor":50,"turns":8}],"seed_played":"2744668400011627782","potions_obtained":[{"floor":1,"key":"LiquidBronze"},{"floor":6,"key":"BlessingOfTheForge"},{"floor":14,"key":"Regen Potion"},{"floor":18,"key":"Ambrosia"},{"floor":33,"key":"SneckoOil"},{"floor":45,"key":"Regen Potion"}],"is_trial":false,"path_per_floor":["M","?","?","M","?","E","R","M","T","E","R","$","?","M","R","B",null,"M","?","?","M","$","R","M","E","T","E","?","E","T","M","R","B",null,"M","?","$","?","$","E","R","E","T","M","M","?","M","M","R","B"],"character_chosen":"WATCHER","items_purchased":["Mayhem","MentalFortress","Panache","Devotion","PreservedInsect"],"campfire_rested":4,"item_purchase_floors":[12,22,22,37,39],"current_hp_per_floor":[65,54,54,54,42,42,42,34,34,19,19,19,19,19,42,40,69,69,69,69,69,69,69,62,62,62,45,45,45,45,37,60,60,74,41,41,41,26,26,38,61,61,61,49,50,50,42,36,59,0,0],"gold":266,"neow_bonus":"THREE_ENEMY_KILL","is_daily":false,"chose_seed":false,"campfire_upgraded":3,"win_rate":0.0,"timestamp":1613472147,"path_taken":["M","?","?","M","?","E","R","M","T","E","R","?","?","M","R","BOSS","M","?","?","?","$","R","M","E","T","E","?","E","?","M","R","BOSS","M","?","$","?","?","E","R","E","T","M","M","?","?","?","R","BOSS"],"items_purchased_type":["Card","Card","Card","Card","Relic"],"build_version":"2020-12-22","purchased_purges":10,"victory":false,"max_hp_per_floor":[72,72,72,72,72,72,72,72,72,79,79,79,79,79,79,79,79,79,79,79,79,79,79,79,79,79,79,79,79,79,79,79,79,79,79,79,79,79,79,79,79,79,79,79,79,79,79,79,79,79,79],"card_choices":[{"not_picked":["WreathOfFlame","ClearTheMind"],"picked":"Adaptation","floor":1},{"not_picked":["BattleHymn","EmptyBody"],"picked":"Consecrate","floor":4},{"not_picked":["Perseverance","FlyingSleeves"],"picked":"Consecrate","floor":6},{"not_picked":["SashWhip","EmptyMind","WaveOfTheHand"],"picked":"SKIP","floor":8},{"not_picked":["Tantrum","InnerPeace","Evaluate"],"picked":"SKIP","floor":10},{"not_picked":["Protect","Pray","Sanctity"],"picked":"SKIP","floor":14},{"not_picked":["SpiritShield","Vault"],"picked":"DeusExMachina","floor":16},{"not_picked":["WaveOfTheHand","Sanctity"],"picked":"BattleHymn","floor":18},{"not_picked":["Evaluate","Swivel+1","Halt"],"picked":"SKIP","floor":21},{"not_picked":["FlyingSleeves","ClearTheMind","JustLucky"],"picked":"SKIP","floor":24},{"not_picked":["BowlingBash+1","CrushJoints+1","Brilliance"],"picked":"SKIP","floor":25},{"not_picked":["ForeignInfluence","CrushJoints"],"picked":"Adaptation","floor":27},{"not_picked":["FollowUp","SashWhip","ReachHeaven"],"picked":"SKIP","floor":29},{"not_picked":["ForeignInfluence","Sanctity","Fasting2"],"picked":"SKIP","floor":31},{"not_picked":["ThirdEye","Meditate","PathToVictory"],"picked":"SKIP","floor":31},{"not_picked":["FollowUp+1","EmptyBody"],"picked":"FlurryOfBlows","floor":35},{"not_picked":["Halt+1","Perseverance+1","ReachHeaven+1"],"picked":"SKIP","floor":35},{"not_picked":["DeceiveReality","Evaluate"],"picked":"Consecrate+1","floor":38},{"not_picked":["Brilliance","JustLucky","Collect"],"picked":"SKIP","floor":40},{"not_picked":["FollowUp","Adaptation","ClearTheMind+1"],"picked":"SKIP","floor":42},{"not_picked":["Swivel","PathToVictory+1","SashWhip"],"picked":"SKIP","floor":44},{"not_picked":["JustLucky+1","Indignation+1","Vengeance"],"picked":"SKIP","floor":44},{"not_picked":["BowlingBash+1","CutThroughFate+1","Prostrate+1"],"picked":"SKIP","floor":45},{"not_picked":["JustLucky","ConjureBlade","FlyingSleeves"],"picked":"SKIP","floor":45},{"not_picked":["ClearTheMind+1","PathToVictory","Vengeance+1"],"picked":"SKIP","floor":47},{"not_picked":["Evaluate","Consecrate","CrushJoints"],"picked":"SKIP","floor":47},{"not_picked":["CrushJoints+1","Evaluate+1","Protect"],"picked":"SKIP","floor":48},{"not_picked":["BattleHymn","Pray+1","FollowUp"],"picked":"SKIP","floor":48}],"player_experience":597354,"relics_obtained":[{"floor":6,"key":"Centennial Puzzle"},{"floor":9,"key":"HornCleat"},{"floor":10,"key":"Strawberry"},{"floor":25,"key":"Peace Pipe"},{"floor":26,"key":"Darkstone Periapt"},{"floor":27,"key":"Prayer Wheel"},{"floor":29,"key":"InkBottle"},{"floor":30,"key":"Meat on the Bone"},{"floor":38,"key":"Thread and Needle"},{"floor":40,"key":"War Paint"},{"floor":40,"key":"MawBank"},{"floor":42,"key":"Pocketwatch"},{"floor":42,"key":"Boot"},{"floor":43,"key":"Incense Burner"}],"event_choices":[{"damage_healed":0,"gold_gain":75,"player_choice":"Gather Gold","damage_taken":11,"max_hp_gain":0,"max_hp_loss":0,"event_name":"World of Goop","floor":2,"gold_loss":0},{"damage_healed":0,"gold_gain":0,"player_choice":"Ignored","damage_taken":0,"max_hp_gain":0,"max_hp_loss":0,"event_name":"Golden Wing","floor":3,"gold_loss":0},{"damage_healed":0,"gold_gain":0,"player_choice":"Success","damage_taken":12,"relics_obtained":["Nunchaku"],"max_hp_gain":0,"max_hp_loss":0,"event_name":"Scrap Ooze","floor":5,"gold_loss":0},{"damage_healed":0,"gold_gain":0,"player_choice":"Grow","damage_taken":0,"max_hp_gain":0,"max_hp_loss":0,"event_name":"Living Wall","floor":13,"gold_loss":0,"cards_upgraded":["Mayhem"]},{"cards_removed":["DeusExMachina"],"damage_healed":0,"gold_gain":0,"player_choice":"Elegance","damage_taken":0,"max_hp_gain":0,"max_hp_loss":0,"event_name":"Back to Basics","floor":19,"gold_loss":0},{"damage_healed":0,"gold_gain":99,"player_choice":"Stole From Cult","damage_taken":0,"max_hp_gain":0,"max_hp_loss":0,"event_name":"Nest","floor":20,"gold_loss":0},{"damage_healed":0,"gold_gain":0,"player_choice":"Inject Mutagens","damage_taken":0,"relics_obtained":["MutagenicStrength"],"max_hp_gain":0,"max_hp_loss":0,"event_name":"Drug Dealer","floor":28,"gold_loss":0},{"cards_removed":["Adaptation"],"damage_healed":0,"gold_gain":0,"player_choice":"Removed Power","damage_taken":0,"max_hp_gain":0,"max_hp_loss":0,"event_name":"Falling","floor":36,"gold_loss":0},{"damage_healed":0,"gold_gain":0,"player_choice":"Fight","damage_taken":0,"max_hp_gain":0,"max_hp_loss":0,"event_name":"Mysterious Sphere","floor":38,"gold_loss":0},{"damage_healed":0,"gold_gain":0,"player_choice":"Upgrade","damage_taken":0,"max_hp_gain":0,"max_hp_loss":0,"event_name":"Designer","floor":46,"gold_loss":40,"cards_upgraded":["Adaptation"]}],"is_beta":false,"boss_relics":[{"not_picked":["Pandora\u0027s Box","Busted Crown"],"picked":"HolyWater"},{"not_picked":["Calling Bell","Coffee Dripper"],"picked":"Black Star"}],"items_purged_floors":[12,12,12,12,12,12,12,12,37,39],"is_endless":false,"potions_floor_spawned":[1,6,14,16,18,21,25,33,42,44,45],"killed_by":"Time Eater","ascension_level":9}}