{"host":"zsnmfqgcm92hlreo","time":1613467185,"event":{"mods":["AchievementEnabler","BaseMod","Bestiary","Block Reminder","Colored Map","Colored Powertips","Filter the Spire","Minty Spire (QoL Compilation)","Permanent Neow","Quick Restart","Relic Stats","StSLib","Weighted Paths"],"gold_per_floor":[109,36,51,51,61,61,89,89,113,113,113],"floor_reached":10,"language":"ENG","playtime":290,"items_purged":[],"score":69,"play_id":"67956a59-00ec-4959-af59-b631c992a83c","local_time":"20210216031945","is_ascension_mode":true,"campfire_choices":[{"data":"Defragment","floor":6.0,"key":"SMITH"},{"floor":8.0,"key":"REST"}],"circlet_count":0,"master_deck":["Strike_B","Strike_B","Strike_B","Defend_B","Defend_B","Defend_B","Defend_B","Zap","Dualcast","Sweeping Beam","Defragment+1","Consume","Aggregate","Echo Form","Gash"],"relics":["Black Star","Dream Catcher","Bag of Marbles","Ancient Tea Set"],"acts_visited":["Exordium"],"potions_floor_usage":[10],"damage_taken":[{"damage":15.0,"enemies":"Jaw Worm","floor":1.0,"turns":4.0},{"damage":10.0,"enemies":"Cultist","floor":3.0,"turns":4.0},{"damage":0.0,"enemies":"2 Louse","floor":5.0,"turns":2.0},{"damage":45.0,"enemies":"Lagavulin","floor":7.0,"turns":10.0},{"damage":27,"enemies":"3 Sentries","floor":10,"turns":4}],"seed_played":"3068160722424563609","potions_obtained":[{"floor":3.0,"key":"FocusPotion"},{"floor":5.0,"key":"Dexterity Potion"},{"floor":7.0,"key":"Fire Potion"}],"is_trial":false,"path_per_floor":["M","$","M","?","M","R","E","R","T","E"],"character_chosen":"DEFECT","items_purchased":["Defragment"],"campfire_rested":1,"item_purchase_floors":[2],"current_hp_per_floor":[60,60,50,50,50,50,5,27,27,0,0],"gold":113,"neow_bonus":"BOSS_RELIC","is_daily":false,"chose_seed":false,"campfire_upgraded":1,"win_rate":0.0,"timestamp":1613467185,"path_taken":["M","$","M","?","M","R","E","R","T","E"],"items_purchased_type":["Card"],"build_version":"2020-12-22","purchased_purges":0,"victory":false,"max_hp_per_floor":[75,75,75,75,75,75,75,75,75,75,75],"relic_stats":{"Dream Catcher":1,"counters":[5,24],"Black Star":1,"obtain_stats":[{"Dream Catcher":7,"Black Star":0,"Bag of Marbles":7,"Cracked Core":0,"Ancient Tea Set":9},{"Dream Catcher":4,"Black Star":0,"Bag of Marbles":4,"Cracked Core":0,"Ancient Tea Set":4},{"Dream Catcher":20,"Black Star":0,"Bag of Marbles":20,"Cracked Core":0,"Ancient Tea Set":20}]},"card_choices":[{"not_picked":["Redo","White Noise"],"picked":"Sweeping Beam","floor":1.0},{"not_picked":["Conserve Battery","Stack"],"picked":"Consume","floor":3.0},{"not_picked":["Hologram","Skim"],"picked":"Aggregate","floor":5.0},{"not_picked":["Storm","White Noise"],"picked":"Echo Form","floor":7.0},{"not_picked":["Go for the Eyes","Rebound"],"picked":"Gash","floor":8.0}],"player_experience":1164046,"relics_obtained":[{"floor":7.0,"key":"Dream Catcher"},{"floor":7.0,"key":"Bag of Marbles"},{"floor":9.0,"key":"Ancient Tea Set"}],"event_choices":[{"cards_removed":["Strike_B"],"damage_healed":0.0,"max_hp_gain":0.0,"max_hp_loss":0.0,"gold_gain":0.0,"event_name":"Purifier","player_choice":"Purged","floor":4.0,"gold_loss":0.0,"damage_taken":0.0}],"is_beta":false,"boss_relics":[],"items_purged_floors":[],"is_endless":false,"potions_floor_spawned":[3,5,7],"killed_by":"3 Sentries","ascension_level":1}}