{"host":"89iuq2p5kwriuwfq","time":1613467930,"event":{"mods":["BaseMod","Curses Come First","Minty Spire (QoL Compilation)","Permanent Neow","StSLib"],"gold_per_floor":[115,135,145,159,171,201,229,266,278,290,302,340,302,329,341,353,353],"floor_reached":16,"language":"ENG","playtime":1174,"items_purged":[],"score":238,"play_id":"d70c49e1-245b-4c00-abea-4e3a5c5d20c9","local_time":"20210216093210","is_ascension_mode":true,"campfire_choices":[{"data":"Buffer","floor":15,"key":"SMITH"}],"circlet_count":0,"master_deck":["AscendersBane","Strike_B","Strike_B","Strike_B","Defend_B","Defend_B","Defend_B","Defend_B","Zap","Dualcast","Buffer+1","Steam","Coolheaded","Storm","Biased Cognition","Beam Cell","Chaos","Self Repair"],"relics":["Cracked Core","MawBank","Kunai","Gremlin Horn","Orichalcum"],"acts_visited":["Exordium"],"potions_floor_usage":[6,6,8],"damage_taken":[{"damage":0,"enemies":"2 Louse","floor":1,"turns":2},{"damage":0,"enemies":"Small Slimes","floor":2,"turns":5},{"damage":0,"enemies":"Jaw Worm","floor":3,"turns":4},{"damage":4,"enemies":"Looter","floor":4,"turns":4},{"damage":18,"enemies":"2 Fungi Beasts","floor":5,"turns":4},{"damage":34,"enemies":"3 Sentries","floor":6,"turns":11},{"damage":18,"enemies":"Exordium Wildlife","floor":7,"turns":5},{"damage":0,"enemies":"Lagavulin","floor":8,"turns":5},{"damage":15,"enemies":"3 Sentries","floor":12,"turns":7},{"damage":3,"enemies":"Looter","floor":14,"turns":4},{"damage":15,"enemies":"Hexaghost","floor":16,"turns":10}],"seed_played":"-8088839235259859829","potions_obtained":[{"floor":3,"key":"Energy Potion"},{"floor":5,"key":"Regen Potion"},{"floor":6,"key":"SteroidPotion"},{"floor":7,"key":"BlessingOfTheForge"}],"is_trial":false,"path_per_floor":["M","M","M","M","M","E","M","E","T","?","?","E","?","M","R","B"],"character_chosen":"DEFECT","items_purchased":[],"campfire_rested":0,"item_purchase_floors":[],"current_hp_per_floor":[68,68,68,64,46,27,9,9,9,34,34,19,19,16,16,1,1],"gold":353,"neow_bonus":"ONE_RANDOM_RARE_CARD","is_daily":false,"chose_seed":false,"campfire_upgraded":1,"win_rate":0.0,"timestamp":1613467930,"path_taken":["M","M","M","M","M","E","M","E","T","?","?","E","?","M","R","BOSS"],"items_purchased_type":[],"build_version":"2020-12-22","purchased_purges":0,"victory":false,"max_hp_per_floor":[75,75,75,75,75,75,75,75,75,75,75,75,75,75,75,75,75],"card_choices":[{"not_picked":["Stack","Hologram"],"picked":"Steam","floor":1},{"not_picked":["Turbo","Undo"],"picked":"Coolheaded","floor":2},{"not_picked":["Beam Cell","Compile Driver"],"picked":"Storm","floor":3},{"not_picked":["Beam Cell","Conserve Battery","Hyperbeam"],"picked":"SKIP","floor":4},{"not_picked":["Redo","Go for the Eyes","Gash"],"picked":"SKIP","floor":5},{"not_picked":["Stack","Conserve Battery","Aggregate"],"picked":"SKIP","floor":6},{"not_picked":["Go for the Eyes","Tempest"],"picked":"Biased Cognition","floor":7},{"not_picked":["Consume","Rip and Tear"],"picked":"Beam Cell","floor":8},{"not_picked":["Steam","Blizzard"],"picked":"Chaos","floor":12},{"not_picked":["Coolheaded","Hologram"],"picked":"Self Repair","floor":14}],"player_experience":693362,"relics_obtained":[{"floor":6,"key":"MawBank"},{"floor":8,"key":"Kunai"},{"floor":9,"key":"Gremlin Horn"},{"floor":12,"key":"Orichalcum"}],"event_choices":[{"damage_healed":25,"gold_gain":0,"player_choice":"Banana","damage_taken":0,"max_hp_gain":0,"max_hp_loss":0,"event_name":"Big Fish","floor":10,"gold_loss":0},{"damage_healed":0,"gold_gain":0,"player_choice":"Searched \u00271\u0027 times","damage_taken":0,"max_hp_gain":0,"max_hp_loss":0,"event_name":"Dead Adventurer","floor":11,"gold_loss":0},{"cards_removed":["Strike_B"],"damage_healed":0,"gold_gain":0,"player_choice":"Card Removal","damage_taken":0,"max_hp_gain":0,"max_hp_loss":0,"event_name":"The Cleric","floor":13,"gold_loss":50}],"is_beta":false,"boss_relics":[],"items_purged_floors":[],"is_endless":false,"potions_floor_spawned":[3,5,6,7],"killed_by":"Hexaghost","ascension_level":12}}