{"host":"mw3dmj42qtkbha4b","time":1613482098,"event":{"mods":["BaseMod","Colored Map","Colored Powertips","DeckTracker","Minty Spire (QoL Compilation)","StSLib","SuperFastMode"],"gold_per_floor":[118,118,138,138,138,166,166,192,192,202,202,202,202],"floor_reached":12,"language":"KOR","playtime":189,"items_purged":[],"score":222,"play_id":"d57ced6e-6123-4271-bd8a-ccc650a52db6","local_time":"20210216222818","is_ascension_mode":true,"campfire_choices":[{"data":"Eruption","floor":7.0,"key":"SMITH"}],"circlet_count":0,"master_deck":["AscendersBane","Strike_P","Strike_P","Strike_P","Strike_P","Defend_P","Defend_P+1","Defend_P+1","Defend_P","Eruption+1","Vigilance","Consecrate+1"],"relics":["PureWater","NeowsBlessing","Peace Pipe","War Paint","Nunchaku"],"acts_visited":["Exordium"],"potions_floor_usage":[],"damage_taken":[{"damage":0.0,"enemies":"Cultist","floor":1.0,"turns":1.0},{"damage":0.0,"enemies":"Small Slimes","floor":3.0,"turns":1.0},{"damage":0.0,"enemies":"Gremlin Nob","floor":6.0,"turns":1.0},{"damage":16.0,"enemies":"Lagavulin","floor":8.0,"turns":6.0},{"damage":4.0,"enemies":"2 Louse","floor":10.0,"turns":3.0},{"damage":43,"enemies":"Gremlin Nob","floor":12,"turns":3}],"seed_played":"-4957086107026969129","potions_obtained":[{"floor":3.0,"key":"StancePotion"}],"is_trial":false,"path_per_floor":["M","$","M","$","?","E","R","E","T","M","?","E"],"character_chosen":"WATCHER","items_purchased":[],"campfire_rested":0,"item_purchase_floors":[],"current_hp_per_floor":[61,61,61,61,56,56,56,40,40,36,36,0,0],"gold":202,"neow_bonus":"THREE_ENEMY_KILL","is_daily":false,"chose_seed":false,"campfire_upgraded":1,"win_rate":0.0,"timestamp":1613482098,"path_taken":["M","$","?","?","?","E","R","E","T","M","?","E"],"items_purchased_type":[],"build_version":"2020-12-22","purchased_purges":0,"victory":false,"max_hp_per_floor":[68,68,68,68,68,68,68,68,68,68,68,68,68],"card_choices":[{"not_picked":["PathToVictory","ForeignInfluence","ClearTheMind"],"picked":"SKIP","floor":1.0},{"not_picked":["EmptyBody","FollowUp","JustLucky"],"picked":"SKIP","floor":3.0},{"not_picked":["Wish","FlurryOfBlows","Scrawl"],"picked":"SKIP","floor":6.0},{"not_picked":["MentalFortress","Crescendo","WreathOfFlame"],"picked":"SKIP","floor":8.0},{"not_picked":["ClearTheMind","CutThroughFate"],"picked":"Consecrate","floor":10.0}],"player_experience":1818033,"relics_obtained":[{"floor":6.0,"key":"War Paint"},{"floor":8.0,"key":"Nunchaku"}],"event_choices":[{"damage_healed":0.0,"max_hp_gain":0.0,"max_hp_loss":0.0,"gold_gain":0.0,"event_name":"Scrap Ooze","player_choice":"Success","floor":5.0,"gold_loss":0.0,"damage_taken":5.0,"relics_obtained":["Peace Pipe"]},{"damage_healed":0.0,"max_hp_gain":0.0,"max_hp_loss":0.0,"gold_gain":0.0,"event_name":"Living Wall","player_choice":"Grow","floor":11.0,"gold_loss":0.0,"damage_taken":0.0,"cards_upgraded":["Consecrate"]}],"is_beta":false,"boss_relics":[],"items_purged_floors":[],"is_endless":false,"potions_floor_spawned":[3],"killed_by":"Gremlin Nob","ascension_level":20}}