{"host":"o9lehcdjc4u6j9un","time":1613489726,"event":{"mods":["Aspiration","BaseMod","Better-Laid Plans","Bossed Relics","Colored Map","Downfall","Gremlin Mod","Hermit","Marisa£®ÏF”Í°°ƒß¿Ì…≥£©","Minty Spire (QoL Compilation)","Reimu£®≤©¿ˆ¡È√Œ£©","Remilia£®¿Ÿ√◊¿Ú—«£©","StSLib","The Alterego","The Hierophant","The Jungle","The Marked","The Runesmith","The Senshi","The Servant 0.9.4","Yakumo Yukari mod","Youmu£®ªÍ∆«—˝√Œ£©","≤–¡Ù÷ÆŒÔ"],"gold_per_floor":[109,127,141,156,172,200,200,215,215,232,232,263,263,278,278,375,375,363,363,45,45,45,45,45],"floor_reached":23,"language":"ZHS","playtime":2383,"items_purged":["Runesmith:Strike_RS"],"score":228,"play_id":"521767ae-f5e3-4059-9e35-fcff8f19a754","local_time":"20210216233526","is_ascension_mode":false,"campfire_choices":[{"data":"Runesmith:CraftFirestone","floor":7,"key":"SMITH"},{"floor":11,"key":"REST"},{"data":"Runesmith:HammerThrow","floor":13,"key":"SMITH"},{"data":"aspiration:UnbridledHammer","floor":15,"key":"SMITH"}],"circlet_count":0,"master_deck":["Runesmith:Strike_RS","Runesmith:Strike_RS","Runesmith:Strike_RS","Runesmith:Defend_RS","Runesmith:Defend_RS","Runesmith:Defend_RS","Runesmith:Defend_RS","Runesmith:CraftFirestone+1","Runesmith:Fortify","Runesmith:Accelerate+1","Runesmith:RuneHurl","Runesmith:EnergizedChisel","Runesmith:EnergizedChisel","Runesmith:HammerThrow+1","aspiration:UnbridledHammer+1","Runesmith:EnergizedChisel","Runesmith:Accelerate+1","Runesmith:EarthShield","Runesmith:Attraction","Runesmith:CraftPrismatica","Runesmith:CraftMagma"],"relics":["Runesmith:BrokenRuby","aspiration:Nostalgia","Slimebound:AbsorbEndCombat","PreservedInsect","Regal Pillow","War Paint","Philosopher\u0027s Stone","Nilry\u0027s Codex","Question Card","aspiration:RitualStick"],"acts_visited":["Exordium","TheCity"],"potions_floor_usage":[4,10,16],"damage_taken":[{"damage":2,"enemies":"Jaw Worm","floor":1,"turns":4},{"damage":0,"enemies":"2 Louse","floor":2,"turns":3},{"damage":0,"enemies":"Cultist","floor":3,"turns":3},{"damage":1,"enemies":"Gremlin Gang","floor":4,"turns":5},{"damage":0,"enemies":"2 Fungi Beasts","floor":5,"turns":3},{"damage":19,"enemies":"3 Sentries","floor":6,"turns":10},{"damage":3,"enemies":"Red Slaver","floor":8,"turns":3},{"damage":9,"enemies":"Exordium Thugs","floor":10,"turns":5},{"damage":0,"enemies":"Gremlin Nob","floor":12,"turns":3},{"damage":3,"enemies":"Large Slime","floor":14,"turns":7},{"damage":19,"enemies":"Hexaghost","floor":16,"turns":15},{"damage":20,"enemies":"2 Thieves","floor":18,"turns":4},{"damage":29,"enemies":"Slavers","floor":23,"turns":3}],"seed_played":"-3862258242364835092","potions_obtained":[{"floor":1,"key":"Fire Potion"},{"floor":6,"key":"SkillPotion"},{"floor":8,"key":"GamblersBrew"}],"is_trial":false,"path_per_floor":["M","M","M","M","M","E","R","M","T","M","R","E","R","M","R","B",null,"M","?","$","?","$","E"],"character_chosen":"RUNESMITH_CLASS","items_purchased":["Question Card"],"campfire_rested":1,"item_purchase_floors":[20],"current_hp_per_floor":[68,68,68,67,67,48,48,45,45,36,70,70,70,67,67,48,70,50,34,34,20,20,0,0],"gold":45,"neow_bonus":"NOSTALGIA","is_daily":false,"chose_seed":false,"campfire_upgraded":3,"win_rate":0.0,"timestamp":1613489726,"path_taken":["M","M","M","M","M","E","R","M","T","M","R","E","R","M","R","BOSS","M","?","$","?","?","E"],"items_purchased_type":["Relic"],"build_version":"2020-12-22","purchased_purges":1,"victory":false,"max_hp_per_floor":[70,70,70,70,70,70,70,70,70,70,70,70,70,70,70,70,70,70,70,70,70,70,70,70],"card_choices":[{"not_picked":["Runesmith:RuneHurl","Runesmith:Grindstone"],"picked":"Runesmith:Accelerate","floor":1},{"not_picked":["Runesmith:StaticCage","Runesmith:BackupBattery"],"picked":"Runesmith:RuneHurl","floor":2},{"not_picked":["Runesmith:DoubleUp","Runesmith:CraftObretio"],"picked":"Runesmith:EnergizedChisel","floor":3},{"not_picked":["Runesmith:CraftProtectio","Runesmith:HeatedChisel"],"picked":"Runesmith:EnergizedChisel","floor":4},{"not_picked":["Runesmith:Superposition","Runesmith:NegativeSpace"],"picked":"Runesmith:HammerThrow","floor":5},{"not_picked":["Runesmith:StaticCage","Runesmith:Superposition"],"picked":"aspiration:UnbridledHammer","floor":6},{"not_picked":["Runesmith:Overpower","Runesmith:EarthShield"],"picked":"Runesmith:EnergizedChisel","floor":8},{"not_picked":["Runesmith:BackupBattery","Runesmith:StaticCage"],"picked":"Runesmith:Accelerate","floor":10},{"not_picked":["Runesmith:Empowerment","Runesmith:CreatorForm"],"picked":"Runesmith:EarthShield","floor":12},{"not_picked":["Runesmith:Grindstone","Runesmith:HeatExchange"],"picked":"Runesmith:Attraction","floor":14},{"not_picked":["Runesmith:FissionHammer","Runesmith:UnlimitedPower"],"picked":"Runesmith:CraftPrismatica","floor":16},{"not_picked":["aspiration:UnbridledHammer","Runesmith:Discharge"],"picked":"Runesmith:CraftMagma","floor":18}],"player_experience":309557,"relics_obtained":[{"floor":6,"key":"PreservedInsect"},{"floor":9,"key":"Regal Pillow"},{"floor":12,"key":"War Paint"},{"floor":19,"key":"Nilry\u0027s Codex"}],"event_choices":[{"damage_healed":0,"gold_gain":0,"player_choice":"Obtained Book","damage_taken":16,"max_hp_gain":0,"max_hp_loss":0,"event_name":"Cursed Tome","floor":19,"gold_loss":0}],"is_beta":false,"boss_relics":[{"not_picked":["Empty Cage","Fusion Hammer"],"picked":"Philosopher\u0027s Stone"}],"items_purged_floors":[20],"is_endless":false,"potions_floor_spawned":[1,6,8],"killed_by":"Slavers","ascension_level":0}}