{"host":"uv5ws9rdk87e8i5k","time":1613449301,"event":{"mods":["AchievementEnabler","BaseMod","Colored Map","Minty Spire (QoL Compilation)","Permanent Neow","Quick Restart","StSLib","SuperFastMode","The Necromancer"],"gold_per_floor":[109,109,122,50,50,78,97,125,125,152,152,165,177,191,191,289,289,306,324,338,338,16,46,8,40,40,40,70,84,109,121,121,221,221,233,2,16,27,27,38,38,63,63,95,113,130,130,164,164,164,164,164,17,50,50],"floor_reached":56,"language":"ENG","playtime":2431,"items_purged":["Strike_B","Strike_B"],"score":1693,"play_id":"62645016-e36a-4ad5-9c09-e5eb232b525e","local_time":"20210215222141","is_ascension_mode":true,"campfire_choices":[{"data":"Machine Learning","floor":11,"key":"SMITH"},{"data":"White Noise","floor":15,"key":"SMITH"},{"data":"Turbo","floor":27,"key":"SMITH"},{"data":"Coolheaded","floor":32,"key":"SMITH"},{"floor":41,"key":"RECALL"},{"data":"Consume","floor":49,"key":"SMITH"},{"data":"Chaos","floor":52,"key":"SMITH"}],"circlet_count":0,"master_deck":["Defend_B","Defend_B","Defend_B","Zap","Dualcast","Machine Learning+1","Self Repair","Leap","Chaos+1","Doom and Gloom","Coolheaded+1","Hello World","Force Field","Turbo+1","Coolheaded","White Noise+1","Echo Form+1","Capacitor+1","Coolheaded+1","Self Repair+1","Hello World+1","Heatsinks+1","Compile Driver+1","Consume+1","Turbo","Force Field","Thunder Strike+1","Buffer+1","Hologram+1","White Noise+1","Redo+1","Loop+1","Thunder Strike+1","Force Field"],"relics":["FrozenCore","Smiling Mask","StoneCalendar","Frozen Egg 2","CaptainsWheel","Anchor","Molten Egg 2","Pen Nib","InkBottle","Gremlin Horn","DataDisk","Coffee Dripper","Bronze Scales","Orichalcum","FossilizedHelix","Ornamental Fan"],"acts_visited":["Exordium","TheCity","TheBeyond","TheEnding"],"potions_floor_usage":[8,16,19,20,23,23,29,30,33,48,55,55,55,55,55,55],"damage_taken":[{"damage":12,"enemies":"Jaw Worm","floor":1,"turns":3},{"damage":5,"enemies":"Small Slimes","floor":3,"turns":4},{"damage":27,"enemies":"3 Sentries","floor":6,"turns":6},{"damage":0,"enemies":"Cultist","floor":7,"turns":3},{"damage":8,"enemies":"Gremlin Nob","floor":8,"turns":3},{"damage":11,"enemies":"Lagavulin","floor":10,"turns":7},{"damage":9,"enemies":"Red Slaver","floor":12,"turns":4},{"damage":16,"enemies":"Large Slime","floor":13,"turns":4},{"damage":10,"enemies":"Exordium Wildlife","floor":14,"turns":7},{"damage":0,"enemies":"Slime Boss","floor":16,"turns":7},{"damage":4,"enemies":"Spheric Guardian","floor":18,"turns":7},{"damage":8,"enemies":"Shell Parasite","floor":19,"turns":7},{"damage":24,"enemies":"Shelled Parasite and Fungi","floor":20,"turns":7},{"damage":58,"enemies":"Gremlin Leader","floor":23,"turns":7},{"damage":25,"enemies":"Slavers","floor":25,"turns":7},{"damage":5,"enemies":"Book of Stabbing","floor":28,"turns":7},{"damage":4,"enemies":"Snecko","floor":29,"turns":7},{"damage":12,"enemies":"Slavers","floor":30,"turns":6},{"damage":15,"enemies":"Sentry and Sphere","floor":31,"turns":8},{"damage":5,"enemies":"Champ","floor":33,"turns":8},{"damage":8,"enemies":"3 Darklings","floor":35,"turns":5},{"damage":0,"enemies":"3 Shapes","floor":37,"turns":5},{"damage":5,"enemies":"Spire Growth","floor":38,"turns":6},{"damage":34,"enemies":"Jaw Worm Horde","floor":40,"turns":6},{"damage":0,"enemies":"Reptomancer","floor":42,"turns":5},{"damage":0,"enemies":"Giant Head","floor":44,"turns":8},{"damage":15,"enemies":"Sphere and 2 Shapes","floor":45,"turns":6},{"damage":24,"enemies":"Transient","floor":46,"turns":5},{"damage":28,"enemies":"Reptomancer","floor":48,"turns":5},{"damage":14,"enemies":"Donu and Deca","floor":50,"turns":10},{"damage":36,"enemies":"Shield and Spear","floor":54,"turns":6},{"damage":32,"enemies":"The Heart","floor":55,"turns":7}],"seed_played":"9045078071498863654","potions_obtained":[{"floor":6,"key":"GamblersBrew"},{"floor":7,"key":"FairyPotion"},{"floor":13,"key":"PowerPotion"},{"floor":14,"key":"SkillPotion"},{"floor":16,"key":"Strength Potion"},{"floor":19,"key":"Weak Potion"},{"floor":25,"key":"SkillPotion"},{"floor":29,"key":"Ancient Potion"},{"floor":31,"key":"EssenceOfDarkness"},{"floor":37,"key":"Explosive Potion"},{"floor":45,"key":"Ancient Potion"}],"is_trial":false,"path_per_floor":["M","?","M","$","?","E","M","E","T","E","R","M","M","M","R","B",null,"M","M","M","?","$","E","$","E","T","R","E","M","E","M","R","B",null,"M","$","M","M","$","M","R","E","T","E","M","M","?","E","R","B",null,"R","$","E","B",null],"character_chosen":"DEFECT","items_purchased":["Doom and Gloom","Anchor","Self Repair+1","AttackPotion","Heatsinks+1","DuplicationPotion","Buffer+1","EntropicBrew"],"campfire_rested":0,"item_purchase_floors":[4,22,22,22,24,36,36,53],"current_hp_per_floor":[70,63,65,65,65,45,52,51,51,47,47,45,36,33,33,40,66,75,75,65,65,65,24,24,39,39,39,51,64,69,75,75,75,75,75,75,75,75,75,65,65,75,75,75,75,68,68,67,67,70,74,74,74,55,43],"gold":50,"neow_bonus":"TRANSFORM_TWO_CARDS","is_daily":false,"chose_seed":false,"campfire_upgraded":6,"win_rate":0.0,"timestamp":1613449301,"path_taken":["M","?","M","$","?","E","M","E","T","E","R","?","M","M","R","BOSS","M","M","M","?","?","E","$","E","T","R","E","M","E","M","R","BOSS","M","?","M","M","$","M","R","E","T","E","M","M","?","E","R","BOSS","R","$","E","BOSS"],"items_purchased_type":["Card","Relic","Card","Potion","Card","Potion","Card","Potion"],"build_version":"2020-12-22","purchased_purges":2,"victory":true,"max_hp_per_floor":[75,75,75,75,75,75,75,75,75,75,75,75,75,75,75,75,75,75,75,75,75,75,75,75,75,75,75,75,75,75,75,75,75,75,75,75,75,75,75,75,75,75,75,75,75,75,75,75,75,75,75,75,75,75,75],"card_choices":[{"not_picked":["Barrage","Steam"],"picked":"Leap","floor":1},{"not_picked":["Conserve Battery","Beam Cell"],"picked":"Chaos","floor":3},{"not_picked":["Go for the Eyes","Steam Power"],"picked":"Coolheaded","floor":6},{"not_picked":["Chill","Hologram"],"picked":"Hello World","floor":7},{"not_picked":["Steam","BootSequence"],"picked":"Force Field","floor":8},{"not_picked":["Melter","Darkness"],"picked":"Turbo","floor":10},{"not_picked":["Darkness","Aggregate","Stack"],"picked":"SKIP","floor":12},{"not_picked":["Ball Lightning","Streamline"],"picked":"Coolheaded","floor":13},{"not_picked":["Gash","Rainbow"],"picked":"White Noise","floor":14},{"not_picked":["Fission","Biased Cognition+1"],"picked":"Echo Form+1","floor":16},{"not_picked":["Barrage+1","Steam","Steam Power"],"picked":"SKIP","floor":18},{"not_picked":["Doom and Gloom","Ball Lightning"],"picked":"Capacitor+1","floor":19},{"not_picked":["Leap","Stack+1"],"picked":"Coolheaded+1","floor":20},{"not_picked":["Barrage+1","Stack"],"picked":"Hello World+1","floor":23},{"not_picked":["Turbo","Beam Cell+1"],"picked":"Compile Driver+1","floor":25},{"not_picked":["Multi-Cast","Beam Cell+1"],"picked":"Consume","floor":28},{"not_picked":["Tempest+1","Leap"],"picked":"Turbo","floor":29},{"not_picked":["Blizzard+1","Beam Cell+1"],"picked":"Force Field","floor":30},{"not_picked":["Consume","Aggregate","Rebound+1"],"picked":"SKIP","floor":31},{"not_picked":["Rainbow","Biased Cognition+1"],"picked":"Thunder Strike+1","floor":33},{"not_picked":["Coolheaded","Gash+1","Undo+1"],"picked":"SKIP","floor":35},{"not_picked":["Genetic Algorithm+1","Turbo+1"],"picked":"Hologram+1","floor":37},{"not_picked":["Hello World+1","Barrage+1"],"picked":"White Noise+1","floor":38},{"not_picked":["Conserve Battery","Biased Cognition+1"],"picked":"Redo+1","floor":40},{"not_picked":["Stack+1","Hologram+1"],"picked":"Loop+1","floor":42},{"not_picked":["Hologram+1","Chill+1","Go for the Eyes+1"],"picked":"SKIP","floor":44},{"not_picked":["Self Repair+1","Leap","Conserve Battery+1"],"picked":"SKIP","floor":45},{"not_picked":["Cold Snap+1","Sunder+1","Gash+1"],"picked":"SKIP","floor":46},{"not_picked":["Undo","Stack"],"picked":"Thunder Strike+1","floor":48},{"not_picked":["Cold Snap+1","Turbo+1"],"picked":"Force Field","floor":54}],"player_experience":203142,"relics_obtained":[{"floor":6,"key":"Smiling Mask"},{"floor":8,"key":"StoneCalendar"},{"floor":9,"key":"Frozen Egg 2"},{"floor":10,"key":"CaptainsWheel"},{"floor":23,"key":"Molten Egg 2"},{"floor":25,"key":"Pen Nib"},{"floor":26,"key":"InkBottle"},{"floor":28,"key":"Gremlin Horn"},{"floor":30,"key":"DataDisk"},{"floor":42,"key":"Bronze Scales"},{"floor":44,"key":"Orichalcum"},{"floor":48,"key":"FossilizedHelix"},{"floor":54,"key":"Ornamental Fan"}],"event_choices":[{"cards_removed":["Writhe"],"damage_healed":0,"gold_gain":0,"player_choice":"Card Removal","damage_taken":7,"max_hp_gain":0,"max_hp_loss":0,"event_name":"Golden Wing","floor":2,"gold_loss":0},{"damage_healed":0,"gold_gain":0,"player_choice":"Ignored","damage_taken":0,"max_hp_gain":0,"max_hp_loss":0,"event_name":"Liars Game","floor":5,"gold_loss":0},{"cards_removed":["Strike_B"],"damage_healed":0,"gold_gain":0,"player_choice":"Offered Basic","damage_taken":0,"max_hp_gain":0,"max_hp_loss":0,"event_name":"Bonfire Elementals","floor":21,"gold_loss":0},{"damage_healed":0,"gold_gain":0,"player_choice":"Ignored","damage_taken":0,"max_hp_gain":0,"max_hp_loss":0,"event_name":"Tomb of Lord Red Mask","floor":47,"gold_loss":0}],"is_beta":false,"boss_relics":[{"not_picked":["Runic Dome","SacredBark"],"picked":"FrozenCore"},{"not_picked":["Astrolabe","Black Star"],"picked":"Coffee Dripper"}],"items_purged_floors":[22,53],"is_endless":false,"potions_floor_spawned":[6,7,13,14,16,18,19,25,29,31,37,45,46],"ascension_level":5}}