{"host":"Jitters","time":1613475440,"event":{"mods":["BaseMod","Curses Come First","Downfall","Minty Spire (QoL Compilation)","Quick Restart","Relic Stats","Reliquary","Shop Mod","Spicy Shops","Spire Arcade","StSLib"],"gold_per_floor":[99,114,114,114,114,125,125,142,154,182,182,211,227,227,243,341,341,241,261,261,22,32,61,61,61,61,46,64,76,76,176,190,290,290,190,206,219,229,32,32,77,91,101,101,1,19,19,30,49,49,49,77,2,2,2,2,2,2],"floor_reached":56,"language":"ENG","playtime":3671,"items_purged":["Regret"],"score":851,"play_id":"a4f175be-5645-4943-919d-afaf98df31b5","local_time":"20210216063720","is_ascension_mode":true,"campfire_choices":[{"data":"Slimebound:Tackle","floor":1.0,"key":"SMITH"},{"data":"Slimebound:Recycling","floor":11.0,"key":"SMITH"},{"floor":18.0,"key":"RECALL"},{"data":"Slimebound:Equalize","floor":25.0,"key":"SMITH"},{"data":"Slimebound:RainOfGoop","floor":30,"key":"SMITH"},{"data":"Slimebound:CheckThePlaybook","floor":35,"key":"SMITH"},{"data":"J.A.X.","floor":45,"key":"SMITH"},{"data":"Slimebound:RejuvenatingLick","floor":54,"key":"SMITH"}],"circlet_count":0,"master_deck":["Slimebound:Strike_Slimebound","Slimebound:Tackle+1","Slimebound:Defend_Slimebound","Slimebound:Defend_Slimebound","Slimebound:Defend_Slimebound","Slimebound:Defend_Slimebound","Slimebound:Split","Slimebound:CorrosiveSpit","Slimebound:RollThrough","Slimebound:RollThrough","Slimebound:DisruptingSlam","Slimebound:ComboTackle","Slimebound:Recycling+1","Slimebound:GoopTackle","Slimebound:Equalize+1","Slimebound:LeechEnergy","Slimebound:HauntingLick","Necronomicurse","Slimebound:LeechLife","Slimebound:Dissolve","Slimebound:RainOfGoop+1","Slimebound:Gluttony","Slimebound:Schlurp","Slimebound:MassFeed","Slimebound:Dissolve","J.A.X.+1","Slimebound:Replication","Slimebound:SamplingLick","Slimebound:CheckThePlaybook+1","Slimebound:RejuvenatingLick+1","Slimebound:Grow","Slimebound:GoopTackle+1","Slimebound:FlameTackle+1","Slimebound:RejuvenatingLick","Slimebound:Equalize+1","Slimebound:Schlurp","Slimebound:MegaLick","Slimebound:HauntingLick+1","Slimebound:BestDefense"],"relics":["Slimebound:TarBlob","Thread and Needle","Happy Flower","reliquary:NewFriend","Toy Ornithopter","Coffee Dripper","downfall:HeartBlessingGreen","Necronomicon","reliquary:Stiletto","Ginger","Sundial","MutagenicStrength","Philosopher\u0027s Stone","downfall:HeartBlessingRed","Guardian:GemstoneGun","MerchantsRug","ClockworkSouvenir","reliquary:TuningFork","downfall:HeartBlessingBlue","Pen Nib"],"acts_visited":["Exordium","TheCity","TheBeyond","TheEnding"],"potions_floor_usage":[31,32,33,46,50,50],"damage_taken":[{"damage":4.0,"enemies":"Cultist","floor":2.0,"turns":3.0},{"damage":1.0,"enemies":"2 Louse","floor":6.0,"turns":3.0},{"damage":1.0,"enemies":"Jaw Worm","floor":8.0,"turns":4.0},{"damage":1.0,"enemies":"Gremlin Gang","floor":9.0,"turns":4.0},{"damage":5.0,"enemies":"Gremlin Nob","floor":10.0,"turns":3.0},{"damage":25.0,"enemies":"3 Sentries","floor":12.0,"turns":7.0},{"damage":4.0,"enemies":"Exordium Wildlife","floor":13.0,"turns":3.0},{"damage":1.0,"enemies":"3 Louse","floor":15.0,"turns":2.0},{"damage":7.0,"enemies":"SI_SHIV_ARCHETYPE","floor":16.0,"turns":6.0},{"damage":10.0,"enemies":"Spheric Guardian","floor":19.0,"turns":4.0},{"damage":1.0,"enemies":"downfall:FleeingMerchant","floor":21.0,"turns":4.0},{"damage":5.0,"enemies":"Chosen","floor":22.0,"turns":3.0},{"damage":43.0,"enemies":"Gremlin Leader","floor":23.0,"turns":5.0},{"damage":1,"enemies":"downfall:FleeingMerchant","floor":27,"turns":4},{"damage":1,"enemies":"Centurion and Healer","floor":28,"turns":4},{"damage":0,"enemies":"Snecko","floor":29,"turns":3},{"damage":11,"enemies":"downfall:Augmenter","floor":31,"turns":5},{"damage":5,"enemies":"Cultist and Chosen","floor":32,"turns":3},{"damage":53,"enemies":"IC_MUSHROOM_ARCHETYPE","floor":33,"turns":7},{"damage":4,"enemies":"3 Darklings","floor":36,"turns":4},{"damage":3,"enemies":"3 Shapes","floor":37,"turns":2},{"damage":2,"enemies":"3 Darklings","floor":38,"turns":5},{"damage":0,"enemies":"downfall:FleeingMerchant","floor":39,"turns":2},{"damage":16,"enemies":"Sphere and 2 Shapes","floor":42,"turns":3},{"damage":41,"enemies":"Writhing Mass","floor":43,"turns":2},{"damage":10,"enemies":"Spire Growth","floor":46,"turns":2},{"damage":3,"enemies":"Spire Growth","floor":47,"turns":1},{"damage":24,"enemies":"Jaw Worm Horde","floor":48,"turns":5},{"damage":11,"enemies":"Sphere and 2 Shapes","floor":49,"turns":3},{"damage":47,"enemies":"DF_ARCHETYPE_ORBS","floor":50,"turns":3},{"damage":94,"enemies":"downfall:CharBossMerchant","floor":52,"turns":6},{"damage":65,"enemies":"downfall:NeowBoss","floor":55,"turns":9},{"damage":47,"enemies":"downfall:NeowBossFinal","floor":56,"turns":2}],"seed_played":"-1623138194598009203","potions_obtained":[{"floor":6.0,"key":"ColorlessPotion"},{"floor":10.0,"key":"BlessingOfTheForge"},{"floor":13.0,"key":"Energy Potion"},{"floor":15.0,"key":"EssenceOfSteel"},{"floor":19.0,"key":"Strength Potion"},{"floor":23.0,"key":"FairyPotion"},{"floor":28,"key":"PowerPotion"},{"floor":31,"key":"PowerPotion"},{"floor":37,"key":"BlessingOfTheForge"},{"floor":42,"key":"Ancient Potion"},{"floor":47,"key":"hexamod:SoulburnPotion"},{"floor":48,"key":"Energy Potion"}],"is_trial":false,"path_per_floor":["R","M","?","?","T","M","T","M","M","E","R","E","M","?","M","B",null,"R","M","?","$","M","E","T","R","?","$","M","M","R","?","M","B",null,"R","M","M","M","$","?","T","M","M","T","R","M","?","M","M","B",null,"E","$","R","B","B"],"character_chosen":"SLIMEBOUND","items_purchased":["reliquary:FerryPass","reliquary:Stiletto","Guardian:GemstoneGun","MerchantsRug","ClockworkSouvenir","reliquary:TuningFork"],"campfire_rested":0,"item_purchase_floors":[21,21,39,39,39,39],"current_hp_per_floor":[65,61,61,61,61,60,60,59,58,53,53,28,24,12,11,27,65,65,55,39,50,57,26,26,26,40,57,74,74,74,74,77,29,82,82,81,85,85,85,85,85,80,39,39,49,44,41,59,64,45,98,39,39,39,29,0,0,0],"gold":2,"neow_bonus":"BOSS_RELIC","is_daily":false,"chose_seed":false,"campfire_upgraded":7,"win_rate":0.0,"timestamp":1613475440,"path_taken":["R","M","?","?","?","?","T","M","M","E","R","E","M","?","M","BOSS","R","M","?","$","M","E","T","R","?","$","M","M","R","?","M","BOSS","R","M","M","M","$","?","T","?","M","?","R","M","?","M","M","BOSS","E","$","R","BOSS","BOSS"],"items_purchased_type":["Relic","Relic","Relic","Relic","Relic","Relic"],"build_version":"2020-11-17","purchased_purges":1,"victory":false,"max_hp_per_floor":[65,65,65,65,65,65,65,65,65,65,65,65,65,65,65,65,65,65,65,65,65,65,65,65,65,79,79,79,79,79,79,82,82,82,82,85,85,85,85,85,85,88,88,88,98,98,98,98,98,98,98,98,98,98,98,98,98,98],"relic_stats":{"Happy Flower":[41],"counters":[33,125],"Sundial":[2],"Pen Nib":[3],"Necronomicon":[47],"Ginger":[13],"obtain_stats":[{"reliquary:PartyBalloon":12,"downfall:HeartBlessingGreen":18,"Mango":26,"Ginger":23,"reliquary:FerryPass":21,"ClockworkSouvenir":39,"HornCleat":14,"Sundial":23,"downfall:HeartBlessingBlue":45,"reliquary:NewFriend":7,"Philosopher\u0027s Stone":34,"Necronomicon":20,"MerchantsRug":39,"Happy Flower":5,"downfall:HeartBlessingRed":35,"Guardian:GemstoneGun":39,"Thread and Needle":4,"Pen Nib":52,"Slimebound:TarBlob":0,"Anchor":24,"MutagenicStrength":31,"reliquary:Stiletto":21,"Slimebound:AbsorbEndCombat":0,"Coffee Dripper":17,"reliquary:TuningFork":39,"Toy Ornithopter":10},{"reliquary:PartyBalloon":6,"downfall:HeartBlessingGreen":9,"Mango":13,"Ginger":13,"reliquary:FerryPass":11,"ClockworkSouvenir":23,"HornCleat":7,"Sundial":13,"downfall:HeartBlessingBlue":25,"reliquary:NewFriend":2,"Philosopher\u0027s Stone":19,"Necronomicon":10,"MerchantsRug":23,"Happy Flower":1,"downfall:HeartBlessingRed":19,"Guardian:GemstoneGun":23,"Thread and Needle":1,"Pen Nib":31,"Slimebound:TarBlob":0,"Anchor":13,"MutagenicStrength":17,"reliquary:Stiletto":11,"Slimebound:AbsorbEndCombat":0,"Coffee Dripper":9,"reliquary:TuningFork":23,"Toy Ornithopter":5},{"reliquary:PartyBalloon":23,"downfall:HeartBlessingGreen":34,"Mango":50,"Ginger":50,"reliquary:FerryPass":42,"ClockworkSouvenir":89,"HornCleat":26,"Sundial":50,"downfall:HeartBlessingBlue":94,"reliquary:NewFriend":5,"Philosopher\u0027s Stone":76,"Necronomicon":38,"MerchantsRug":89,"Happy Flower":3,"downfall:HeartBlessingRed":76,"Guardian:GemstoneGun":89,"Thread and Needle":3,"Pen Nib":114,"Slimebound:TarBlob":0,"Anchor":50,"MutagenicStrength":66,"reliquary:Stiletto":42,"Slimebound:AbsorbEndCombat":0,"Coffee Dripper":34,"reliquary:TuningFork":89,"Toy Ornithopter":16}],"Toy Ornithopter":45},"card_choices":[{"not_picked":["Slimebound:GoopTackle","Slimebound:FinishingTackle"],"picked":"Slimebound:RollThrough","floor":2.0},{"not_picked":["Slimebound:SplitBruiser","Slimebound:ItLooksTasty"],"picked":"Slimebound:RollThrough","floor":6.0},{"not_picked":["Slimebound:ComboTackle","Slimebound:SplitMire"],"picked":"Slimebound:DisruptingSlam","floor":8.0},{"not_picked":["Slimebound:PressTheAttack","Slimebound:HauntingLick"],"picked":"Slimebound:ComboTackle","floor":9.0},{"not_picked":["Slimebound:PressTheAttack","Slimebound:Nibble"],"picked":"Slimebound:Recycling","floor":10.0},{"not_picked":["Slimebound:Teamwork","Slimebound:ComboTackle"],"picked":"Slimebound:GoopTackle","floor":12.0},{"not_picked":["Slimebound:SplitBruiser","Slimebound:ItLooksTasty"],"picked":"Slimebound:Equalize","floor":13.0},{"not_picked":["Slimebound:SlimeSpikes","Slimebound:GoopSpray"],"picked":"Slimebound:LeechEnergy","floor":15.0},{"not_picked":["Slimebound:ItLooksTasty+1","Slimebound:SplitAcid"],"picked":"Slimebound:HauntingLick","floor":19.0},{"not_picked":["Slimebound:TongueLash","Slimebound:SplitMire"],"picked":"Slimebound:LeechLife","floor":21.0},{"not_picked":["Slimebound:FinishingTackle","Slimebound:LeechEnergy"],"picked":"Slimebound:Dissolve","floor":22.0},{"not_picked":["Slimebound:SplitBruiser","Slimebound:Dissolve"],"picked":"Slimebound:RainOfGoop","floor":23.0},{"not_picked":["Slimebound:DisruptingSlam","Slimebound:Grow+1"],"picked":"Slimebound:Gluttony","floor":27},{"not_picked":["Slimebound:AcidTongue","Slimebound:SplitAcid","Slimebound:ItLooksTasty"],"picked":"SKIP","floor":28},{"not_picked":["Slimebound:SlimeSpikes","Slimebound:SlimeBrawl"],"picked":"Slimebound:Schlurp","floor":29},{"not_picked":[],"picked":"J.A.X.","floor":31},{"not_picked":["Slimebound:SpikyOuterGoop+1","Slimebound:SplitAcid"],"picked":"Slimebound:Replication","floor":31},{"not_picked":["Slimebound:ComboTackle","Slimebound:Repurpose"],"picked":"Slimebound:SamplingLick","floor":32},{"not_picked":["Slimebound:LeechLife","Slimebound:OneTwoCombo"],"picked":"Slimebound:CheckThePlaybook","floor":33},{"not_picked":["Slimebound:PressTheAttack+1","Slimebound:ServeAndProtect"],"picked":"Slimebound:RejuvenatingLick","floor":36},{"not_picked":["Slimebound:SlimeSpikes+1","Slimebound:SlimeBarrage+1"],"picked":"Slimebound:Grow","floor":37},{"not_picked":["Slimebound:LeadByExample+1","Slimebound:ServeAndProtect+1"],"picked":"Slimebound:GoopTackle+1","floor":38},{"not_picked":["Slimebound:LeechEnergy","Slimebound:Recollect"],"picked":"Slimebound:FlameTackle+1","floor":39},{"not_picked":["Slimebound:ServeAndProtect+1","Slimebound:ViciousTackle+1"],"picked":"Slimebound:RejuvenatingLick","floor":42},{"not_picked":["Slimebound:SlimeTap","Slimebound:Replication"],"picked":"Slimebound:Equalize+1","floor":43},{"not_picked":["Slimebound:SplitBruiser","Slimebound:Gluttony","Slimebound:ItLooksTasty"],"picked":"SKIP","floor":46},{"not_picked":["Slimebound:PressTheAttack+1","Slimebound:ComboTackle"],"picked":"Slimebound:Schlurp","floor":47},{"not_picked":["Slimebound:Grow","Slimebound:FinishingTackle"],"picked":"Slimebound:MegaLick","floor":48},{"not_picked":["Slimebound:ViciousTackle+1","Slimebound:ForwardTackle"],"picked":"Slimebound:HauntingLick+1","floor":49},{"not_picked":["Slimebound:ItLooksTasty+1","Slimebound:FinishingTackle+1"],"picked":"Slimebound:BestDefense","floor":52}],"player_experience":217840,"relics_obtained":[{"floor":5.0,"key":"Happy Flower"},{"floor":7.0,"key":"reliquary:NewFriend"},{"floor":10.0,"key":"Toy Ornithopter"},{"floor":12.0,"key":"reliquary:PartyBalloon"},{"floor":20.0,"key":"Necronomicon"},{"floor":23.0,"key":"Ginger"},{"floor":23.0,"key":"Sundial"},{"floor":24.0,"key":"Anchor"},{"floor":31,"key":"MutagenicStrength"},{"floor":52,"key":"Pen Nib"}],"event_choices":[{"damage_healed":0.0,"max_hp_gain":0.0,"max_hp_loss":0.0,"gold_gain":0.0,"event_name":"Big Fish","player_choice":"Box","floor":4.0,"gold_loss":0.0,"damage_taken":0.0,"relics_obtained":["Thread and Needle"],"cards_obtained":["Regret"]},{"damage_healed":0.0,"max_hp_gain":0.0,"max_hp_loss":0.0,"gold_gain":0.0,"event_name":"Scrap Ooze","player_choice":"Success","floor":14.0,"gold_loss":0.0,"damage_taken":12.0,"relics_obtained":["HornCleat"]}],"is_beta":true,"boss_relics":[{"not_picked":["Runic Dome","Snecko Eye"],"picked":"Coffee Dripper"},{"not_picked":["Fusion Hammer","Velvet Choker"],"picked":"Philosopher\u0027s Stone"}],"items_purged_floors":[53],"is_endless":false,"potions_floor_spawned":[6,10,13,15,19,23,28,31,37,42,47,48,49],"killed_by":"downfall:NeowBossFinal","ascension_level":2}}