{"host":"z39atn33tyek63fd","time":1613515073,"event":{"mods":["BaseMod","Minty Spire (QoL Compilation)","everything is the same but u backflip on backflip"],"gold_per_floor":[113,128,148,98,98,98,130,130,130,130,89,109,66,84,84,188,188,171,184,184,184,184,184,194,210,262,277,277,277],"floor_reached":28,"language":"ENG","playtime":2153,"items_purged":[],"score":366,"play_id":"69696a84-8953-4fa4-a08d-2cc445641353","local_time":"20210216163753","is_ascension_mode":true,"campfire_choices":[{"data":"Armaments","floor":6,"key":"SMITH"},{"data":"Rampage","floor":10,"key":"SMITH"},{"floor":15,"key":"REST"},{"data":"Battle Trance","floor":23,"key":"SMITH"}],"circlet_count":0,"master_deck":["AscendersBane","Defend_R","Defend_R","Rampage","Warcry","Armaments+1","Rampage+1","Inflame","Uppercut+1","Battle Trance+1","Flex","Bite+1","Bite+1","Bite+1","Bite+1","Bite+1","Disarm","True Grit"],"relics":["Burning Blood","Magic Flower","Molten Egg 2","Ornamental Fan","Empty Cage","MutagenicStrength","Ancient Tea Set"],"acts_visited":["Exordium","TheCity"],"potions_floor_usage":[7,16,28],"damage_taken":[{"damage":0,"enemies":"Small Slimes","floor":1,"turns":3},{"damage":14,"enemies":"Jaw Worm","floor":2,"turns":3},{"damage":1,"enemies":"Cultist","floor":3,"turns":3},{"damage":32,"enemies":"Gremlin Nob","floor":7,"turns":4},{"damage":31,"enemies":"Exordium Wildlife","floor":12,"turns":5},{"damage":12,"enemies":"3 Louse","floor":14,"turns":4},{"damage":33,"enemies":"The Guardian","floor":16,"turns":10},{"damage":26,"enemies":"2 Thieves","floor":18,"turns":4},{"damage":23,"enemies":"Shell Parasite","floor":19,"turns":7},{"damage":33,"enemies":"Chosen and Byrds","floor":24,"turns":6},{"damage":43,"enemies":"Centurion and Healer","floor":25,"turns":6},{"damage":36,"enemies":"Cultist and Chosen","floor":27,"turns":6},{"damage":89,"enemies":"Book of Stabbing","floor":28,"turns":8}],"seed_played":"-5409029113124270921","potions_obtained":[{"floor":3,"key":"Fire Potion"},{"floor":12,"key":"ElixirPotion"},{"floor":14,"key":"SteroidPotion"},{"floor":24,"key":"Explosive Potion"},{"floor":25,"key":"Block Potion"}],"is_trial":false,"path_per_floor":["M","M","M","?","?","R","E","T","T","R","$","M","?","M","R","B",null,"M","M","?","?","?","R","M","M","T","M","E"],"character_chosen":"IRONCLAD","items_purchased":["Inflame"],"campfire_rested":1,"item_purchase_floors":[11],"current_hp_per_floor":[78,70,75,75,68,68,42,42,42,42,42,20,20,17,41,17,64,47,33,33,33,33,33,56,56,56,56,0,0],"gold":277,"neow_bonus":"REMOVE_CARD","is_daily":false,"chose_seed":false,"campfire_upgraded":3,"win_rate":0.0,"timestamp":1613515073,"path_taken":["M","M","M","?","?","R","E","?","T","R","?","M","?","M","R","BOSS","M","M","?","?","?","R","M","?","T","M","E"],"items_purchased_type":["Card"],"build_version":"2020-12-22","purchased_purges":0,"victory":false,"max_hp_per_floor":[80,80,80,80,80,80,80,80,80,80,80,80,80,80,80,80,80,80,80,80,56,56,56,56,56,56,56,56,56],"card_choices":[{"not_picked":["Sword Boomerang","Clash"],"picked":"Rampage","floor":1},{"not_picked":["Bloodletting","Anger"],"picked":"Warcry","floor":2},{"not_picked":["Entrench","Dark Embrace"],"picked":"Armaments","floor":3},{"not_picked":["Pummel","Wild Strike"],"picked":"Rampage","floor":7},{"not_picked":["Second Wind","Thunderclap+1"],"picked":"Uppercut+1","floor":12},{"not_picked":["Fire Breathing","Anger+1"],"picked":"Battle Trance","floor":14},{"not_picked":["Evolve","Havoc","Wild Strike+1"],"picked":"SKIP","floor":18},{"not_picked":["Pommel Strike+1","True Grit"],"picked":"Flex","floor":19},{"not_picked":["Inflame","Infernal Blade"],"picked":"Disarm","floor":24},{"not_picked":["Perfected Strike+1","Second Wind+1","Warcry"],"picked":"SKIP","floor":25},{"not_picked":["Inflame","Sword Boomerang+1"],"picked":"True Grit","floor":27}],"player_experience":805282,"relics_obtained":[{"floor":7,"key":"Magic Flower"},{"floor":8,"key":"Molten Egg 2"},{"floor":9,"key":"Ornamental Fan"},{"floor":26,"key":"Ancient Tea Set"}],"event_choices":[{"cards_removed":["Defend_R"],"damage_healed":0,"gold_gain":0,"player_choice":"Card Removal","damage_taken":0,"max_hp_gain":0,"max_hp_loss":0,"event_name":"The Cleric","floor":4,"gold_loss":50},{"cards_removed":["Strike_R"],"damage_healed":0,"gold_gain":0,"player_choice":"Card Removal","damage_taken":7,"max_hp_gain":0,"max_hp_loss":0,"event_name":"Golden Wing","floor":5,"gold_loss":0},{"damage_healed":0,"gold_gain":0,"player_choice":"Left Gold","damage_taken":0,"max_hp_gain":0,"max_hp_loss":0,"event_name":"World of Goop","floor":13,"gold_loss":43},{"damage_healed":0,"gold_gain":0,"player_choice":"Inject Mutagens","damage_taken":0,"relics_obtained":["MutagenicStrength"],"max_hp_gain":0,"max_hp_loss":0,"event_name":"Drug Dealer","floor":20,"gold_loss":0},{"damage_healed":0,"gold_gain":0,"player_choice":"Became a vampire","damage_taken":0,"max_hp_gain":0,"max_hp_loss":24,"event_name":"Vampires","floor":21,"gold_loss":0,"cards_obtained":["Bite","Bite","Bite","Bite","Bite"]},{"damage_healed":0,"gold_gain":0,"player_choice":"Ignored","damage_taken":0,"max_hp_gain":0,"max_hp_loss":0,"event_name":"Cursed Tome","floor":22,"gold_loss":0}],"is_beta":false,"boss_relics":[{"not_picked":["Runic Dome","Tiny House"],"picked":"Empty Cage"}],"items_purged_floors":[],"is_endless":false,"potions_floor_spawned":[3,12,14,24,25],"killed_by":"Book of Stabbing","ascension_level":11}}