{"host":"dn6kke80v5f7isus","time":1613488765,"event":{"mods":["AchievementEnabler","Act Like it!","Astrologer","BaseMod","Colored Powertips","Custom Start","Defuse TimeMaze Blight","Energized Spire","Gremlin Skip","Highlight Path","Hubris","Infinite Spire","Marisa????????","Marked Mod","Minty Spire (QoL Compilation)","Quick Restart","Rare Cards Sparkle","Reliquary","Replay The Spire","StSLib","The Hierophant","The Servant 0.9.4","Uncapped","Unceasing Turn Reminder"],"gold_per_floor":[109,109,109,120,120,157,157,196,274,297,333,333,375,397,397,504,504,523,448,428,454,454,454,596,639,639,639,639],"floor_reached":27,"language":"ENG","playtime":933,"items_purged":[],"score":336,"play_id":"7b8e8288-a3dd-4b73-8269-396948756962","local_time":"20210216101925","is_ascension_mode":true,"campfire_choices":[{"data":"MarkedMod:OneThousandNeedles","floor":7.0,"key":"SMITH"},{"floor":12.0,"key":"DIG"},{"floor":15.0,"key":"DIG"},{"data":"MarkedMod:OneThousandNeedles","floor":23.0,"key":"SMITH"}],"circlet_count":0,"master_deck":["Strike_P","Strike_P","Strike_P","Defend_P","Defend_P","Defend_P","Defend_P","Eruption","Vigilance","ThirdEye","FlurryOfBlows","MarkedMod:OneThousandNeedles+1","Scrawl","MarkedMod:OneThousandNeedles+1","JustLucky","Devotion+1","Wireheading+1","Replay:ManipulateFuture","DevaForm+1"],"relics":["PureWater","NeowsBlessing","hubris:Icosahedron","CeramicFish","Shovel","Matryoshka","PreservedInsect","Anchor","hubris:Teleporter","infinitespire:ShieldingShard","Golden Egg","Mirror","VioletLotus","Red Mask","Orichalcum","reliquary:SilkGlove"],"acts_visited":["Exordium","TheCity"],"potions_floor_usage":[24],"damage_taken":[{"damage":0.0,"enemies":"Cultist","floor":1.0,"turns":1.0},{"damage":0.0,"enemies":"Small Slimes","floor":4.0,"turns":2.0},{"damage":0.0,"enemies":"3 Sentries","floor":6.0,"turns":1.0},{"damage":11.0,"enemies":"Lagavulin","floor":11.0,"turns":4.0},{"damage":0.0,"enemies":"Gremlin Nob","floor":13.0,"turns":2.0},{"damage":0.0,"enemies":"2 Louse","floor":14.0,"turns":2.0},{"damage":32.0,"enemies":"Hexaghost","floor":16.0,"turns":7.0},{"damage":10.0,"enemies":"3 Byrds","floor":18.0,"turns":4.0},{"damage":0.0,"enemies":"Chosen","floor":21.0,"turns":4.0},{"damage":27,"enemies":"Masked Bandits","floor":24,"turns":4},{"damage":0,"enemies":"Book of Stabbing","floor":25,"turns":3},{"damage":44,"enemies":"Nightmare","floor":27,"turns":4}],"seed_played":"8672458820851886430","potions_obtained":[{"floor":4.0,"key":"BlessingOfTheForge"},{"floor":6.0,"key":"Block Potion"},{"floor":20.0,"key":"Strength Potion"},{"floor":24,"key":"Milkshake"}],"is_trial":false,"path_per_floor":["M","?","?","M","?","E","R","?","T","T","E","R","E","M","R","B",null,"M","?","?","M","?","R","?","E","T","NM"],"character_chosen":"WATCHER","items_purchased":[],"campfire_rested":0,"item_purchase_floors":[],"current_hp_per_floor":[72,72,77,77,77,77,77,58,58,58,66,66,66,66,66,34,77,67,67,67,67,67,67,40,40,40,0,0],"gold":639,"neow_bonus":"THREE_ENEMY_KILL","is_daily":false,"chose_seed":false,"campfire_upgraded":2,"win_rate":0.0,"timestamp":1613488765,"path_taken":["M","?","?","M","?","E","R","?","T","?","E","R","E","M","R","BOSS","M","?","?","?","?","R","?","E","T","NM"],"items_purchased_type":[],"build_version":"2020-12-22","purchased_purges":0,"victory":false,"max_hp_per_floor":[72,72,77,77,77,77,77,77,77,77,77,77,77,77,77,77,77,77,77,77,77,77,77,77,77,77,77,77],"card_choices":[{"not_picked":["Halt","Wallop"],"picked":"ThirdEye","floor":1.0},{"not_picked":["Scrawl","Protect"],"picked":"FlurryOfBlows","floor":4.0},{"not_picked":["Wallop","PathToVictory"],"picked":"MarkedMod:OneThousandNeedles","floor":6.0},{"not_picked":["Pray","SashWhip"],"picked":"Scrawl","floor":11.0},{"not_picked":["FlurryOfBlows","ConjureBlade"],"picked":"MarkedMod:OneThousandNeedles","floor":13.0},{"not_picked":["Prostrate","Replay:AtTheReady"],"picked":"JustLucky","floor":14.0},{"not_picked":["Replay:AllIn","Omniscience"],"picked":"Devotion","floor":16.0},{"not_picked":["ForeignInfluence","Replay:AtTheReady","JustLucky"],"picked":"SKIP","floor":18.0},{"not_picked":["Evaluate","EmptyBody"],"picked":"Wireheading+1","floor":21.0},{"not_picked":["Halt","EmptyBody"],"picked":"Replay:ManipulateFuture","floor":24},{"not_picked":["WaveOfTheHand","Collect+1"],"picked":"DevaForm","floor":25}],"player_experience":479909,"relics_obtained":[{"floor":6.0,"key":"CeramicFish"},{"floor":8.0,"key":"Shovel"},{"floor":9.0,"key":"Matryoshka"},{"floor":10.0,"key":"PreservedInsect"},{"floor":10.0,"key":"Anchor"},{"floor":11.0,"key":"hubris:Teleporter"},{"floor":12.0,"key":"infinitespire:ShieldingShard"},{"floor":13.0,"key":"Golden Egg"},{"floor":15.0,"key":"Mirror"},{"floor":24,"key":"Red Mask"},{"floor":26,"key":"Orichalcum"},{"floor":26,"key":"reliquary:SilkGlove"}],"event_choices":[{"damage_healed":0.0,"max_hp_gain":5.0,"max_hp_loss":0.0,"gold_gain":0.0,"event_name":"Big Fish","player_choice":"Donut","floor":3.0,"gold_loss":0.0,"damage_taken":0.0},{"cards_removed":["Strike_P"],"damage_healed":0.0,"max_hp_gain":0.0,"max_hp_loss":0.0,"gold_gain":0.0,"event_name":"Beggar","player_choice":"Gave Gold","floor":19.0,"gold_loss":75.0,"damage_taken":0.0},{"damage_healed":0.0,"max_hp_gain":0.0,"max_hp_loss":0.0,"gold_gain":0.0,"event_name":"The Woman in Blue","player_choice":"Bought 1 Potion","floor":20.0,"gold_loss":0.0,"damage_taken":0.0},{"damage_healed":0.0,"max_hp_gain":0.0,"max_hp_loss":0.0,"gold_gain":0.0,"event_name":"Vampires","player_choice":"Ignored","floor":22.0,"gold_loss":0.0,"damage_taken":0.0},{"damage_healed":0,"gold_gain":0,"player_choice":"Fought Bandits","damage_taken":0,"max_hp_gain":0,"max_hp_loss":0,"event_name":"Masked Bandits","floor":24,"gold_loss":0}],"is_beta":false,"boss_relics":[{"not_picked":["Runic Pyramid","hubris:HollowSoul"],"picked":"VioletLotus"}],"items_purged_floors":[],"is_endless":false,"potions_floor_spawned":[4,6,24],"killed_by":"Nightmare","ascension_level":1}}