{"host":"h2riq1vifvx9pvqe","time":1613439824,"event":{"mods":["Act Like it!","Bartender","BaseMod","Better Match","Bossed Relics","Chen","FTL Soundtrack","Friendly Minions","Gensokyo","Hallownest","HololiveMod","Hubris","Hyrulean Relics","Infinite Spire","KinomotoSakuraMod(????)","Koishi","Marisa????????","Minty Spire (QoL Compilation)","Nova Terra(??·??)","Prisma Mod","Quick Restart","Railgun Mod","Rare Cards Sparkle","Reimu??????","Relic Sorter","Reliquary","Remilia??????","Replay The Spire","Spikes Relics","StSLib","Synergy Search","The Administrix","The Animator","The Bug Knight","The Construct","The Disciple","The Saiyan","The Senshi","The Servant 0.9.4","TheHero","WarShipGirlsR/????R mod","Yuri Mod","Yuyuko"],"gold_per_floor":[114,129,129,146,146,174,174,22,69,87,101,26,60,79,79,176,176,195,112,132,132,146,146,157,184,208,241,141,141,141,161,161,260,260,280,280,296,310,161,161,161],"floor_reached":40,"language":"FRA","playtime":3429,"items_purged":["theSenshi:VenusGlamour","Seeing Red"],"score":734,"play_id":"46c3664c-b54f-4060-9275-0784fc8e75ed","local_time":"20210216024344","daily_mods":["Draft","Red Cards","Heirloom","DeadlyEvents","Lethality"],"is_ascension_mode":true,"campfire_choices":[{"floor":7.0,"key":"REST"},{"data":"theSenshi:CrisisMakeUp","floor":15.0,"key":"SMITH"},{"floor":23,"key":"REST"},{"floor":32,"key":"REST"}],"circlet_count":0,"master_deck":["True Grit","theSenshi:MoonSpiralHeartAttack","Heavy Blade","theSenshi:SailorUranusAssists","Iron Wave+1","Metallicize","theSenshi:CrisisMakeUp+1","theSenshi:MoonPunch","Perfected Strike","theSenshi:MercurysCunning","Run Through","theSenshi:SailorJupiterAssists","theSenshi:SailorNeptuneAssists","theSenshi:Sidestep","Heavy Blade","theSenshi:MoonKick","theSenshi:SailorMarsAssists","theSenshi:StarlightHoneymoonTherapyKiss","Iron Wave","theSenshi:VenusGlamour","Shrug It Off","BarbarianYell","Barricade","Rampage+1","theSenshi:MoonTwilightFlash","theSenshi:MoonPunch+1","Seeing Red","Entrench+1","theSenshi:SupersonicWaves","theSenshi:MoonlightKnight","theSenshi:MoonGorgeousMeditation","theSenshi:CrisisMakeUp+1","theSenshi:StarlightHoneymoonTherapyKiss","Armaments","Flame Barrier"],"relics":["theSenshi:TransformationBroochRelic","replay:Trail_Library","Torii","Replay:Ringing Soul","zeldaRelics:CourageTriforce","theSenshi:CrystalStarRelic","hubris:Backtick","theSenshi:TransformationPenRelic","Replay:Wax Seal","FossilizedHelix","construct:ClawGrip","zeldaRelics:WisdomTriforce","hubris:TerracottaHorce","Pen Nib"],"acts_visited":["Exordium","TheCity","TheBeyond"],"potions_floor_usage":[27,33,40,40,40],"damage_taken":[{"damage":19.0,"enemies":"Small Slimes","floor":1.0,"turns":3.0},{"damage":0.0,"enemies":"Jaw Worm","floor":2.0,"turns":2.0},{"damage":0.0,"enemies":"2 Louse","floor":4.0,"turns":2.0},{"damage":2.0,"enemies":"Lagavulin","floor":6.0,"turns":4.0},{"damage":0.0,"enemies":"Blue Slaver","floor":10.0,"turns":2.0},{"damage":22.0,"enemies":"2 Fungi Beasts","floor":11.0,"turns":3.0},{"damage":9.0,"enemies":"Gremlin Nob","floor":13.0,"turns":4.0},{"damage":0.0,"enemies":"Large Slime","floor":14.0,"turns":4.0},{"damage":27.0,"enemies":"The Guardian","floor":16.0,"turns":11.0},{"damage":13,"enemies":"2 Thieves","floor":18,"turns":4},{"damage":30,"enemies":"Shell Parasite","floor":20,"turns":6},{"damage":8,"enemies":"Centurion and Healer","floor":22,"turns":4},{"damage":13,"enemies":"Snecko","floor":24,"turns":4},{"damage":14,"enemies":"HollowMod:Nosk","floor":25,"turns":8},{"damage":29,"enemies":"Book of Stabbing","floor":27,"turns":4},{"damage":21,"enemies":"Shelled Parasite and Fungi","floor":31,"turns":5},{"damage":29,"enemies":"hubris:MusketHawk","floor":33,"turns":8},{"damage":58,"enemies":"3 Darklings","floor":35,"turns":5},{"damage":0,"enemies":"Orb Walker","floor":37,"turns":3},{"damage":78,"enemies":"Sphere and 2 Shapes","floor":38,"turns":6},{"damage":62,"enemies":"Giant Head","floor":40,"turns":6}],"seed_played":"-2346272135169471840","potions_obtained":[{"floor":6.0,"key":"SpeedPotion"},{"floor":11.0,"key":"Explosive Potion"},{"floor":13.0,"key":"Dexterity Potion"},{"floor":16.0,"key":"Toxic Potion"},{"floor":18,"key":"Energy Potion"},{"floor":31,"key":"PowerPotion"},{"floor":33,"key":"SkillPotion"},{"floor":35,"key":"GrandPatriotsElixir:ReiMu"}],"is_trial":true,"path_per_floor":["M","M","?","M","?","E","R","$","T","M","M","$","E","M","R","B",null,"M","$","M","AVR","M","R","M","E","T","E","$","?","?","M","R","B",null,"M","?","M","M","$","E"],"character_chosen":"THE_SENSHI","items_purchased":["theSenshi:CrystalStarRelic","Replay:Wax Seal","Pen Nib"],"campfire_rested":3,"item_purchase_floors":[8,19,39],"current_hp_per_floor":[49,49,49,49,37,38,61,61,61,64,47,47,41,46,46,24,76,68,68,41,41,36,66,58,49,49,25,25,25,25,7,41,19,93,40,123,126,55,55,0,0],"gold":161,"neow_bonus":"","is_daily":false,"chose_seed":false,"campfire_upgraded":1,"win_rate":0.0,"timestamp":1613439824,"path_taken":["M","M","?","M","?","E","R","$","T","M","?","$","E","M","R","BOSS","M","$","M","AVR","M","R","M","E","T","E","$","?","?","M","R","BOSS","M","?","M","M","$","E"],"items_purchased_type":["Relic","Relic","Relic"],"build_version":"2020-12-22","purchased_purges":2,"victory":false,"max_hp_per_floor":[75,75,75,75,75,78,78,78,78,81,84,84,87,90,90,93,93,96,96,99,99,102,102,105,108,108,111,111,111,111,114,114,117,117,120,123,126,129,129,129,129],"card_choices":[{"not_picked":["Entrench","Replay:Undeath\u0027s Touch"],"picked":"True Grit","floor":0.0},{"not_picked":["Spot Weakness","theSenshi:MoonPunch"],"picked":"theSenshi:MoonSpiralHeartAttack","floor":0.0},{"not_picked":["Inflame","Battle Trance"],"picked":"Heavy Blade","floor":0.0},{"not_picked":["Infernal Blade","ReplayTheSpireMod:Strike From Hell"],"picked":"theSenshi:SailorUranusAssists","floor":0.0},{"not_picked":["Dark Embrace","theSenshi:SchoolBag"],"picked":"Iron Wave","floor":0.0},{"not_picked":["Pommel Strike","theSenshi:MoonsReflection"],"picked":"Metallicize","floor":0.0},{"not_picked":["theSenshi:LunasBite","Twin Strike"],"picked":"theSenshi:CrisisMakeUp","floor":0.0},{"not_picked":["Body Slam","theSenshi:SaturnsMystery"],"picked":"theSenshi:MoonPunch","floor":0.0},{"not_picked":["theSenshi:SailorChibiMoonAssists","Abandon"],"picked":"Perfected Strike","floor":0.0},{"not_picked":["theSenshi:SailorMercuryAssists","theSenshi:SailorMarsAssists"],"picked":"theSenshi:MercurysCunning","floor":0.0},{"not_picked":["Armaments","theSenshi:LateForSchool"],"picked":"Run Through","floor":0.0},{"not_picked":["Replay:Undeath\u0027s Touch","theSenshi:MoonKick"],"picked":"theSenshi:SailorJupiterAssists","floor":0.0},{"not_picked":["Havoc","theSenshi:TuxedoSmokingBomber"],"picked":"theSenshi:SailorNeptuneAssists","floor":0.0},{"not_picked":["Sword Boomerang","Body Slam"],"picked":"theSenshi:Sidestep","floor":0.0},{"not_picked":["theSenshi:YouCanTalk","theSenshi:EncouragingSpeech"],"picked":"Heavy Blade","floor":0.0},{"not_picked":["Heavy Blade","Clash"],"picked":"theSenshi:MoonKick","floor":1.0},{"not_picked":["Bloodletting","Warcry"],"picked":"theSenshi:SailorMarsAssists","floor":2.0},{"not_picked":["theSenshi:MoonPower","True Grit"],"picked":"theSenshi:StarlightHoneymoonTherapyKiss","floor":4.0},{"not_picked":["Battle Trance","theSenshi:SailorPlanetAttack"],"picked":"Iron Wave","floor":6.0},{"not_picked":["Dropkick","Perfected Strike"],"picked":"theSenshi:VenusGlamour","floor":10.0},{"not_picked":["theSenshi:Sidestep","theSenshi:SailorVenusAssists"],"picked":"Shrug It Off","floor":11.0},{"not_picked":["theSenshi:SailorVenusAssists","theSenshi:Sidestep"],"picked":"BarbarianYell","floor":13.0},{"not_picked":["Clothesline","Massacre"],"picked":"hubris:CleavingFinish","floor":14.0},{"not_picked":["theSenshi:GlimpseOfThePast","theSenshi:ChibiMoonsLove"],"picked":"Barricade","floor":16.0},{"not_picked":["theSenshi:MoonPower","True Grit"],"picked":"Rampage+1","floor":18},{"not_picked":["theSenshi:MoonTiaraMagic+1","theSenshi:SailorPlanetAttack+1"],"picked":"theSenshi:MoonTwilightFlash","floor":20},{"not_picked":["Wild Strike","Rampage+1"],"picked":"theSenshi:MoonPunch+1","floor":22},{"not_picked":["Replay:Undeath\u0027s Touch","theSenshi:MoonTiaraMagic"],"picked":"Seeing Red","floor":24},{"not_picked":["theSenshi:SaturnsMystery","Pommel Strike"],"picked":"Entrench+1","floor":25},{"not_picked":["theSenshi:HesSoDreamy","theSenshi:MarsPride+1"],"picked":"theSenshi:SupersonicWaves","floor":27},{"not_picked":["Warcry","Carnage"],"picked":"theSenshi:MoonlightKnight","floor":31},{"not_picked":["Immolate","theSenshi:GlimpseOfThePast"],"picked":"theSenshi:MoonGorgeousMeditation","floor":33},{"not_picked":["theSenshi:SailorStarMakerAssists","ReplayTheSpireMod:Corrosion Curse"],"picked":"theSenshi:CrisisMakeUp+1","floor":35},{"not_picked":["Cleave","ReplayTheSpireMod:Stacked+1"],"picked":"Armaments","floor":37},{"not_picked":["ReplayTheSpireMod:Strike From Hell","Cleave"],"picked":"Flame Barrier","floor":38}],"player_experience":325957,"relics_obtained":[{"floor":6.0,"key":"zeldaRelics:CouragePiece"},{"floor":9.0,"key":"zeldaRelics:CouragePiece"},{"floor":13.0,"key":"zeldaRelics:CouragePiece"},{"floor":25,"key":"zeldaRelics:WisdomPiece"},{"floor":26,"key":"zeldaRelics:WisdomPiece"},{"floor":27,"key":"zeldaRelics:WisdomPiece"}],"event_choices":[{"damage_healed":0.0,"max_hp_gain":0.0,"max_hp_loss":0.0,"gold_gain":0.0,"event_name":"Scrap Ooze","player_choice":"Success","floor":5.0,"gold_loss":0.0,"damage_taken":12.0,"relics_obtained":["Replay:Ringing Soul"]},{"damage_healed":0,"gold_gain":0,"player_choice":"Simplicity","damage_taken":0,"max_hp_gain":0,"max_hp_loss":0,"event_name":"Back to Basics","floor":29,"gold_loss":0,"cards_upgraded":[]},{"damage_healed":0,"gold_gain":0,"player_choice":"Ignored","damage_taken":0,"max_hp_gain":0,"max_hp_loss":0,"event_name":"Ghosts","floor":30,"gold_loss":0},{"cards_removed":["hubris:CleavingFinish"],"damage_healed":80,"gold_gain":0,"player_choice":"Offered Uncommon","damage_taken":0,"max_hp_gain":0,"max_hp_loss":0,"event_name":"Bonfire Elementals","floor":36,"gold_loss":0}],"is_beta":false,"boss_relics":[{"not_picked":["Kintsugi","reliquary:RedCape"],"picked":"hubris:Backtick"},{"not_picked":["Silver_Glasses","hubris:RunicObelisk"],"picked":"hubris:TerracottaHorce"}],"items_purged_floors":[12,28],"is_endless":false,"potions_floor_spawned":[6,11,13,14,16,18,31,33,35],"killed_by":"Giant Head","ascension_level":7}}