{"host":"1ooxfz79hmpvpehx","time":1613439092,"event":{"mods":["BaseMod","Better Altar","Better Match","Better Note","Better Sensory Stone","Better Skull","Better Third Choice","Infinite Spire","Marked Mod","Minty Spire (QoL Compilation)","Quick Restart","RNG Fix","Replay The Spire","StSLib","SuperFastMode"],"gold_per_floor":[114,215,233,233,246,246,279,299,299,310,328,346,16,34,34,133,133,133,133,150,150,150,150,150],"floor_reached":23,"language":"ENG","playtime":535,"items_purged":["Strike_B"],"score":195,"play_id":"d4f5050a-ab69-44b0-8b4d-4853d0f93d55","local_time":"20210215223132","is_ascension_mode":false,"campfire_choices":[{"data":"Zap","floor":6.0,"key":"SMITH"}],"circlet_count":0,"master_deck":["Strike_B","Strike_B","Strike_B","Defend_B","Defend_B","Defend_B","Defend_B","Zap+1","Dualcast","Skim","Heatsinks","Tempest","Mayhem","Machine Learning","Writhe","Echo Form","Bandage Up","infinitespire:Oblivion","Buffer","infinitespire:NeuralNetwork"],"relics":["Cracked Core","NeowsBlessing","Happy Flower","Replay:Towering Pillar of Hats","Pet Ghost","Runic Capacitor","FaceOfCleric","ReplayTheSpireMod:SealedPack","Bloody Idol","Juzu Bracelet","Ring of Chaos"],"acts_visited":["Exordium","TheCity"],"potions_floor_usage":[12,16,16,18,13023,23,23],"damage_taken":[{"damage":0.0,"enemies":"Cultist","floor":1.0,"turns":1.0},{"damage":0.0,"enemies":"2 Louse","floor":3.0,"turns":1.0},{"damage":0.0,"enemies":"Jaw Worm","floor":5.0,"turns":1.0},{"damage":12.0,"enemies":"Gremlin Nob","floor":7.0,"turns":3.0},{"damage":0,"enemies":"2 Fungi Beasts","floor":8,"turns":3},{"damage":0,"enemies":"Looter","floor":10,"turns":3},{"damage":0,"enemies":"Red Slaver","floor":11,"turns":3},{"damage":6,"enemies":"3 Louse","floor":12,"turns":2},{"damage":0,"enemies":"Looter","floor":14,"turns":4},{"damage":49,"enemies":"The Guardian","floor":16,"turns":10},{"damage":0,"enemies":"Shell Parasite","floor":18,"turns":1},{"damage":23,"enemies":"Chosen","floor":20,"turns":5},{"damage":36,"enemies":"Slavers","floor":23,"turns":2}],"seed_played":"-8006659627870849526","potions_obtained":[{"floor":4.0,"key":"SpeedPotion"},{"floor":4.0,"key":"EssenceOfDarkness"},{"floor":4.0,"key":"EssenceOfDarkness"},{"floor":7.0,"key":"GamblersBrew"},{"floor":8,"key":"LifebloodPotion"},{"floor":10,"key":"LiquidMemories"},{"floor":12,"key":"Fruit Juice"},{"floor":16,"key":"SmokeBomb"},{"floor":20,"key":"Regen Potion"}],"is_trial":false,"path_per_floor":["M","?","M","?","M","R","E","M","T","M","M","M","$","M","R","B",null,"M","?","M","?","AVR","E"],"character_chosen":"DEFECT","items_purchased":["Runic Capacitor","Mayhem"],"campfire_rested":0,"item_purchase_floors":[13,13],"current_hp_per_floor":[75,75,75,75,75,75,63,63,63,63,63,62,62,62,62,14,81,82,82,64,2,2,0,0],"gold":150,"neow_bonus":"THREE_ENEMY_KILL","is_daily":false,"chose_seed":false,"campfire_upgraded":1,"win_rate":0.0,"timestamp":1613439092,"path_taken":["M","?","M","?","?","R","E","M","T","M","?","M","$","M","R","BOSS","M","?","M","?","AVR","E"],"items_purchased_type":["Relic","Card"],"build_version":"2020-12-22","purchased_purges":1,"victory":false,"max_hp_per_floor":[75,75,75,75,75,75,75,75,75,75,75,80,80,80,80,81,81,82,82,83,83,83,83,83],"card_choices":[{"not_picked":["Panic Button","Steam","Turbo"],"picked":"SKIP","floor":1.0},{"not_picked":["ReplaySolidLightProjector","Redo"],"picked":"Skim","floor":2.0},{"not_picked":["Stack","Rip and Tear","Go for the Eyes"],"picked":"SKIP","floor":3.0},{"not_picked":["Steam","Coolheaded","Sweeping Beam"],"picked":"SKIP","floor":5.0},{"not_picked":["Meteor Strike","Redo","Time Bomb"],"picked":"SKIP","floor":7.0},{"not_picked":["Go for the Eyes","Doom and Gloom"],"picked":"Heatsinks","floor":8},{"not_picked":["Leap","Panic Button"],"picked":"Tempest","floor":10},{"not_picked":["Streamline","Beam Cell","ReplayTheSpireMod:GoodbyeWorld"],"picked":"SKIP","floor":11},{"not_picked":["Ball Lightning","Panic Button","Steam"],"picked":"SKIP","floor":12},{"not_picked":["Blizzard","Chaos","ReplayTheSpireMod:Calculation Training"],"picked":"SKIP","floor":14},{"not_picked":["Buffer","ReplayTheSpireMod:Omega Cannon"],"picked":"Machine Learning","floor":16},{"not_picked":["Buffer","Multi-Cast"],"picked":"Echo Form","floor":17},{"not_picked":["Trip","Replay:BasicMightCard"],"picked":"Bandage Up","floor":17},{"not_picked":["ReplayTheSpireMod:Haul","infinitespire:Collect"],"picked":"infinitespire:Oblivion","floor":17},{"not_picked":["Melter","Capacitor"],"picked":"Buffer","floor":20}],"player_experience":16661,"relics_obtained":[{"floor":2.0,"key":"Happy Flower"},{"floor":7.0,"key":"Replay:Towering Pillar of Hats"},{"floor":9,"key":"Pet Ghost"}],"event_choices":[{"damage_healed":0.0,"max_hp_gain":0.0,"max_hp_loss":0.0,"gold_gain":0.0,"event_name":"Lab","player_choice":"Got Potions","floor":4.0,"gold_loss":0.0,"damage_taken":0.0},{"damage_healed":0,"gold_gain":0,"player_choice":"Trade","damage_taken":0,"relics_obtained":["FaceOfCleric"],"max_hp_gain":0,"max_hp_loss":0,"event_name":"FaceTrader","floor":15,"gold_loss":0},{"cards_removed":["Strike_B"],"damage_healed":0,"gold_gain":0,"player_choice":"Give","damage_taken":0,"max_hp_gain":0,"max_hp_loss":0,"event_name":"betterNote:BetterNote","floor":19,"gold_loss":0,"cards_obtained":["Pain"]},{"damage_healed":0,"gold_gain":0,"player_choice":" Idol Potion ","damage_taken":62,"relics_obtained":["Bloody Idol"],"max_hp_gain":64,"max_hp_loss":2,"event_name":"betterAltar:BetterAltar","floor":21,"potions_obtained":["betterAltar:AltarPotion"],"relics_lost":[],"gold_loss":0}],"is_beta":false,"boss_relics":[{"not_picked":["Empty Cage","Fusion Hammer"],"picked":"ReplayTheSpireMod:SealedPack"}],"items_purged_floors":[22],"is_endless":false,"potions_floor_spawned":[7,8,10,11,12,16,20],"killed_by":"Slavers","ascension_level":0}}