{"host":"oqv3vxnsjitmn8w8","time":1613478625,"event":{"mods":["BaseMod","Lobotomy","Minty Spire (QoL Compilation)","StSLib"],"gold_per_floor":[112,287,287,362,327,327,327,357,357,357,372,372,64,75,75,170,170,186,217,217,69,81,81,81,81,81,81,181,181,181,181,181,284,334,354,109,69,81,81,81,81,431,431,431,139,66,66,66,66,166,166,184,109,109,109,109,109,144,144,144,144,144,144,144,188,188,188,188,188,41,41,41,41,41,41,41,41,41,141,141,141,66,66,163,163,179,30,30,80,80,80,80,80,112,112,162,384,26,26,26,124,124,139,139,65,65,140,140,140,151,183,183,183,183,183,207,207,207,207,232,273,69,69,69,69,69,69,113,113,131,131,131,91,91,216,216,235,568,489,489,489,489,489,489,489,489,502,502,517,535,535,535,535],"floor_reached":152,"language":"KOR","playtime":5455,"items_purged":[],"score":3330,"play_id":"7f2a234a-9db4-45a0-90af-e1912208186f","local_time":"20210216213025","daily_mods":["Draft","Heirloom","Time Dilation","Flight","Elite Swarm"],"is_ascension_mode":false,"campfire_choices":[{"floor":12.0,"key":"REST"},{"floor":15.0,"key":"REST"},{"data":"1","floor":23.0,"key":"LIFT"},{"data":"2","floor":24.0,"key":"LIFT"},{"data":"3","floor":27.0,"key":"LIFT"},{"floor":29.0,"key":"REST"},{"data":"Soda","floor":30.0,"key":"SMITH"},{"floor":32.0,"key":"REST"},{"data":"FourthMatchFlame","floor":40.0,"key":"SMITH"},{"data":"FourthMatchFlame","floor":41.0,"key":"SMITH"},{"data":"FourthMatchFlame","floor":44.0,"key":"SMITH"},{"data":"Soda","floor":47.0,"key":"SMITH"},{"data":"GoldRush","floor":49.0,"key":"SMITH"},{"floor":59.0,"key":"REST"}],"circlet_count":1,"master_deck":["InformationCode","ExtractionCode","Regret_ego","FourthMatchFlame+1","RedEyes","SomewhereSpear+1","ScreamingWedge+1","WristCuter","Lamp+3","HereticApostle","FourthMatchFlame+1","Harvest","Mimicry","OSAHOGD","CherryBlossom","Wingbeat","LongBird","Justitia","GoldRush+1","FourthMatchFlame+1","OldLady","SpecialBullet","Soda+1","Soda+1","CENSORED_ego+1","Soda+1","Soda+1","WristCuter","WristCuter+1","FourthMatchFlame+1","CENSORED_ego+1","Harvest+1","TrainingCode","WelfareCode","SpecialBullet","SpecialBullet","SpecialBullet","SpecialBullet","SpecialBullet","FourthMatchFlame","GoldRush","ControlCode","TT2Protocol","SummonCall","WristCuter","GreenStem","CentralCode","WhiteNight","ParadiseLost+4","Variant","Soda","Writhe","SecurityCode"],"relics":["CogitoBucket","Peace Pipe","Strawberry","Du-Vu Doll","Membership Card","Mercury Hourglass","Empty Cage","SkinProphecy","Red Mask","Girya","Dream Catcher","MealTicket","Dead Branch","Letter Opener","Potion Belt","Tiny House","BackwardClock","Bottled Lightning","White Beast Statue","Old Coin","PreservedInsect","Juzu Bracelet","FossilizedHelix","Strange Spoon","DollysMirror","Astrolabe","Lantern","Bloody Idol","Orichalcum","Omamori","SacredBark","LuminousBracelet","AtMidnight","Ginger","Bird Faced Urn","Kunai","StrikeDummy","MutagenicStrength","Busted Crown","Oddly Smooth Stone","Regal Pillow","CaptainsWheel","Calipers","HandDrill","Ornamental Fan","Anchor","BehaviorAdjustment","Coffee Dripper","Centennial Puzzle","Matryoshka","Cursed Key","Circlet","Singing Bowl","ClockworkSouvenir","Turnip","Philosopher\u0027s Stone","Bag of Marbles"],"acts_visited":["Exordium","TheCity","TheBeyond","Exordium","TheCity","TheBeyond","Exordium","TheCity","TheBeyond"],"potions_floor_usage":[135,135,135,152,152,152],"damage_taken":[{"damage":22.0,"enemies":"2 Louse","floor":1.0,"turns":4.0},{"damage":12.0,"enemies":"Gremlin Nob","floor":8.0,"turns":3.0},{"damage":25.0,"enemies":"Small Slimes","floor":11.0,"turns":4.0},{"damage":18.0,"enemies":"Jaw Worm","floor":14.0,"turns":3.0},{"damage":40.0,"enemies":"The Guardian","floor":16.0,"turns":9.0},{"damage":0.0,"enemies":"Shell Parasite","floor":18.0,"turns":1.0},{"damage":0.0,"enemies":"Masked Bandits","floor":19.0,"turns":1.0},{"damage":0.0,"enemies":"2 Thieves","floor":22.0,"turns":1.0},{"damage":19.0,"enemies":"Slavers","floor":25.0,"turns":3.0},{"damage":0.0,"enemies":"Colosseum Slavers","floor":28.0,"turns":2.0},{"damage":5.0,"enemies":"Colosseum Nobs","floor":28.0,"turns":2.0},{"damage":30.0,"enemies":"Gremlin Leader","floor":31.0,"turns":4.0},{"damage":54.0,"enemies":"Automaton","floor":33.0,"turns":7.0},{"damage":0.0,"enemies":"3 Shapes","floor":35.0,"turns":1.0},{"damage":0.0,"enemies":"3 Darklings","floor":38.0,"turns":1.0},{"damage":48.0,"enemies":"Mind Bloom Boss Battle","floor":42.0,"turns":3.0},{"damage":134.0,"enemies":"Awakened One","floor":50.0,"turns":9.0},{"damage":0.0,"enemies":"Jaw Worm","floor":52.0,"turns":1.0},{"damage":0.0,"enemies":"3 Sentries","floor":58.0,"turns":1.0},{"damage":0.0,"enemies":"Gremlin Nob","floor":65.0,"turns":1.0},{"damage":7.0,"enemies":"The Guardian","floor":67.0,"turns":4.0},{"damage":37.0,"enemies":"Chosen","floor":69.0,"turns":18.0},{"damage":0.0,"enemies":"2 Thieves","floor":76.0,"turns":1.0},{"damage":0.0,"enemies":"Gremlin Leader","floor":77.0,"turns":1.0},{"damage":0.0,"enemies":"Colosseum Slavers","floor":79.0,"turns":1.0},{"damage":0.0,"enemies":"Colosseum Nobs","floor":79.0,"turns":1.0},{"damage":56.0,"enemies":"Automaton","floor":84.0,"turns":4.0},{"damage":0.0,"enemies":"3 Darklings","floor":86.0,"turns":1.0},{"damage":0.0,"enemies":"2 Orb Walkers","floor":89.0,"turns":1.0},{"damage":0.0,"enemies":"Nemesis","floor":94.0,"turns":1.0},{"damage":0.0,"enemies":"Mind Bloom Boss Battle","floor":96.0,"turns":2.0},{"damage":0.0,"enemies":"Donu and Deca","floor":101.0,"turns":11.0},{"damage":0.0,"enemies":"Cultist","floor":103.0,"turns":2.0},{"damage":0.0,"enemies":"Small Slimes","floor":110.0,"turns":1.0},{"damage":0.0,"enemies":"3 Sentries","floor":111.0,"turns":4.0},{"damage":0.0,"enemies":"2 Louse","floor":116.0,"turns":1.0},{"damage":0.0,"enemies":"The Guardian","floor":118.0,"turns":5.0},{"damage":6.0,"enemies":"2 Thieves","floor":120.0,"turns":3.0},{"damage":0.0,"enemies":"Masked Bandits","floor":121.0,"turns":3.0},{"damage":11.0,"enemies":"Slavers","floor":128.0,"turns":3.0},{"damage":0,"enemies":"Shell Parasite","floor":130,"turns":1},{"damage":60,"enemies":"Automaton","floor":135,"turns":7},{"damage":0,"enemies":"3 Shapes","floor":137,"turns":2},{"damage":76,"enemies":"Reptomancer","floor":145,"turns":4},{"damage":0,"enemies":"Orb Walker","floor":147,"turns":1},{"damage":0,"enemies":"Spire Growth","floor":149,"turns":2},{"damage":0,"enemies":"4 Shapes","floor":150,"turns":2},{"damage":160,"enemies":"Awakened One","floor":152,"turns":1}],"seed_played":"2779899676575699900","potions_obtained":[{"floor":8.0,"key":"FairyPotion"},{"floor":14.0,"key":"Dexterity Potion"},{"floor":31.0,"key":"AttackPotion"},{"floor":34.0,"key":"SneckoOil"},{"floor":38.0,"key":"Explosive Potion"},{"floor":42.0,"key":"EssenceOfSteel"},{"floor":50.0,"key":"BlessingOfTheForge"},{"floor":52.0,"key":"GamblersBrew"},{"floor":58.0,"key":"DistilledChaos"},{"floor":65.0,"key":"EssenceOfSteel"},{"floor":86.0,"key":"EntropicBrew"},{"floor":89.0,"key":"Explosive Potion"},{"floor":94.0,"key":"SteroidPotion"},{"floor":101.0,"key":"Swift Potion"},{"floor":103.0,"key":"Strength Potion"},{"floor":110.0,"key":"BlessingOfTheForge"},{"floor":116.0,"key":"Regen Potion"},{"floor":137,"key":"Block Potion"},{"floor":145,"key":"Weak Potion"},{"floor":147,"key":"CultistPotion"}],"is_trial":true,"path_per_floor":["M","?","?","?","?","R","R","E","T","?","M","R","$","M","R","B",null,"M","?","?","$","M","R","R","E","T","R","?","R","R","E","R","B",null,"M","$","?","M","?","R","R","?","T","R","$","$","R","?","R","B",null,"M","$","?","?","?","R","E","R","T","R","?","R","?","E","R","B",null,"M","$","?","?","$","R","R","M","E","R","?","?","?","?","R","B",null,"M","$","?","?","?","R","R","?","E","R","?","?","$","?","R","B",null,"M","?","$","?","?","R","R","M","E","R","?","?","R","M","R","B",null,"M","?","$","?","$","R","R","R","E","$","M","R","R","?","R","B",null,"M","?","$","?","?","R","R","R","E","R","M","R","M","M","R","B"],"character_chosen":"Angela","items_purchased":["Membership Card","CherryBlossom","Mercury Hourglass","Girya","Bottled Lightning","White Beast Statue","Juzu Bracelet","FossilizedHelix","Strange Spoon","DollysMirror","Lantern","Ginger","Oddly Smooth Stone","Regal Pillow","ParadiseLost","HandDrill","Ornamental Fan","Anchor","Centennial Puzzle","Singing Bowl","ClockworkSouvenir","Bag of Marbles"],"campfire_rested":5,"item_purchase_floors":[13,13,13,21,36,36,45,45,45,46,53,70,87,87,98,98,98,98,105,122,122,139],"current_hp_per_floor":[50,50,36,25,42,42,42,37,37,37,12,35,35,18,41,18,77,77,73,73,73,69,69,69,48,48,48,35,61,61,36,62,48,96,88,100,100,96,96,96,96,47,47,47,62,77,77,77,77,9,101,97,103,78,78,66,66,62,93,93,93,93,93,93,89,89,78,109,128,128,128,128,128,128,128,124,120,120,117,117,117,117,117,70,138,139,140,140,141,127,127,127,127,128,128,137,137,137,137,137,133,133,129,129,129,129,118,118,118,118,128,128,128,95,95,97,97,116,116,118,128,128,128,128,128,128,128,123,123,124,124,124,124,124,73,73,83,83,83,83,83,83,83,83,23,23,24,24,32,36,36,0,0],"gold":535,"neow_bonus":"","is_daily":false,"chose_seed":false,"campfire_upgraded":6,"win_rate":0.0,"timestamp":1613478625,"path_taken":["M","?","?","?","?","R","R","E","T","?","?","R","$","M","R","BOSS","M","?","?","?","?","R","R","E","T","R","?","R","R","E","R","BOSS","M","$","?","?","?","R","R","?","T","R","?","$","R","?","R","BOSS","M","$","?","?","?","R","E","R","T","R","?","R","?","E","R","BOSS","M","$","?","?","?","R","R","M","E","R","?","?","?","?","R","BOSS","M","$","?","?","?","R","R","?","E","R","?","?","?","?","R","BOSS","M","?","$","?","?","R","R","M","E","R","?","?","R","M","R","BOSS","M","?","$","?","$","R","R","R","E","$","M","R","R","?","R","BOSS","M","?","$","?","?","R","R","R","E","R","M","R","M","M","R","BOSS"],"items_purchased_type":["Relic","Card","Relic","Relic","Relic","Relic","Relic","Relic","Relic","Relic","Card","Relic","Relic","Relic","Card","Relic","Relic","Relic","Relic","Relic","Relic","Relic"],"build_version":"2020-12-22","purchased_purges":0,"victory":false,"max_hp_per_floor":[70,70,70,70,70,70,70,77,77,77,77,77,77,77,77,77,77,77,79,79,79,81,81,81,83,83,83,87,87,87,89,89,91,96,100,100,100,102,102,102,102,104,104,104,104,104,104,99,99,101,101,103,103,103,103,103,103,105,105,105,105,105,105,105,107,107,109,109,128,128,128,128,128,128,128,130,132,132,136,136,136,136,136,138,138,140,140,140,142,142,142,142,135,137,137,139,139,139,139,139,137,137,129,129,129,129,129,129,129,131,133,133,133,133,133,135,135,137,137,129,131,131,131,131,131,131,131,135,135,139,139,139,139,139,135,135,141,141,141,141,141,141,141,141,147,147,151,151,155,159,159,163,163],"card_choices":[{"not_picked":["Hypocrisy","RapturousDream"],"picked":"Regret_ego","floor":0.0},{"not_picked":["Soda","Reverberation"],"picked":"FourthMatchFlame","floor":0.0},{"not_picked":["Laetitia_ego","SwordSharpenedByTears"],"picked":"SomewhereSpear","floor":0.0},{"not_picked":["Harmony","Horn"],"picked":"SomewhereSpear","floor":0.0},{"not_picked":["Reverberation","MagicBullet"],"picked":"RedEyes","floor":0.0},{"not_picked":["Tough","InTheNameOfLoveAndHate"],"picked":"SomewhereSpear","floor":0.0},{"not_picked":["Horn","TodaysExpression"],"picked":"Tough","floor":0.0},{"not_picked":["Spore","Loneliness"],"picked":"ScreamingWedge","floor":0.0},{"not_picked":["TodaysExpression","Lantern"],"picked":"Soda","floor":0.0},{"not_picked":["RedEyes","Tough"],"picked":"Soda","floor":0.0},{"not_picked":["SomewhereSpear","GrinderMk4"],"picked":"WristCuter","floor":0.0},{"not_picked":["CrimsonScar","LifeForTheDareDevil"],"picked":"Lamp","floor":0.0},{"not_picked":["Penitence","WristCuter"],"picked":"Regret_ego","floor":0.0},{"not_picked":["Noise","RedEyes"],"picked":"FourthMatchFlame","floor":0.0},{"not_picked":["ShedSkin","Tough"],"picked":"Harvest","floor":0.0},{"not_picked":["Hornet"],"picked":"GreenStem","floor":1.0},{"not_picked":["TheSmile"],"picked":"Mimicry","floor":8.0},{"not_picked":["VoidDream","BeautyBeast"],"picked":"OSAHOGD","floor":8.0},{"not_picked":["Twilight","DaCapo"],"picked":"SKIP","floor":8.0},{"not_picked":["GreenStem","Lantern"],"picked":"SKIP","floor":11.0},{"not_picked":["Loneliness"],"picked":"Wingbeat","floor":14.0},{"not_picked":["Yin","Porccubus"],"picked":"LongBird","floor":14.0},{"not_picked":["DaCapo","FrostShard"],"picked":"SKIP","floor":14.0},{"not_picked":["DaCapo"],"picked":"Justitia","floor":16.0},{"not_picked":["SoundOfStar"],"picked":"GoldRush","floor":16.0},{"not_picked":["Tough","SolemnVow"],"picked":"SKIP","floor":18.0},{"not_picked":["Beak"],"picked":"FourthMatchFlame","floor":19.0},{"not_picked":["MHz","VoidDream"],"picked":"OldLady","floor":22.0},{"not_picked":["Harmony","Noise"],"picked":"SKIP","floor":22.0},{"not_picked":["Pinks","Justitia"],"picked":"SKIP","floor":25.0},{"not_picked":["Twilight","Mimicry"],"picked":"SKIP","floor":25.0},{"not_picked":["Lantern"],"picked":"Soda","floor":28.0},{"not_picked":["Loneliness"],"picked":"FourthMatchFlame+1","floor":28.0},{"not_picked":["Horn+1"],"picked":"Soda","floor":29.0},{"not_picked":["Mimicry","Pinks"],"picked":"SKIP","floor":31.0},{"not_picked":["Tough"],"picked":"Soda","floor":32.0},{"not_picked":["Mimicry"],"picked":"ParadiseLost","floor":33.0},{"not_picked":["Adoration"],"picked":"CENSORED_ego","floor":33.0},{"not_picked":["FourthMatchFlame"],"picked":"Soda+1","floor":34.0},{"not_picked":["Penitence"],"picked":"Soda+1","floor":35.0},{"not_picked":["Harmony"],"picked":"WristCuter","floor":38.0},{"not_picked":["Noise+1"],"picked":"WristCuter+1","floor":42.0},{"not_picked":["Justitia"],"picked":"CENSORED_ego","floor":50.0},{"not_picked":["Loneliness","Harvest"],"picked":"SKIP","floor":52.0},{"not_picked":["Justitia","Pinks"],"picked":"SKIP","floor":58.0},{"not_picked":["TheSmile","Mimicry"],"picked":"SKIP","floor":65.0},{"not_picked":["Wingbeat+1"],"picked":"FourthMatchFlame","floor":69.0},{"not_picked":["FeatherOfHonor","RedEyes"],"picked":"SKIP","floor":69.0},{"not_picked":["Beak+1","ScreamingWedge"],"picked":"SKIP","floor":76.0},{"not_picked":["SoundOfStar"],"picked":"GoldRush","floor":77.0},{"not_picked":["MeltingLove","NothingThere"],"picked":"WhiteNight","floor":96.0},{"not_picked":["MeltingLove","CENSORED"],"picked":"Variant","floor":101.0},{"not_picked":["Harvest"],"picked":"SKIP","floor":116.0},{"not_picked":["SilentOrchestra","NothingThere","BlackArmy"],"picked":"Singing Bowl","floor":118.0},{"not_picked":["Penitence"],"picked":"SKIP","floor":120.0},{"not_picked":[],"picked":"Soda","floor":121.0},{"not_picked":["DaCapo"],"picked":"Singing Bowl","floor":128.0},{"not_picked":["Lantern"],"picked":"Singing Bowl","floor":130},{"not_picked":["Pinks+1"],"picked":"Singing Bowl","floor":135},{"not_picked":["ParadiseLost+1"],"picked":"Singing Bowl","floor":135},{"not_picked":["Spore+1"],"picked":"Singing Bowl","floor":137},{"not_picked":["BloodyDesire+1"],"picked":"Singing Bowl","floor":137},{"not_picked":["CENSORED_ego+1"],"picked":"Singing Bowl","floor":145},{"not_picked":["BodiesMountain","SilentOrchestra","BlackArmy"],"picked":"Singing Bowl","floor":145},{"not_picked":["Justitia+1"],"picked":"Singing Bowl","floor":145},{"not_picked":["Penitence+1"],"picked":"Singing Bowl","floor":147},{"not_picked":["CUTE+1"],"picked":"Singing Bowl","floor":149},{"not_picked":["FrostShard+1"],"picked":"Singing Bowl","floor":150}],"player_experience":95848,"relics_obtained":[{"floor":8.0,"key":"Strawberry"},{"floor":9.0,"key":"Du-Vu Doll"},{"floor":19.0,"key":"Red Mask"},{"floor":25.0,"key":"Dream Catcher"},{"floor":26.0,"key":"MealTicket"},{"floor":28.0,"key":"Dead Branch"},{"floor":28.0,"key":"Letter Opener"},{"floor":31.0,"key":"Potion Belt"},{"floor":42.0,"key":"Old Coin"},{"floor":43.0,"key":"PreservedInsect"},{"floor":60.0,"key":"Omamori"},{"floor":69.0,"key":"AtMidnight"},{"floor":79.0,"key":"Bird Faced Urn"},{"floor":79.0,"key":"Kunai"},{"floor":89.0,"key":"CaptainsWheel"},{"floor":96.0,"key":"Calipers"},{"floor":113.0,"key":"Matryoshka"},{"floor":121.0,"key":"Circlet"}],"event_choices":[{"damage_healed":0.0,"max_hp_gain":0.0,"max_hp_loss":0.0,"gold_gain":175.0,"event_name":"Liars Game","player_choice":"AGREE","floor":2.0,"gold_loss":0.0,"damage_taken":0.0,"cards_obtained":["Doubt"]},{"damage_healed":0.0,"max_hp_gain":0.0,"max_hp_loss":0.0,"gold_gain":0.0,"event_name":"Shining Light","player_choice":"Entered Light","floor":3.0,"gold_loss":0.0,"damage_taken":14.0,"cards_upgraded":["SomewhereSpear","SomewhereSpear"]},{"damage_healed":0.0,"max_hp_gain":0.0,"max_hp_loss":0.0,"gold_gain":75.0,"event_name":"World of Goop","player_choice":"Gather Gold","floor":4.0,"gold_loss":0.0,"damage_taken":11.0},{"damage_healed":17.0,"max_hp_gain":0.0,"max_hp_loss":0.0,"gold_gain":0.0,"event_name":"The Cleric","player_choice":"Healed","floor":5.0,"gold_loss":35.0,"damage_taken":0.0},{"damage_healed":0.0,"max_hp_gain":0.0,"max_hp_loss":0.0,"gold_gain":0.0,"event_name":"Living Wall","player_choice":"Grow","floor":10.0,"gold_loss":0.0,"damage_taken":0.0,"cards_upgraded":["GreenStem"]},{"damage_healed":0.0,"max_hp_gain":0.0,"max_hp_loss":0.0,"gold_gain":0.0,"event_name":"Masked Bandits","player_choice":"Fought Bandits","floor":19.0,"gold_loss":0.0,"damage_taken":0.0},{"damage_healed":0.0,"max_hp_gain":0.0,"max_hp_loss":0.0,"gold_gain":0.0,"event_name":"Beggar","player_choice":"Ignored","floor":20.0,"gold_loss":0.0,"damage_taken":0.0},{"damage_healed":0.0,"max_hp_gain":0.0,"max_hp_loss":0.0,"gold_gain":0.0,"event_name":"Colosseum","player_choice":"Fight","floor":28.0,"gold_loss":0.0,"damage_taken":0.0},{"damage_healed":0.0,"max_hp_gain":0.0,"max_hp_loss":0.0,"gold_gain":0.0,"event_name":"Colosseum","player_choice":"Fought Nobs","floor":28.0,"gold_loss":0.0,"damage_taken":0.0},{"damage_healed":0.0,"max_hp_gain":0.0,"max_hp_loss":0.0,"gold_gain":0.0,"event_name":"Designer","player_choice":"Upgrade","floor":37.0,"gold_loss":40.0,"damage_taken":0.0,"cards_upgraded":["CENSORED_ego"]},{"cards_removed":["ParadiseLost"],"damage_healed":0.0,"max_hp_gain":0.0,"max_hp_loss":0.0,"gold_gain":0.0,"event_name":"Falling","player_choice":"Removed Attack","floor":39.0,"gold_loss":0.0,"damage_taken":0.0},{"damage_healed":0.0,"max_hp_gain":0.0,"max_hp_loss":0.0,"gold_gain":0.0,"event_name":"MindBloom","player_choice":"Fight","floor":42.0,"gold_loss":0.0,"damage_taken":0.0},{"damage_healed":0.0,"max_hp_gain":0.0,"max_hp_loss":5.0,"gold_gain":0.0,"event_name":"Winding Halls","player_choice":"Max HP","floor":48.0,"gold_loss":0.0,"damage_taken":0.0},{"damage_healed":0.0,"max_hp_gain":0.0,"max_hp_loss":0.0,"gold_gain":0.0,"event_name":"Golden Idol","player_choice":"Take Damage","floor":54.0,"gold_loss":0.0,"damage_taken":25.0,"relics_obtained":["Golden Idol"]},{"damage_healed":0.0,"max_hp_gain":0.0,"max_hp_loss":0.0,"gold_gain":0.0,"event_name":"The Cleric","player_choice":"Leave","floor":55.0,"gold_loss":0.0,"damage_taken":0.0},{"damage_healed":0.0,"max_hp_gain":0.0,"max_hp_loss":0.0,"gold_gain":0.0,"event_name":"Scrap Ooze","player_choice":"Success","floor":56.0,"gold_loss":0.0,"damage_taken":12.0,"relics_obtained":["Orichalcum"]},{"damage_healed":0.0,"max_hp_gain":0.0,"max_hp_loss":0.0,"gold_gain":0.0,"event_name":"NoteForYourself","player_choice":"Ignored","floor":62.0,"gold_loss":0.0,"damage_taken":0.0},{"damage_healed":0.0,"max_hp_gain":0.0,"max_hp_loss":0.0,"gold_gain":0.0,"event_name":"Living Wall","player_choice":"Grow","floor":64.0,"gold_loss":0.0,"damage_taken":0.0,"cards_upgraded":["CENSORED_ego"]},{"cards_removed":["Noise"],"damage_healed":0.0,"max_hp_gain":0.0,"max_hp_loss":0.0,"gold_gain":0.0,"event_name":"Back to Basics","player_choice":"Elegance","floor":71.0,"gold_loss":0.0,"damage_taken":0.0},{"damage_healed":0.0,"max_hp_gain":0.0,"max_hp_loss":0.0,"gold_gain":0.0,"event_name":"Forgotten Altar","player_choice":"Gave Idol","floor":72.0,"relics_lost":["Golden Idol"],"gold_loss":0.0,"damage_taken":0.0,"relics_obtained":["Bloody Idol"]},{"damage_healed":0.0,"max_hp_gain":0.0,"max_hp_loss":0.0,"gold_gain":0.0,"event_name":"Colosseum","player_choice":"Fight","floor":79.0,"gold_loss":0.0,"damage_taken":0.0},{"damage_healed":0.0,"max_hp_gain":0.0,"max_hp_loss":0.0,"gold_gain":0.0,"event_name":"Colosseum","player_choice":"Fought Nobs","floor":79.0,"gold_loss":0.0,"damage_taken":0.0},{"damage_healed":0.0,"max_hp_gain":0.0,"max_hp_loss":0.0,"gold_gain":0.0,"event_name":"The Mausoleum","player_choice":"Opened","floor":80.0,"gold_loss":0.0,"damage_taken":0.0,"relics_obtained":["StrikeDummy"],"cards_obtained":["Writhe"]},{"damage_healed":0.0,"max_hp_gain":0.0,"max_hp_loss":0.0,"gold_gain":0.0,"event_name":"Drug Dealer","player_choice":"Inject Mutagens","floor":81.0,"gold_loss":0.0,"damage_taken":0.0,"relics_obtained":["MutagenicStrength"]},{"cards_removed":["InTheNameOfLoveAndHate"],"damage_healed":0.0,"max_hp_gain":0.0,"max_hp_loss":0.0,"gold_gain":0.0,"event_name":"Beggar","player_choice":"Gave Gold","floor":82.0,"gold_loss":75.0,"damage_taken":0.0},{"damage_healed":0.0,"max_hp_gain":0.0,"max_hp_loss":0.0,"gold_gain":0.0,"event_name":"Match and Keep!","player_choice":"3 cards matched","floor":88.0,"gold_loss":0.0,"damage_taken":0.0,"cards_obtained":["Pain","WristCuter","GreenStem"]},{"damage_healed":0.0,"max_hp_gain":0.0,"max_hp_loss":0.0,"gold_gain":0.0,"event_name":"Mysterious Sphere","player_choice":"Fight","floor":89.0,"gold_loss":0.0,"damage_taken":0.0},{"damage_healed":0.0,"max_hp_gain":0.0,"max_hp_loss":0.0,"gold_gain":0.0,"event_name":"Wheel of Change","player_choice":"Damaged","floor":90.0,"gold_loss":0.0,"damage_taken":14.0},{"damage_healed":0.0,"max_hp_gain":0.0,"max_hp_loss":7.0,"gold_gain":0.0,"event_name":"Winding Halls","player_choice":"Max HP","floor":93.0,"gold_loss":0.0,"damage_taken":0.0},{"damage_healed":0.0,"max_hp_gain":0.0,"max_hp_loss":0.0,"gold_gain":0.0,"event_name":"MindBloom","player_choice":"Fight","floor":96.0,"gold_loss":0.0,"damage_taken":0.0},{"damage_healed":0.0,"max_hp_gain":0.0,"max_hp_loss":0.0,"gold_gain":222.0,"event_name":"Tomb of Lord Red Mask","player_choice":"Wore Mask","floor":97.0,"gold_loss":0.0,"damage_taken":0.0},{"damage_healed":0.0,"max_hp_gain":0.0,"max_hp_loss":0.0,"gold_gain":0.0,"event_name":"SensoryStone","player_choice":"Memory 1","floor":99.0,"gold_loss":0.0,"damage_taken":0.0},{"damage_healed":0.0,"max_hp_gain":0.0,"max_hp_loss":0.0,"gold_gain":0.0,"event_name":"The Cleric","player_choice":"Leave","floor":104.0,"gold_loss":0.0,"damage_taken":0.0},{"damage_healed":0.0,"max_hp_gain":0.0,"max_hp_loss":0.0,"gold_gain":0.0,"event_name":"The Woman in Blue","player_choice":"Bought 0 Potions","floor":106.0,"gold_loss":0.0,"damage_taken":0.0},{"damage_healed":0.0,"max_hp_gain":0.0,"max_hp_loss":0.0,"gold_gain":75.0,"event_name":"World of Goop","player_choice":"Gather Gold","floor":107.0,"gold_loss":0.0,"damage_taken":11.0},{"damage_healed":0.0,"max_hp_gain":0.0,"max_hp_loss":0.0,"gold_gain":0.0,"event_name":"Wheel of Change","player_choice":"Relic","floor":113.0,"gold_loss":0.0,"damage_taken":0.0},{"damage_healed":0.0,"max_hp_gain":0.0,"max_hp_loss":0.0,"gold_gain":0.0,"event_name":"Golden Idol","player_choice":"Take Damage","floor":114.0,"gold_loss":0.0,"damage_taken":33.0,"relics_obtained":["Golden Idol"]},{"damage_healed":0.0,"max_hp_gain":0.0,"max_hp_loss":0.0,"gold_gain":0.0,"event_name":"Masked Bandits","player_choice":"Fought Bandits","floor":121.0,"gold_loss":0.0,"damage_taken":0.0},{"damage_healed":0.0,"max_hp_gain":0.0,"max_hp_loss":0.0,"gold_gain":0.0,"event_name":"The Mausoleum","player_choice":"Opened","floor":123.0,"gold_loss":0.0,"damage_taken":0.0,"relics_obtained":["Turnip"],"cards_obtained":["Writhe"]},{"damage_healed":0,"gold_gain":0,"player_choice":"Upgrade","damage_taken":0,"max_hp_gain":0,"max_hp_loss":0,"event_name":"Designer","floor":133,"gold_loss":40,"cards_upgraded":["ParadiseLost"]},{"damage_healed":0,"gold_gain":333,"player_choice":"Gave Idol","damage_taken":0,"max_hp_gain":0,"max_hp_loss":0,"event_name":"The Moai Head","floor":138,"relics_lost":["Golden Idol"],"gold_loss":0},{"cards_removed":["SomewhereSpear"],"damage_healed":0,"gold_gain":0,"player_choice":"Removed Skill","damage_taken":0,"max_hp_gain":0,"max_hp_loss":0,"event_name":"Falling","floor":140,"gold_loss":0},{"damage_healed":0,"gold_gain":0,"player_choice":"Ignored","damage_taken":0,"max_hp_gain":0,"max_hp_loss":0,"event_name":"NoteForYourself","floor":141,"gold_loss":0}],"is_beta":false,"boss_relics":[{"not_picked":["Fusion Hammer","Philosopher\u0027s Stone"],"picked":"Empty Cage"},{"not_picked":["SacredBark","Cursed Key"],"picked":"Tiny House"},{"not_picked":["Runic Dome","Runic Pyramid"],"picked":"Astrolabe"},{"not_picked":["Black Star","Snecko Eye"],"picked":"SacredBark"},{"not_picked":["Philosopher\u0027s Stone","SlaversCollar"],"picked":"Busted Crown"},{"not_picked":["Runic Dome","Velvet Choker"],"picked":"Coffee Dripper"},{"not_picked":["Fusion Hammer","Sozu"],"picked":"Cursed Key"},{"not_picked":["Snecko Eye","Runic Dome"],"picked":"Philosopher\u0027s Stone"}],"items_purged_floors":[],"is_endless":true,"potions_floor_spawned":[8,14,22,25,28,31,33,38,42,50,52,58,65,67,69,76,77,79,79,84,86,89,94,96,101,103,110,111,116,118,120,121,128,130,135,137,145,147,149,150],"killed_by":"Awakened One","ascension_level":0}}