{"host":"za1qviwhp34x909e","time":1613454497,"event":{"mods":["Act Like it!","BaseMod","Colored Map","Colored Powertips","Downfall","Highlight Path","Hubris","Koishi","Marisa????????","Minty Spire (QoL Compilation)","Quick Restart","Reimu??????","Replay The Spire","StSLib","The Servant 0.9.4"],"gold_per_floor":[112,112,10,28,42,77,93,93,120,120,120],"floor_reached":10,"language":"ENG","playtime":865,"items_purged":[],"score":68,"play_id":"54f194c0-6bde-4c36-be28-ab312289e51f","local_time":"20210215234817","is_ascension_mode":false,"campfire_choices":[{"floor":8,"key":"REST"}],"circlet_count":0,"master_deck":["Koishi:BasicStrike","Koishi:BasicStrike","Koishi:BasicStrike","Koishi:BasicStrike","Koishi:BasicDefend","Koishi:BasicDefend","Koishi:BasicDefend","Koishi:BasicDefend","Koishi:Provoke","Koishi:HauntingSlash","Koishi:UnansweredLove","Koishi:RacingHeart","Koishi:UnconsciousUrges","Koishi:UnconsciousUrges","Koishi:IdleWhim","Koishi:ConfinedInnocent","Koishi:GhostParty+1","Koishi:PhantomBarrier"],"relics":["Koishi:ImaginaryFriend","hubris:Towel","Replay:Bottled Eggs","Blue Doll"],"acts_visited":["Exordium"],"potions_floor_usage":[6,6,10],"damage_taken":[{"damage":5,"enemies":"2 Louse","floor":1,"turns":4},{"damage":9,"enemies":"Jaw Worm","floor":4,"turns":4},{"damage":10,"enemies":"Cultist","floor":5,"turns":4},{"damage":25,"enemies":"Gremlin Nob","floor":6,"turns":5},{"damage":23,"enemies":"Lots of Slimes","floor":7,"turns":10},{"damage":22,"enemies":"Replay:BlueRogue","floor":10,"turns":13}],"seed_played":"8754262480859685115","potions_obtained":[{"floor":0,"key":"Milkshake"},{"floor":0,"key":"LiquidBronze"},{"floor":0,"key":"MagicPotion:ReiMu"},{"floor":7,"key":"ColorlessPotion"}],"is_trial":false,"path_per_floor":["M","?","$","M","M","E","M","R","T","E"],"character_chosen":"KOISHI","items_purchased":["Koishi:RacingHeart","Koishi:UnconsciousUrges"],"campfire_rested":1,"item_purchase_floors":[3,3],"current_hp_per_floor":[56,56,56,50,43,24,8,26,26,4,4],"gold":120,"neow_bonus":"THREE_SMALL_POTIONS","is_daily":false,"chose_seed":false,"campfire_upgraded":0,"win_rate":0.0,"timestamp":1613454497,"path_taken":["M","?","$","M","M","E","M","R","T","E"],"items_purchased_type":["Card","Card"],"build_version":"2020-12-22","purchased_purges":0,"victory":false,"max_hp_per_floor":[60,60,60,60,60,60,60,60,60,60,60],"card_choices":[{"not_picked":["Koishi:EmbersOfLove","Koishi:SubconsciousSweep"],"picked":"Koishi:UnansweredLove","floor":1},{"not_picked":["Koishi:Possession","Koishi:RacingHeart"],"picked":"Koishi:IdleWhim","floor":4},{"not_picked":["Koishi:FidgetySnatcher","Koishi:Jaunt"],"picked":"Koishi:ConfinedInnocent","floor":5},{"not_picked":["Koishi:Jaunt","Koishi:ReflexRadar"],"picked":"Koishi:GhostParty","floor":6},{"not_picked":["Koishi:BloodcurdlingScream","Koishi:UnansweredLove"],"picked":"Koishi:PhantomBarrier","floor":7}],"player_experience":737972,"relics_obtained":[{"floor":6,"key":"Replay:Bottled Eggs"},{"floor":9,"key":"Blue Doll"}],"event_choices":[],"is_beta":false,"boss_relics":[],"items_purged_floors":[],"is_endless":false,"potions_floor_spawned":[1,7],"killed_by":"Replay:BlueRogue","ascension_level":0}}