{"host":"mydft8i2zzydgggw","time":1613467270,"event":{"mods":["AchievementEnabler","BaseMod","Colored Map","Colored Powertips","DeckTracker","Keyboard Shortcuts","Minty Spire (QoL Compilation)","Rare Cards Sparkle","StSLib","SuperFastMode","Together in Spire","everything is the same but u backflip on backflip"],"gold_per_floor":[110,110,110,0,24,62,62,86,86,109,109,109,129,145,145,274,274,294,393,79,79,113,156,20,63,86,11,11,50,71,89,89,220,220,233,233,248,261,261,261,286,286,286,286,300,314,349,45,45,45,45,45,4,47,47,47],"floor_reached":55,"language":"KOR","playtime":1311,"items_purged":["Strike_R","Strike_R","Defend_R"],"score":1364,"play_id":"bad5ca74-fcce-479d-a0f9-610c6271ac09","local_time":"20210216182110","is_ascension_mode":true,"campfire_choices":[{"data":"Burning Pact","floor":11.0,"key":"SMITH"},{"data":"Whirlwind","floor":15.0,"key":"SMITH"},{"data":"Shockwave","floor":28.0,"key":"SMITH"},{"data":"Offering","floor":32,"key":"SMITH"},{"data":"Rupture","floor":40,"key":"SMITH"},{"data":"Bloodletting","floor":42,"key":"SMITH"},{"floor":44,"key":"REST"},{"floor":49,"key":"RECALL"},{"data":"Inflame","floor":52,"key":"SMITH"}],"circlet_count":0,"master_deck":["AscendersBane","Defend_R","Bash","Feel No Pain+1","Burning Pact+1","Bloodletting+1","Shockwave+1","Whirlwind+1","Wild Strike+1","Inflame+1","Shrug It Off","Offering+1","Dropkick+1","Necronomicurse","Blood for Blood","Armaments+1","Second Wind+1","True Grit+1","Exhume+1","Madness+1","Rupture+1","Body Slam+1","Impervious+1","Seeing Red+1"],"relics":["Burning Blood","NeowsBlessing","Golden Idol","Mummified Hand","Darkstone Periapt","Empty Cage","Medical Kit","Necronomicon","Red Mask","Vajra","Toxic Egg 2","Anchor","Omamori","Calling Bell","Bag of Marbles","Matryoshka","TungstenRod","Centennial Puzzle","Membership Card","Turnip"],"acts_visited":["Exordium","TheCity","TheBeyond","TheEnding"],"potions_floor_usage":[33,38,47,50,55],"damage_taken":[{"damage":0.0,"enemies":"Jaw Worm","floor":1.0,"turns":1.0},{"damage":0.0,"enemies":"Small Slimes","floor":5.0,"turns":2.0},{"damage":0.0,"enemies":"3 Sentries","floor":6.0,"turns":2.0},{"damage":7.0,"enemies":"Cultist","floor":8.0,"turns":3.0},{"damage":9.0,"enemies":"Looter","floor":10.0,"turns":4.0},{"damage":10.0,"enemies":"Large Slime","floor":13.0,"turns":6.0},{"damage":9.0,"enemies":"3 Louse","floor":14.0,"turns":3.0},{"damage":22.0,"enemies":"Hexaghost","floor":16.0,"turns":8.0},{"damage":12.0,"enemies":"Shell Parasite","floor":18.0,"turns":3.0},{"damage":6.0,"enemies":"Masked Bandits","floor":22.0,"turns":1.0},{"damage":3.0,"enemies":"Slavers","floor":23.0,"turns":1.0},{"damage":9.0,"enemies":"Gremlin Leader","floor":25.0,"turns":2.0},{"damage":17,"enemies":"Book of Stabbing","floor":29,"turns":4},{"damage":3,"enemies":"2 Thieves","floor":30,"turns":2},{"damage":6,"enemies":"Shelled Parasite and Fungi","floor":31,"turns":2},{"damage":70,"enemies":"Collector","floor":33,"turns":8},{"damage":33,"enemies":"3 Shapes","floor":35,"turns":3},{"damage":12,"enemies":"3 Darklings","floor":37,"turns":2},{"damage":7,"enemies":"Maw","floor":38,"turns":5},{"damage":7,"enemies":"Jaw Worm Horde","floor":41,"turns":1},{"damage":10,"enemies":"4 Shapes","floor":45,"turns":2},{"damage":16,"enemies":"Spire Growth","floor":46,"turns":2},{"damage":37,"enemies":"Nemesis","floor":47,"turns":7},{"damage":9,"enemies":"Time Eater","floor":50,"turns":6},{"damage":12,"enemies":"Shield and Spear","floor":54,"turns":2},{"damage":67,"enemies":"The Heart","floor":55,"turns":5}],"seed_played":"-948383418006626024","potions_obtained":[{"floor":1.0,"key":"LiquidMemories"},{"floor":10.0,"key":"Weak Potion"},{"floor":13.0,"key":"Strength Potion"},{"floor":16.0,"key":"AttackPotion"},{"floor":18.0,"key":"Energy Potion"},{"floor":23.0,"key":"Regen Potion"},{"floor":30,"key":"FearPotion"},{"floor":33,"key":"DistilledChaos"},{"floor":35,"key":"Weak Potion"},{"floor":38,"key":"Block Potion"},{"floor":46,"key":"PowerPotion"},{"floor":47,"key":"EssenceOfSteel"}],"is_trial":false,"path_per_floor":["M","?","?","$","M","E","?","M","T","M","R","?","M","M","R","B",null,"M","?","$","?","?","E","$","E","T","?","R","E","M","M","R","B",null,"M","?","M","M","?","R","M","R","T","R","M","M","E","$","R","B",null,"R","$","E","B"],"character_chosen":"IRONCLAD","items_purchased":["Feel No Pain","Burning Pact","Medical Kit","FairyPotion","Blood for Blood","Membership Card","Impervious+1","Block Potion","Seeing Red+1"],"campfire_rested":1,"item_purchase_floors":[4,4,20,20,24,48,48,48,53],"current_hp_per_floor":[78,71,71,71,74,74,74,73,73,70,70,55,51,48,48,32,64,58,58,58,48,48,51,51,53,53,53,53,42,45,45,45,30,68,41,41,35,34,34,34,33,33,33,57,53,43,12,12,12,9,62,62,62,56,0,0],"gold":47,"neow_bonus":"THREE_ENEMY_KILL","is_daily":false,"chose_seed":false,"campfire_upgraded":7,"win_rate":0.0,"timestamp":1613467270,"path_taken":["M","?","?","$","M","E","?","?","T","M","R","?","M","M","R","BOSS","M","?","$","?","?","E","$","E","T","?","R","E","?","M","R","BOSS","M","?","M","M","?","R","M","R","T","R","M","M","E","$","R","BOSS","R","$","E","BOSS"],"items_purchased_type":["Card","Card","Relic","Potion","Card","Relic","Card","Potion","Card"],"build_version":"2020-12-22","purchased_purges":3,"victory":false,"max_hp_per_floor":[80,80,74,74,74,74,74,74,74,74,74,74,74,74,74,74,74,74,74,74,80,80,80,80,80,80,80,80,80,80,80,80,80,80,80,80,80,80,80,80,80,80,80,80,80,80,80,80,80,80,80,80,80,80,80,80],"card_choices":[{"not_picked":["Spot Weakness","Anger"],"picked":"Perfected Strike","floor":1.0},{"not_picked":["Fire Breathing","Wild Strike"],"picked":"Bloodletting","floor":5.0},{"not_picked":["Intimidate","Shrug It Off"],"picked":"Shockwave","floor":6.0},{"not_picked":["Warcry","Perfected Strike"],"picked":"Whirlwind","floor":8.0},{"not_picked":["Body Slam","Sword Boomerang"],"picked":"Wild Strike","floor":10.0},{"not_picked":["Cleave","Battle Trance"],"picked":"Inflame","floor":13.0},{"not_picked":["Rage","Entrench"],"picked":"Shrug It Off","floor":14.0},{"not_picked":["Impervious","Bludgeon"],"picked":"Offering","floor":16.0},{"not_picked":["Wild Strike+1","Warcry"],"picked":"Dropkick+1","floor":18.0},{"not_picked":["Anger+1","Thunderclap","Clothesline"],"picked":"SKIP","floor":23.0},{"not_picked":["Twin Strike","Limit Break+1"],"picked":"Armaments+1","floor":25.0},{"not_picked":["Havoc+1","Flame Barrier+1"],"picked":"Second Wind+1","floor":29},{"not_picked":["Power Through+1","Iron Wave+1"],"picked":"True Grit+1","floor":30},{"not_picked":["Wild Strike","Havoc+1","Sword Boomerang"],"picked":"SKIP","floor":31},{"not_picked":["Berserk","Feed"],"picked":"Exhume+1","floor":33},{"not_picked":["Flame Barrier+1","Anger+1","True Grit+1"],"picked":"SKIP","floor":35},{"not_picked":["Forethought+1","Swift Strike"],"picked":"Madness+1","floor":36},{"not_picked":["Flame Barrier+1","Perfected Strike+1","Twin Strike+1"],"picked":"SKIP","floor":37},{"not_picked":["Perfected Strike+1","Rampage","Cleave+1"],"picked":"SKIP","floor":38},{"not_picked":["Thunderclap+1","Iron Wave","Reckless Charge"],"picked":"SKIP","floor":41},{"not_picked":["Cleave","Bludgeon","Entrench+1"],"picked":"SKIP","floor":45},{"not_picked":["Heavy Blade+1","Sword Boomerang"],"picked":"Body Slam+1","floor":46},{"not_picked":["Spot Weakness+1","Twin Strike+1","Limit Break+1"],"picked":"SKIP","floor":47},{"not_picked":["Searing Blow","Thunderclap","Uppercut+1"],"picked":"SKIP","floor":54}],"player_experience":271852,"relics_obtained":[{"floor":6.0,"key":"Mummified Hand"},{"floor":9.0,"key":"Darkstone Periapt"},{"floor":21.0,"key":"Necronomicon"},{"floor":22.0,"key":"Red Mask"},{"floor":23.0,"key":"Vajra"},{"floor":25.0,"key":"Toxic Egg 2"},{"floor":26.0,"key":"Anchor"},{"floor":29,"key":"Omamori"},{"floor":34,"key":"Bag of Marbles"},{"floor":34,"key":"Matryoshka"},{"floor":34,"key":"TungstenRod"},{"floor":47,"key":"Centennial Puzzle"},{"floor":54,"key":"Turnip"}],"event_choices":[{"cards_removed":["Strike_R"],"damage_healed":0.0,"max_hp_gain":0.0,"max_hp_loss":0.0,"gold_gain":0.0,"event_name":"Golden Wing","player_choice":"Card Removal","floor":2.0,"gold_loss":0.0,"damage_taken":7.0},{"damage_healed":0.0,"max_hp_gain":0.0,"max_hp_loss":6.0,"gold_gain":0.0,"event_name":"Golden Idol","player_choice":"Lose Max HP","floor":3.0,"gold_loss":0.0,"damage_taken":0.0,"relics_obtained":["Golden Idol"]},{"cards_removed":["Perfected Strike"],"damage_healed":5.0,"max_hp_gain":0.0,"max_hp_loss":0.0,"gold_gain":0.0,"event_name":"Bonfire Elementals","player_choice":"Offered Common","floor":7.0,"gold_loss":0.0,"damage_taken":0.0},{"cards_removed":["Perfected Strike"],"damage_healed":5.0,"max_hp_gain":0.0,"max_hp_loss":0.0,"gold_gain":0.0,"event_name":"Bonfire Elementals","player_choice":"Offered Special","floor":7.0,"gold_loss":0.0,"damage_taken":0.0},{"damage_healed":0.0,"max_hp_gain":0.0,"max_hp_loss":0.0,"gold_gain":0.0,"event_name":"Shining Light","player_choice":"Entered Light","floor":12.0,"gold_loss":0.0,"damage_taken":15.0,"cards_upgraded":["Wild Strike","Feel No Pain"]},{"damage_healed":0.0,"max_hp_gain":0.0,"max_hp_loss":0.0,"gold_gain":99.0,"event_name":"Nest","player_choice":"Stole From Cult","floor":19.0,"gold_loss":0.0,"damage_taken":0.0},{"damage_healed":0.0,"max_hp_gain":0.0,"max_hp_loss":0.0,"gold_gain":0.0,"event_name":"Cursed Tome","player_choice":"Obtained Book","floor":21.0,"gold_loss":0.0,"damage_taken":16.0},{"damage_healed":0.0,"max_hp_gain":0.0,"max_hp_loss":0.0,"gold_gain":0.0,"event_name":"Masked Bandits","player_choice":"Fought Bandits","floor":22.0,"gold_loss":0.0,"damage_taken":0.0},{"cards_removed":["Defend_R"],"damage_healed":0.0,"max_hp_gain":0.0,"max_hp_loss":0.0,"gold_gain":0.0,"event_name":"Beggar","player_choice":"Gave Gold","floor":27.0,"gold_loss":75.0,"damage_taken":0.0},{"damage_healed":0,"gold_gain":0,"player_choice":"Memory 1","damage_taken":0,"max_hp_gain":0,"max_hp_loss":0,"event_name":"SensoryStone","floor":36,"gold_loss":0},{"damage_healed":0,"gold_gain":0,"cards_transformed":["Defend_R"],"player_choice":"Transformed","damage_taken":0,"max_hp_gain":0,"max_hp_loss":0,"event_name":"Transmorgrifier","floor":39,"gold_loss":0,"cards_obtained":["Rupture"]}],"is_beta":false,"boss_relics":[{"not_picked":["Fusion Hammer","Black Blood"],"picked":"Empty Cage"},{"not_picked":["Runic Pyramid","Pandora\u0027s Box"],"picked":"Calling Bell"}],"items_purged_floors":[20,24,48],"is_endless":false,"potions_floor_spawned":[1,10,13,16,18,23,30,33,35,38,46,47],"killed_by":"The Heart","ascension_level":11}}