{"host":"or8fr2mp0k3eluj8","time":1613485777,"event":{"mods":["AchievementEnabler","BaseMod","Colored Map","DeckTracker","Minty Spire (QoL Compilation)","StSLib","SuperFastMode"],"gold_per_floor":[114,114,114,129,129,164,182,196,278,278,278,278,317,317,317,436,436,460,476,476,165,165,165,204,204,204,119,218,259,259,273,273,398,398,419,39,63,77,101,132,132,167,167,0,24,24,24,49,49,49,49,49,28,71,71,71],"floor_reached":55,"language":"KOR","playtime":1468,"items_purged":["Writhe"],"score":969,"play_id":"1c62b64a-5749-44c2-b716-04f67e61fdd3","local_time":"20210216232937","is_ascension_mode":true,"campfire_choices":[{"data":"Perfected Strike","floor":10,"key":"SMITH"},{"data":"Twin Strike","floor":12,"key":"SMITH"},{"data":"Immolate","floor":15,"key":"SMITH"},{"data":"Perfected Strike","floor":23,"key":"SMITH"},{"data":"Perfected Strike","floor":32,"key":"SMITH"},{"data":"Double Tap","floor":41,"key":"SMITH"},{"floor":47,"key":"RECALL"},{"floor":49,"key":"REST"},{"data":"Offering","floor":52,"key":"SMITH"}],"circlet_count":0,"master_deck":["Strike_R+1","Strike_R+1","Strike_R+1","Strike_R+1","Strike_R+1","Defend_R+1","Defend_R+1","Defend_R+1","Bash+1","Pommel Strike","Double Tap+1","Perfected Strike+1","Twin Strike+1","Immolate+1","Offering+1","Twin Strike+1","Perfected Strike+1","Pommel Strike+1","Perfected Strike+1","Corruption","Armaments+1","Flame Barrier+1","Twin Strike","Feel No Pain+1","Dual Wield+1","Sentinel+1","Wild Strike","Perfected Strike+1"],"relics":["Burning Blood","NeowsBlessing","Golden Idol","TungstenRod","Self Forming Clay","Juzu Bracelet","Regal Pillow","Snecko Eye","Meat on the Bone","StrikeDummy","The Courier","Bottled Flame","Champion Belt","Whetstone","SlaversCollar","Membership Card","Vajra","Question Card","Oddly Smooth Stone","Paper Frog","Pear","Red Mask","Calipers"],"acts_visited":["Exordium","TheCity","TheBeyond","TheEnding"],"potions_floor_usage":[54,55,55],"damage_taken":[{"damage":0,"enemies":"Jaw Worm","floor":1,"turns":1},{"damage":0,"enemies":"Small Slimes","floor":4,"turns":1},{"damage":0,"enemies":"Gremlin Nob","floor":6,"turns":1},{"damage":0,"enemies":"Cultist","floor":7,"turns":3},{"damage":10,"enemies":"Looter","floor":8,"turns":2},{"damage":25,"enemies":"Lagavulin","floor":13,"turns":5},{"damage":17,"enemies":"Slime Boss","floor":16,"turns":5},{"damage":6,"enemies":"Shell Parasite","floor":18,"turns":2},{"damage":5,"enemies":"2 Thieves","floor":19,"turns":1},{"damage":31,"enemies":"Slavers","floor":24,"turns":3},{"damage":5,"enemies":"Gremlin Leader","floor":29,"turns":2},{"damage":21,"enemies":"Snake Plant","floor":31,"turns":2},{"damage":24,"enemies":"Collector","floor":33,"turns":5},{"damage":11,"enemies":"3 Shapes","floor":35,"turns":3},{"damage":0,"enemies":"Orb Walker","floor":37,"turns":1},{"damage":5,"enemies":"3 Darklings","floor":38,"turns":2},{"damage":17,"enemies":"Maw","floor":39,"turns":4},{"damage":28,"enemies":"Nemesis","floor":40,"turns":5},{"damage":0,"enemies":"Giant Head","floor":42,"turns":3},{"damage":7,"enemies":"Jaw Worm Horde","floor":45,"turns":3},{"damage":18,"enemies":"Transient","floor":48,"turns":5},{"damage":16,"enemies":"Donu and Deca","floor":50,"turns":5},{"damage":22,"enemies":"Shield and Spear","floor":54,"turns":3},{"damage":78,"enemies":"The Heart","floor":55,"turns":5}],"seed_played":"-3284339106938190156","potions_obtained":[{"floor":1,"key":"PowerPotion"},{"floor":4,"key":"Ancient Potion"},{"floor":7,"key":"Ancient Potion"},{"floor":29,"key":"AttackPotion"},{"floor":37,"key":"Explosive Potion"},{"floor":45,"key":"Energy Potion"}],"is_trial":false,"path_per_floor":["M","?","?","M","?","E","M","M","T","R","?","R","E","?","R","B",null,"M","M","?","$","?","R","E","?","T","?","?","E","?","M","R","B",null,"M","$","M","M","M","E","R","E","T","?","M","$","R","M","R","B",null,"R","$","E","B"],"character_chosen":"IRONCLAD","items_purchased":["Meat on the Bone","Perfected Strike","Membership Card","Vajra","Question Card","Oddly Smooth Stone","Wild Strike"],"campfire_rested":1,"item_purchase_floors":[21,21,36,36,36,36,53],"current_hp_per_floor":[80,60,60,66,66,72,78,74,74,74,74,74,55,46,46,35,80,80,80,80,80,80,80,55,55,55,55,55,56,56,53,53,47,80,75,75,80,80,69,47,47,63,63,63,62,62,62,62,90,80,90,90,90,74,0,0],"gold":71,"neow_bonus":"THREE_ENEMY_KILL","is_daily":false,"chose_seed":false,"campfire_upgraded":7,"win_rate":0.0,"timestamp":1613485777,"path_taken":["M","?","?","M","?","E","M","?","T","R","?","R","E","?","R","BOSS","M","M","?","$","?","R","E","?","T","?","?","E","?","M","R","BOSS","M","$","M","M","M","E","R","E","T","?","M","$","R","M","R","BOSS","R","$","E","BOSS"],"items_purchased_type":["Relic","Card","Relic","Relic","Relic","Relic","Card"],"build_version":"2020-12-22","purchased_purges":1,"victory":false,"max_hp_per_floor":[80,80,80,80,80,80,80,80,80,80,80,80,80,80,80,80,80,80,80,80,80,80,80,80,80,80,80,80,80,80,80,80,80,80,80,80,80,80,80,80,80,90,90,90,90,90,90,90,90,90,90,90,90,90,90,90],"card_choices":[{"not_picked":["Disarm","Body Slam"],"picked":"Pommel Strike","floor":1},{"not_picked":["Clash","Flex","Iron Wave"],"picked":"SKIP","floor":4},{"not_picked":["Shockwave","Shrug It Off"],"picked":"Double Tap","floor":6},{"not_picked":["Carnage","Sword Boomerang"],"picked":"Perfected Strike","floor":7},{"not_picked":["Thunderclap","Armaments"],"picked":"Twin Strike","floor":8},{"not_picked":["Sentinel","Body Slam"],"picked":"Immolate","floor":13},{"not_picked":["Limit Break","Berserk"],"picked":"Offering","floor":16},{"not_picked":["Clothesline","Dark Embrace+1"],"picked":"Twin Strike","floor":18},{"not_picked":["Flex","Anger","Clash"],"picked":"SKIP","floor":19},{"not_picked":["Feed","Offering","Infernal Blade"],"picked":"SKIP","floor":24},{"not_picked":["Combust","Blood for Blood"],"picked":"Perfected Strike","floor":29},{"not_picked":["Ghostly Armor","Heavy Blade","Armaments"],"picked":"SKIP","floor":31},{"not_picked":["Feed","Double Tap"],"picked":"Corruption","floor":33},{"not_picked":["Clothesline","Infernal Blade"],"picked":"Armaments+1","floor":35},{"not_picked":["Clash+1","Iron Wave","Anger"],"picked":"Flame Barrier+1","floor":37},{"not_picked":["Fire Breathing","Shrug It Off","Armaments+1"],"picked":"Twin Strike","floor":38},{"not_picked":["Searing Blow","Dual Wield","Havoc+1"],"picked":"Feel No Pain+1","floor":39},{"not_picked":["Feed","Sever Soul","Spot Weakness+1","Rampage+1"],"picked":"SKIP","floor":40},{"not_picked":["Spot Weakness","Cleave+1","Heavy Blade","Brutality"],"picked":"SKIP","floor":42},{"not_picked":["Body Slam","Warcry","Anger"],"picked":"Dual Wield+1","floor":45},{"not_picked":["Power Through+1","Headbutt+1","True Grit"],"picked":"Sentinel+1","floor":48},{"not_picked":["Pommel Strike","Twin Strike+1","True Grit+1"],"picked":"Perfected Strike+1","floor":54}],"player_experience":383572,"relics_obtained":[{"floor":6,"key":"TungstenRod"},{"floor":9,"key":"Self Forming Clay"},{"floor":13,"key":"Juzu Bracelet"},{"floor":24,"key":"The Courier"},{"floor":26,"key":"Bottled Flame"},{"floor":29,"key":"Whetstone"},{"floor":40,"key":"Paper Frog"},{"floor":42,"key":"Pear"},{"floor":54,"key":"Calipers"}],"event_choices":[{"damage_healed":0,"gold_gain":0,"player_choice":"Take Damage","damage_taken":20,"relics_obtained":["Golden Idol"],"max_hp_gain":0,"max_hp_loss":0,"event_name":"Golden Idol","floor":2,"gold_loss":0},{"damage_healed":0,"gold_gain":0,"player_choice":"Grow","damage_taken":0,"max_hp_gain":0,"max_hp_loss":0,"event_name":"Living Wall","floor":3,"gold_loss":0,"cards_upgraded":["Bash"]},{"damage_healed":0,"gold_gain":0,"player_choice":"0 cards matched","damage_taken":0,"max_hp_gain":0,"max_hp_loss":0,"event_name":"Match and Keep!","floor":5,"gold_loss":0,"cards_obtained":[]},{"cards_removed":["Defend_R"],"damage_healed":0,"gold_gain":0,"player_choice":"Card Removal","damage_taken":0,"max_hp_gain":0,"max_hp_loss":0,"event_name":"Wheel of Change","floor":11,"gold_loss":0},{"damage_healed":0,"gold_gain":0,"player_choice":"Success","damage_taken":12,"relics_obtained":["Regal Pillow"],"max_hp_gain":0,"max_hp_loss":0,"event_name":"Scrap Ooze","floor":14,"gold_loss":0},{"damage_healed":0,"gold_gain":0,"player_choice":"Simplicity","damage_taken":0,"max_hp_gain":0,"max_hp_loss":0,"event_name":"Back to Basics","floor":20,"gold_loss":0,"cards_upgraded":["Strike_R","Strike_R","Strike_R","Strike_R","Strike_R","Defend_R","Defend_R","Defend_R"]},{"damage_healed":0,"gold_gain":0,"player_choice":"Opened","damage_taken":0,"relics_obtained":["StrikeDummy"],"max_hp_gain":0,"max_hp_loss":0,"event_name":"The Mausoleum","floor":22,"gold_loss":0,"cards_obtained":["Writhe"]},{"damage_healed":0,"gold_gain":0,"player_choice":"Read","damage_taken":0,"max_hp_gain":0,"max_hp_loss":0,"event_name":"The Library","floor":25,"gold_loss":0,"cards_obtained":["Pommel Strike"]},{"damage_healed":0,"gold_gain":0,"player_choice":"Obtained Relic","damage_taken":0,"relics_obtained":["Champion Belt"],"max_hp_gain":0,"max_hp_loss":0,"event_name":"Addict","floor":27,"gold_loss":85},{"damage_healed":0,"gold_gain":99,"player_choice":"Stole From Cult","damage_taken":0,"max_hp_gain":0,"max_hp_loss":0,"event_name":"Nest","floor":28,"gold_loss":0},{"damage_healed":0,"gold_gain":0,"player_choice":"Ignored","damage_taken":0,"max_hp_gain":0,"max_hp_loss":0,"event_name":"NoteForYourself","floor":30,"gold_loss":0},{"damage_healed":0,"gold_gain":0,"player_choice":"Paid","damage_taken":0,"relics_obtained":["Red Mask"],"max_hp_gain":0,"max_hp_loss":0,"event_name":"Tomb of Lord Red Mask","floor":44,"gold_loss":167}],"is_beta":false,"boss_relics":[{"not_picked":["Calling Bell","Runic Cube"],"picked":"Snecko Eye"},{"not_picked":["Pandora\u0027s Box","Black Star"],"picked":"SlaversCollar"}],"items_purged_floors":[36],"is_endless":false,"potions_floor_spawned":[1,4,7,29,31,33,37,39,40,45],"killed_by":"The Heart","ascension_level":3}}