{"host":"za9ilm1uiwmpmin1","time":1613512781,"event":{"mods":["AchievementEnabler","Act Like it!","BaseMod","Dota2Spire","Downfall","Friendly Minions","KomeijiMod","Lobotomy","LobotomyExtend","Minty Spire (QoL Compilation)","MostiFishMod","Reorder Act Four","RumiaBox-露米娅的神秘盒子","StSLib","TestMod","Waifu the Spire","[IsaacMod]以撒尖塔","【功能Mod】混沌之环修复补丁"],"gold_per_floor":[110,120,120,120,136,161,178,189,189,205,236,254,287,287,287,416,416,436,452,452,473,388,428,448,492,492,510,554,554,569,239,239,362,362,377,277,292,312,333,364,388,419,419,455,474,374,393,268,268,268,268,268,113,113,152,152],"floor_reached":57,"language":"ZHS","playtime":2245,"items_purged":["champ:Strike","champ:Strike","champ:Strike","champ:Execute","champ:Defend"],"score":2414,"play_id":"f7fd8dba-2964-4e67-bccb-e85e5937a4ac","local_time":"20210217055941","is_ascension_mode":true,"campfire_choices":[{"data":"champ:Taunt","floor":15.0,"key":"SMITH"},{"data":"champ:HoldFirm","floor":32,"key":"SMITH"},{"floor":49,"key":"RECALL"},{"data":"champ:ShieldWall","floor":54,"key":"SMITH"}],"circlet_count":0,"master_deck":["champ:Strike","champ:Defend","champ:Defend","champ:Defend","champ:Taunt+1","champ:EnchantCrown","champ:ShieldThrow","champ:HoldFirm+1","champ:RageSigil+1","champ:ShieldWall+1"],"relics":["DaveBox","HushsDoor","testmod-TestBox","testmod-Prudence","SatanicBible","ShadowXiaoBlade","bronze:MakeshiftBattery","SynthV:TestCard","LetterFromLob","Lantern","testmod-LifeArmor","Regal Pillow","Dota2Spire:EtherealBlade","testmod-CrystalShield","Golden Idol","Dota2Spire:RefresherOrb","champ:GladiatorsBookOfMartialProwess","TheBible","testmod-IndustrialRevolution","Dota2Spire:AghanimScepter","Dota2Spire:BlackKingBar","EdensBlessing","Orichalcum","testmod-ArcanaOfDestiny","Runic Pyramid","GuppysTail","Blood Vial","Dota2Spire:OctarineCore","Oddly Smooth Stone","champ:BerserkersGuideToSlaughter","Dota2Spire:UrnOfShadows"],"acts_visited":["Exordium","TheCity","TheBeyond","TheEnding"],"potions_floor_usage":[25,56,56,56],"damage_taken":[{"damage":12.0,"enemies":"Small Slimes","floor":1.0,"turns":3.0},{"damage":10.0,"enemies":"Cultist","floor":2.0,"turns":3.0},{"damage":2.0,"enemies":"Jaw Worm","floor":5.0,"turns":2.0},{"damage":10.0,"enemies":"Gremlin Nob","floor":6.0,"turns":3.0},{"damage":10.0,"enemies":"Looter","floor":7.0,"turns":2.0},{"damage":15.0,"enemies":"Exordium Thugs","floor":8.0,"turns":4.0},{"damage":15.0,"enemies":"Exordium Wildlife","floor":10.0,"turns":5.0},{"damage":10.0,"enemies":"3 Sentries","floor":11.0,"turns":4.0},{"damage":20.0,"enemies":"Large Slime","floor":12.0,"turns":3.0},{"damage":10.0,"enemies":"Gremlin Nob","floor":13.0,"turns":3.0},{"damage":10.0,"enemies":"Hexaghost","floor":16.0,"turns":6.0},{"damage":10.0,"enemies":"Shell Parasite","floor":18.0,"turns":3.0},{"damage":14.0,"enemies":"3 Byrds","floor":19.0,"turns":5.0},{"damage":20.0,"enemies":"Centurion and Healer","floor":21.0,"turns":4.0},{"damage":10.0,"enemies":"Gremlin Leader","floor":23.0,"turns":6.0},{"damage":20.0,"enemies":"Snecko","floor":24.0,"turns":3.0},{"damage":10,"enemies":"Slavers","floor":25,"turns":3},{"damage":10,"enemies":"Shelled Parasite and Fungi","floor":27,"turns":4},{"damage":20,"enemies":"Gremlin Leader","floor":28,"turns":6},{"damage":20,"enemies":"Centurion and Healer","floor":30,"turns":5},{"damage":10,"enemies":"Automaton","floor":33,"turns":4},{"damage":20,"enemies":"3 Darklings","floor":35,"turns":5},{"damage":10,"enemies":"3 Shapes","floor":37,"turns":4},{"damage":20,"enemies":"Maw","floor":38,"turns":5},{"damage":10,"enemies":"Sphere and 2 Shapes","floor":39,"turns":4},{"damage":20,"enemies":"Giant Head","floor":40,"turns":5},{"damage":10,"enemies":"Spire Growth","floor":41,"turns":3},{"damage":10,"enemies":"Nemesis","floor":42,"turns":4},{"damage":20,"enemies":"Giant Head","floor":44,"turns":4},{"damage":20,"enemies":"Jaw Worm Horde","floor":45,"turns":4},{"damage":0,"enemies":"Sphere and 2 Shapes","floor":47,"turns":3},{"damage":0,"enemies":"Time Eater","floor":50,"turns":4},{"damage":6,"enemies":"Shield and Spear","floor":55,"turns":4},{"damage":0,"enemies":"The Heart","floor":56,"turns":4}],"seed_played":"-62200720763636082","potions_obtained":[{"floor":2.0,"key":"Energy Potion"},{"floor":5.0,"key":"testmod-EscapePotion"},{"floor":8.0,"key":"BlessingOfTheForge"},{"floor":11.0,"key":"GamblersBrew"},{"floor":12.0,"key":"bronze:BurnAndBuffPotion"},{"floor":19.0,"key":"testmod-TestPotion"},{"floor":25,"key":"Weak Potion"},{"floor":28,"key":"testmod-TestPotion"},{"floor":30,"key":"Dota2Spire:Clarity"}],"is_trial":false,"path_per_floor":["M","M","?","?","M","E","M","M","T","M","E","M","E","?","R","B",null,"M","M","?","M","?","E","M","E","T","M","E","?","M","$","R","B",null,"M","?","M","M","M","E","M","E","T","E","M","$","M","$","R","B",null,null,"$","R","E","B",null],"character_chosen":"THE_CHAMP","items_purchased":["champ:ShieldThrow","champ:HoldFirm","testmod-ArcanaOfDestiny","champ:BerserkersGuideToSlaughter"],"campfire_rested":0,"item_purchase_floors":[17,17,31,53],"current_hp_per_floor":[79,79,64,57,55,55,55,50,50,35,35,35,35,13,13,32,67,67,66,66,66,66,66,75,75,75,75,75,75,75,75,75,78,71,71,71,71,71,71,71,71,71,71,71,71,71,71,71,71,71,71,71,71,71,65,71],"gold":152,"neow_bonus":"BOSS_RELIC","is_daily":false,"chose_seed":false,"campfire_upgraded":3,"win_rate":0.0,"timestamp":1613512781,"path_taken":["M","M","?","?","M","E","M","M","T","M","E","M","E","?","R","BOSS","M","M","?","M","?","E","M","E","T","M","E","?","M","$","R","BOSS","M","?","M","M","?","E","?","E","T","E","M","$","M","$","R","BOSS","$","R","E","BOSS"],"items_purchased_type":["Card","Card","Relic","Relic"],"build_version":"2020-12-22","purchased_purges":5,"victory":true,"max_hp_per_floor":[90,90,90,90,90,90,90,90,90,90,90,90,90,90,90,90,78,78,78,78,78,78,78,78,78,78,78,78,78,78,78,78,78,71,71,71,71,71,71,71,71,71,71,71,71,71,71,71,71,71,71,71,71,71,71,71],"card_choices":[{"not_picked":["champ:StanceDance","champ:RecklessLeap","champ:CrownThrow"],"picked":"SKIP","floor":1.0},{"not_picked":["champ:SetATrap","champ:FocusedBerserking","champ:PerfectedStrike","champ:ViciousMockery","champ:RecklessLeap"],"picked":"SKIP","floor":2.0},{"not_picked":["champ:FaceSlap","champ:DefensiveShout","champ:Encircle","champ:PreciseThrust","champ:TornadoPunch"],"picked":"SKIP","floor":5.0},{"not_picked":["champ:BladeFlurry","champ:EnragedBash","champ:TornadoPunch","champ:FalseCounter","champ:ShieldSlam"],"picked":"SKIP","floor":6.0},{"not_picked":["champ:DefensiveShout","champ:BringItOn","champ:ShieldSigil","champ:Parry","champ:StanceDance"],"picked":"SKIP","floor":7.0},{"not_picked":["champ:IgnorePain","champ:AdrenalArmor","champ:Parry","champ:GladiatorStyle","champ:GutPunch"],"picked":"SKIP","floor":8.0},{"not_picked":["champ:ViciousMockery","champ:DefensiveShout","champ:FanOfKnives","champ:ShieldSlam","champ:CrownThrow"],"picked":"SKIP","floor":10.0},{"not_picked":["champ:DefensiveShout","champ:PreemptiveStrike","champ:TripleStrike","champ:BladeFlurry","champ:ShieldSigil"],"picked":"SKIP","floor":11.0},{"not_picked":["champ:AdrenalArmor","champ:SetATrap","champ:ShieldSigil","champ:FlashCut","champ:Parry"],"picked":"SKIP","floor":12.0},{"not_picked":["champ:StrikeOfGenius","champ:Endure","champ:AdrenalArmor","champ:Backstep","champ:PreciseThrust"],"picked":"SKIP","floor":13.0},{"not_picked":["champ:Devastate","champ:StrikeOfGenius","champ:CheapShot","champ:IgnorePain"],"picked":"champ:EnchantCrown","floor":16.0},{"not_picked":["champ:PreciseThrust+1","champ:DefensiveShout","champ:PerfectedStrike","champ:FlashCut","champ:EnGarde"],"picked":"SKIP","floor":18.0},{"not_picked":["champ:GladiatorStyle","champ:TornadoPunch","champ:EndlessRage","champ:Devastate","champ:FalseCounter"],"picked":"SKIP","floor":19.0},{"not_picked":["champ:CrookedStrike","champ:ViciousMockery","champ:BladeFlurry+1","champ:FlashCut","champ:DefensiveShout"],"picked":"SKIP","floor":21.0},{"not_picked":["champ:RecklessLeap+1","champ:EnchantShield","champ:HeavySlash","champ:ShieldSigil+1","champ:SetATrap+1"],"picked":"SKIP","floor":23.0},{"not_picked":["champ:DefensiveShout","champ:FaceSlap","champ:CrownThrow+1","champ:TornadoPunch","champ:DeathBlow+1"],"picked":"SKIP","floor":24.0},{"not_picked":["champ:DeathBlow","champ:DefensiveShout","champ:RisingSlash","champ:PerfectedStrike+1","champ:GutPunch"],"picked":"SKIP","floor":25},{"not_picked":["champ:BerserkersShout","champ:ShieldSlam","champ:GutPunch+1","champ:EnGarde","champ:Haymaker"],"picked":"SKIP","floor":27},{"not_picked":["champ:ShieldSigil+1","champ:BringItOn","champ:HeavySlash","champ:Circumvent","champ:PreciseThrust"],"picked":"SKIP","floor":28},{"not_picked":["champ:FlashCut+1","champ:SkillfulDodge","champ:Parry","champ:RageSigil","champ:PreciseThrust"],"picked":"SKIP","floor":30},{"not_picked":["champ:DeathBlow","champ:BladeFlurry+1","champ:FlashCut+1","champ:Encircle+1","champ:ViciousMockery"],"picked":"SKIP","floor":35},{"not_picked":["champ:Shatter","champ:ViciousMockery","champ:FanOfKnives+1","champ:Encircle+1"],"picked":"champ:RageSigil+1","floor":36},{"not_picked":["champ:Duel","champ:StanceDance+1","champ:BladeFlurry","champ:CalledShot+1","champ:DefensiveStyle+1"],"picked":"SKIP","floor":37},{"not_picked":["champ:DeathBlow+1","champ:PerfectedStrike","champ:BerserkersShout+1","champ:PreciseThrust+1","champ:DefensiveStyle+1"],"picked":"SKIP","floor":38},{"not_picked":["champ:RisingSlash+1","champ:ShieldSigil","champ:HeartStrike","champ:PreemptiveStrike","champ:DeathBlow"],"picked":"SKIP","floor":39},{"not_picked":["champ:Parry+1","champ:ShieldSlam+1","champ:CheapShot","champ:FanOfKnives+1","champ:BerserkersShout"],"picked":"SKIP","floor":40},{"not_picked":["champ:FalseCounter+1","champ:RisingSlash","champ:FlashCut+1","champ:AdrenalArmor+1","champ:RecklessLeap"],"picked":"SKIP","floor":41},{"not_picked":["champ:StanceDance+1","champ:SwordSigil","champ:FanOfKnives+1","champ:Encircle","champ:GladiatorStyle"],"picked":"SKIP","floor":42},{"not_picked":["champ:StanceDance+1","champ:TornadoPunch","champ:PreciseThrust+1","champ:EnchantCrown","champ:FanOfKnives"],"picked":"SKIP","floor":44},{"not_picked":["champ:GutPunch+1","champ:FlashCut","champ:BladeFlurry+1","champ:Haymaker+1","champ:Backstep+1"],"picked":"SKIP","floor":45},{"not_picked":["champ:RageSigil","champ:SkillfulDodge","champ:FancyFootwork+1","champ:Lariat"],"picked":"champ:ShieldWall","floor":47},{"not_picked":["champ:StanceDance","champ:Circumvent+1","champ:FancyFootwork","champ:ArenaPreparation+1","champ:ShieldThrow"],"picked":"SKIP","floor":55}],"player_experience":1145435,"relics_obtained":[{"floor":1.0,"key":"SynthV:TestCard"},{"floor":1.0,"key":"LetterFromLob"},{"floor":6.0,"key":"Regal Pillow"},{"floor":11.0,"key":"Dota2Spire:EtherealBlade"},{"floor":13.0,"key":"testmod-CrystalShield"},{"floor":23.0,"key":"testmod-IndustrialRevolution"},{"floor":25,"key":"Dota2Spire:AghanimScepter"},{"floor":26,"key":"Dota2Spire:BlackKingBar"},{"floor":28,"key":"EdensBlessing"},{"floor":40,"key":"GuppysTail"},{"floor":42,"key":"Blood Vial"},{"floor":43,"key":"Dota2Spire:OctarineCore"},{"floor":44,"key":"Oddly Smooth Stone"},{"floor":55,"key":"Dota2Spire:UrnOfShadows"}],"event_choices":[{"damage_healed":0.0,"max_hp_gain":0.0,"max_hp_loss":0.0,"gold_gain":0.0,"event_name":"Scrap Ooze","player_choice":"Success","floor":4.0,"gold_loss":0.0,"damage_taken":7.0,"relics_obtained":["testmod-LifeArmor"]},{"damage_healed":0.0,"max_hp_gain":0.0,"max_hp_loss":0.0,"gold_gain":0.0,"event_name":"Golden Idol","player_choice":"Take Damage","floor":14.0,"gold_loss":0.0,"damage_taken":22.0,"relics_obtained":["Golden Idol"]},{"damage_healed":0.0,"max_hp_gain":0.0,"max_hp_loss":0.0,"gold_gain":0.0,"event_name":"Addict","player_choice":"Obtained Relic","floor":22.0,"gold_loss":85.0,"damage_taken":0.0,"relics_obtained":["TheBible"]},{"damage_healed":0,"gold_gain":0,"player_choice":"Opened","damage_taken":0,"relics_obtained":["Orichalcum"],"max_hp_gain":0,"max_hp_loss":0,"event_name":"The Mausoleum","floor":29,"gold_loss":0}],"is_beta":false,"boss_relics":[{"not_picked":["Snecko Eye","Ectoplasm"],"picked":"Dota2Spire:RefresherOrb"},{"not_picked":[]},{"not_picked":["expansioncontent:StudyCardRelic","FixedStarFall"],"picked":"Runic Pyramid"},{"not_picked":[]}],"items_purged_floors":[17,31,34,46,48],"is_endless":false,"potions_floor_spawned":[2,5,8,11,12,16,19,24,25,28,30,39,40,41,42,44,55],"ascension_level":7}}