{"host":"5trcja4hacd149zc","time":1613434606,"event":{"mods":["BaseMod","Colored Map","GifTheSpireLib","Minty Spire (QoL Compilation)","Relic Stats","StSLib"],"gold_per_floor":[109,124,124,135,150,150,166,166,189,189,26,52,52,52,52,126,126,140,140,57,69,86,86,113,128,128,141,141,141],"floor_reached":28,"language":"ENG","playtime":629,"items_purged":[],"score":480,"play_id":"f7e41cc1-72a0-4996-acf3-07e359ed2638","local_time":"20210215181646","is_ascension_mode":true,"campfire_choices":[{"data":"WheelKick","floor":6,"key":"SMITH"},{"data":"Consecrate","floor":8,"key":"SMITH"},{"data":"Blasphemy","floor":13,"key":"SMITH"},{"data":"Vigilance","floor":15,"key":"SMITH"},{"data":"MentalFortress","floor":23,"key":"SMITH"}],"circlet_count":0,"master_deck":["AscendersBane","Strike_P","Strike_P","Strike_P","Strike_P","Defend_P","Defend_P","Defend_P","Defend_P","Eruption","Vigilance+1","EmptyFist","WheelKick+1","Pain","Consecrate+1","ThirdEye+1","Halt","Blasphemy+1","FearNoEvil+1","Conclude","Adaptation","MentalFortress+1","Indignation+1"],"relics":["PureWater","NeowsBlessing","WarpedTongs","Dream Catcher","Medical Kit","Pen Nib","Coffee Dripper","Smiling Mask","Lantern"],"acts_visited":["Exordium","TheCity"],"potions_floor_usage":[12,24],"damage_taken":[{"damage":0,"enemies":"Cultist","floor":1,"turns":1},{"damage":0,"enemies":"Small Slimes","floor":2,"turns":1},{"damage":0,"enemies":"2 Louse","floor":4,"turns":1},{"damage":2,"enemies":"Exordium Thugs","floor":5,"turns":2},{"damage":3,"enemies":"Looter","floor":7,"turns":3},{"damage":9,"enemies":"Lagavulin","floor":12,"turns":5},{"damage":41,"enemies":"Hexaghost","floor":16,"turns":8},{"damage":31,"enemies":"Shell Parasite","floor":18,"turns":5},{"damage":0,"enemies":"3 Byrds","floor":21,"turns":2},{"damage":5,"enemies":"Centurion and Healer","floor":22,"turns":3},{"damage":11,"enemies":"Gremlin Leader","floor":24,"turns":4},{"damage":25,"enemies":"Snecko","floor":25,"turns":4},{"damage":32,"enemies":"Shelled Parasite and Fungi","floor":27,"turns":3},{"damage":6,"enemies":"Snake Plant","floor":28,"turns":1}],"seed_played":"7425268261201325522","potions_obtained":[{"floor":1,"key":"BlessingOfTheForge"},{"floor":2,"key":"AttackPotion"},{"floor":16,"key":"SkillPotion"},{"floor":24,"key":"Energy Potion"}],"is_trial":false,"path_per_floor":["M","M","?","M","M","R","M","R","T","?","$","E","R","?","R","B",null,"M","?","$","M","M","R","E","M","T","M","M"],"character_chosen":"WATCHER","items_purchased":["Medical Kit","Conclude"],"campfire_rested":0,"item_purchase_floors":[11,20],"current_hp_per_floor":[61,61,61,61,59,59,56,56,56,56,56,47,47,47,47,6,53,22,78,78,78,73,73,62,37,37,5,0,0],"gold":141,"neow_bonus":"THREE_ENEMY_KILL","is_daily":false,"chose_seed":false,"campfire_upgraded":5,"win_rate":0.0,"timestamp":1613434606,"path_taken":["M","?","?","?","M","R","M","R","T","?","?","E","R","?","R","BOSS","M","?","$","M","M","R","E","M","T","M","?"],"items_purchased_type":["Relic","Card"],"build_version":"2020-12-22","purchased_purges":0,"victory":false,"max_hp_per_floor":[68,68,68,68,68,68,68,68,68,68,68,68,68,68,68,68,68,68,78,78,78,78,78,78,78,78,78,78,78],"relic_stats":{"Dream Catcher":0,"counters":[14,43],"Pen Nib":[5],"Medical Kit":[4],"Smiling Mask":0,"obtain_stats":[{"Dream Catcher":9,"Lantern":26,"NeowsBlessing":0,"Pen Nib":12,"Coffee Dripper":17,"PureWater":0,"Medical Kit":11,"Smiling Mask":24,"WarpedTongs":3},{"Dream Catcher":5,"Lantern":12,"NeowsBlessing":0,"Pen Nib":6,"Coffee Dripper":7,"PureWater":0,"Medical Kit":5,"Smiling Mask":11,"WarpedTongs":2},{"Dream Catcher":8,"Lantern":39,"NeowsBlessing":0,"Pen Nib":13,"Coffee Dripper":21,"PureWater":0,"Medical Kit":8,"Smiling Mask":35,"WarpedTongs":2}],"WarpedTongs":[41]},"card_choices":[{"not_picked":["Indignation","EmptyBody"],"picked":"EmptyFist","floor":1},{"not_picked":["Evaluate","Vengeance"],"picked":"WheelKick","floor":2},{"not_picked":["Fasting2","Prostrate"],"picked":"Consecrate","floor":4},{"not_picked":["CarveReality","WindmillStrike"],"picked":"ThirdEye","floor":5},{"not_picked":["PathToVictory","FollowUp"],"picked":"Halt","floor":7},{"not_picked":["DeceiveReality","FollowUp"],"picked":"Blasphemy","floor":12},{"not_picked":["DeusExMachina","Omniscience"],"picked":"ConjureBlade","floor":16},{"not_picked":["Protect","Prostrate"],"picked":"FearNoEvil+1","floor":18},{"not_picked":["CrushJoints","Prostrate"],"picked":"Adaptation","floor":21},{"not_picked":["EmptyFist","Consecrate"],"picked":"MentalFortress","floor":22},{"not_picked":["InnerPeace","EmptyBody"],"picked":"Indignation+1","floor":24},{"not_picked":["Prostrate","Nirvana","JustLucky"],"picked":"SKIP","floor":25},{"not_picked":["BowlingBash","Study","Prostrate"],"picked":"SKIP","floor":27}],"player_experience":776659,"relics_obtained":[{"floor":9,"key":"Dream Catcher"},{"floor":12,"key":"Pen Nib"},{"floor":24,"key":"Smiling Mask"},{"floor":26,"key":"Lantern"}],"event_choices":[{"damage_healed":0,"gold_gain":0,"player_choice":"Rummage","damage_taken":0,"relics_obtained":["WarpedTongs"],"max_hp_gain":0,"max_hp_loss":0,"event_name":"Accursed Blacksmith","floor":3,"gold_loss":0,"cards_obtained":["Pain"]},{"damage_healed":0,"gold_gain":0,"player_choice":"Grow","damage_taken":0,"max_hp_gain":0,"max_hp_loss":0,"event_name":"Living Wall","floor":10,"gold_loss":0,"cards_upgraded":["ThirdEye"]},{"damage_healed":0,"gold_gain":0,"player_choice":"Leave","damage_taken":0,"max_hp_gain":0,"max_hp_loss":0,"event_name":"The Cleric","floor":14,"gold_loss":0},{"cards_removed":["ConjureBlade"],"damage_healed":46,"gold_gain":0,"player_choice":"Offered Rare","damage_taken":0,"max_hp_gain":10,"max_hp_loss":0,"event_name":"Bonfire Elementals","floor":19,"gold_loss":0}],"is_beta":false,"boss_relics":[{"not_picked":["SacredBark","Ectoplasm"],"picked":"Coffee Dripper"}],"items_purged_floors":[],"is_endless":false,"potions_floor_spawned":[1,2,7,16,22,24,25],"killed_by":"Snake Plant","ascension_level":20}}