{"host":"o5tjqk3pv43rrbqu","time":1613502077,"event":{"mods":["Aspiration","BaseMod","Hubris","Infinite Spire","Minty Spire (QoL Compilation)","Quick Restart","Relic Stats","Replay The Spire","Shop Mod","StSLib"],"gold_per_floor":[113,128,148,148,165,165,192,192,192,219,234,271,271,271,7,27,27,126,126,140,158,8,27,27,62,62,14,14,14,47,47,61,77,77,179,179,189,189,189,200,212,243,243,257,257,257,270,270,286,297,297,297,297],"floor_reached":52,"language":"ENG","playtime":11064,"items_purged":["Perfected Strike","Strike_R"],"score":782,"play_id":"e5fc4af4-8c79-4f13-b8cc-71aee8bf3a4b","local_time":"20210216130117","is_ascension_mode":true,"campfire_choices":[{"data":"Thunderclap","floor":6,"key":"SMITH"},{"data":"Cleave","floor":8,"key":"SMITH"},{"data":"Wild Strike","floor":17,"key":"SMITH"},{"data":"Wild Strike","floor":29,"key":"SMITH"},{"data":"Wild Strike","floor":43,"key":"SMITH"},{"floor":46,"key":"REST"},{"data":"infinitespire:DeathsTouch","floor":51,"key":"SMITH"}],"circlet_count":0,"master_deck":["Strike_R","Strike_R","Strike_R","Strike_R","Defend_R","Defend_R","Defend_R","Defend_R","Bash","Cleave+1","Thunderclap+1","Immolate","Dropkick","Thunderclap","Fire Breathing+1","Wild Strike+1","Wild Strike+1","Inflame+1","Wild Strike+1","infinitespire:Collect","infinitespire:DeathsTouch+1","Wild Strike+1","Shockwave+1","Flex+1","hubris:SharpeningStone+1","Bandage Up"],"relics":["Black Blood","hubris:SlimyHat","Toy Ornithopter","Meat on the Bone","MerchantsRug","Pen Nib","Eternal Feather","Ice Cream","Ring of Chaos","aspiration:Headhunter","Lizard Tail","infinitespire:PuzzleCube"],"acts_visited":["Exordium","TheCity","TheBeyond"],"potions_floor_usage":[5,10,12,17,18,30,35,50,52],"damage_taken":[{"damage":1,"enemies":"2 Louse","floor":1,"turns":3},{"damage":1,"enemies":"Cultist","floor":2,"turns":4},{"damage":5,"enemies":"Small Slimes","floor":3,"turns":3},{"damage":3,"enemies":"Gremlin Gang","floor":5,"turns":3},{"damage":49,"enemies":"Lagavulin","floor":7,"turns":7},{"damage":8,"enemies":"3 Sentries","floor":10,"turns":3},{"damage":0,"enemies":"2 Fungi Beasts","floor":11,"turns":2},{"damage":21,"enemies":"Lagavulin","floor":12,"turns":5},{"damage":13,"enemies":"Exordium Thugs","floor":16,"turns":4},{"damage":75,"enemies":"The Guardian","floor":18,"turns":11},{"damage":41,"enemies":"Shell Parasite","floor":20,"turns":6},{"damage":5,"enemies":"Chosen","floor":21,"turns":3},{"damage":21,"enemies":"3 Cultists","floor":23,"turns":4},{"damage":57,"enemies":"Nightmare","floor":25,"turns":7},{"damage":34,"enemies":"Slavers","floor":30,"turns":3},{"damage":10,"enemies":"Snecko","floor":32,"turns":3},{"damage":20,"enemies":"Centurion and Healer","floor":33,"turns":4},{"damage":75,"enemies":"Pondfish","floor":35,"turns":10},{"damage":28,"enemies":"Orb Walker","floor":37,"turns":3},{"damage":33,"enemies":"3 Darklings","floor":40,"turns":4},{"damage":46,"enemies":"Spire Growth","floor":41,"turns":4},{"damage":0,"enemies":"Nemesis","floor":42,"turns":1},{"damage":44,"enemies":"Jaw Worm Horde","floor":44,"turns":5},{"damage":40,"enemies":"3 Darklings","floor":47,"turns":3},{"damage":16,"enemies":"Spire Growth","floor":49,"turns":2},{"damage":31,"enemies":"Transient","floor":50,"turns":5},{"damage":204,"enemies":"Awakened One","floor":52,"turns":10}],"seed_played":"7447739083779904708","potions_obtained":[{"floor":2,"key":"PowerPotion"},{"floor":7,"key":"Explosive Potion"},{"floor":11,"key":"Weak Potion"},{"floor":16,"key":"Swift Potion"},{"floor":20,"key":"PowerPotion"},{"floor":23,"key":"FairyPotion"},{"floor":25,"key":"FearPotion"},{"floor":35,"key":"Dexterity Potion"},{"floor":42,"key":"Languid Potion"},{"floor":49,"key":"SkillPotion"}],"is_trial":true,"path_per_floor":["M","M","M","?","M","R","E","R","T","E","M","E","PTL","PTL","$","M","R","B",null,"M","M","$","M","?","NM","?","$","T","R","E","?","M","M","R","B",null,"M","?","AVR","M","M","E","R","M","T","R","M","?","M","M","R","B"],"character_chosen":"IRONCLAD","items_purchased":["Fire Breathing+1","MerchantsRug","Wild Strike","BloodPotion","Wild Strike","Inflame","Fire Potion"],"campfire_rested":1,"item_purchase_floors":[15,15,15,15,22,22,27],"current_hp_per_floor":[80,80,80,80,80,80,37,37,37,40,58,48,48,48,48,53,74,22,80,63,70,70,61,61,28,28,28,28,43,38,38,52,56,80,34,80,64,64,64,55,33,57,69,49,49,80,64,64,60,58,73,0,0],"gold":297,"neow_bonus":"","is_daily":false,"chose_seed":false,"campfire_upgraded":6,"win_rate":0.0,"timestamp":1613502077,"path_taken":["M","M","M","?","?","R","E","R","T","E","M","E","PTL","PTL","$","M","R","BOSS","M","M","$","M","?","NM","?","$","T","R","E","?","M","?","R","BOSS","M","?","AVR","?","M","E","R","M","T","R","M","?","M","M","R","BOSS"],"items_purchased_type":["Card","Relic","Card","Potion","Card","Card","Potion"],"build_version":"2020-12-22","purchased_purges":2,"victory":false,"max_hp_per_floor":[80,80,80,80,80,80,80,80,80,80,80,80,80,80,80,80,80,80,80,80,80,80,80,80,80,80,80,80,80,80,80,80,80,80,80,80,80,80,80,80,80,80,80,80,80,80,80,80,80,80,80,80,80],"relic_stats":{"Lizard Tail":40,"counters":[27,122],"Black Blood":238,"Eternal Feather":72,"Pen Nib":[11],"obtain_stats":[{"Ice Cream":30,"MerchantsRug":15,"CeramicFish":12,"Black Blood":19,"Eternal Feather":28,"Pen Nib":25,"Ring of Chaos":36,"hubris:SlimyHat":7,"Burning Blood":0,"Lizard Tail":42,"aspiration:Headhunter":39,"Toy Ornithopter":9,"infinitespire:PuzzleCube":45,"Meat on the Bone":10},{"Ice Cream":15,"MerchantsRug":8,"CeramicFish":8,"Black Blood":10,"Eternal Feather":14,"Pen Nib":14,"Ring of Chaos":18,"hubris:SlimyHat":5,"Burning Blood":0,"Lizard Tail":22,"aspiration:Headhunter":19,"Toy Ornithopter":5,"infinitespire:PuzzleCube":23,"Meat on the Bone":6},{"Ice Cream":68,"MerchantsRug":30,"CeramicFish":30,"Black Blood":45,"Eternal Feather":65,"Pen Nib":65,"Ring of Chaos":85,"hubris:SlimyHat":20,"Burning Blood":0,"Lizard Tail":97,"aspiration:Headhunter":88,"Toy Ornithopter":20,"infinitespire:PuzzleCube":102,"Meat on the Bone":23}],"Toy Ornithopter":40,"Meat on the Bone":168},"card_choices":[{"not_picked":["Havoc","Disarm","Entrench"],"picked":"SKIP","floor":1},{"not_picked":["hubris:ReadiedAction","True Grit"],"picked":"Cleave","floor":2},{"not_picked":["Clash","ReplayTheSpireMod:Limb From Limb","Dropkick"],"picked":"SKIP","floor":3},{"not_picked":["Havoc","Clothesline"],"picked":"Thunderclap","floor":5},{"not_picked":["True Grit","hubris:CleavingFinish"],"picked":"Immolate","floor":7},{"not_picked":["Clash","Carnage","True Grit"],"picked":"SKIP","floor":10},{"not_picked":["Wild Strike","Spot Weakness"],"picked":"Dropkick","floor":11},{"not_picked":["Whirlwind","Perfected Strike"],"picked":"Thunderclap","floor":12},{"not_picked":["Headbutt","Infernal Blade","True Grit"],"picked":"SKIP","floor":16},{"not_picked":["Twin Strike","Heavy Blade+1","Searing Blow+1"],"picked":"SKIP","floor":20},{"not_picked":["Havoc+1","Clothesline"],"picked":"Perfected Strike","floor":21},{"not_picked":["Evolve","ReplayTheSpireMod:Strike From Hell"],"picked":"Wild Strike","floor":23},{"not_picked":["infinitespire:NeuralNetwork","hubris:Fate"],"picked":"infinitespire:Collect","floor":24},{"not_picked":["ReplayTheSpireMod:Chaos Vortex","infinitespire:Execution"],"picked":"infinitespire:DeathsTouch","floor":25},{"not_picked":["Run Through+1","Body Slam"],"picked":"Wild Strike","floor":25},{"not_picked":["Anger+1","hubris:SharpeningStone","infinitespire:OneForAll"],"picked":"SKIP","floor":30},{"not_picked":["Body Slam+1","Anger","Rampage"],"picked":"SKIP","floor":32},{"not_picked":["Havoc","Body Slam","ReplayTheSpireMod:LeadingStrike+1"],"picked":"SKIP","floor":33},{"not_picked":["Pommel Strike+1","Clash"],"picked":"Shockwave+1","floor":37},{"not_picked":["Twin Strike+1","Perfected Strike","Hemogenesis"],"picked":"SKIP","floor":40},{"not_picked":["Shrug It Off+1","Headbutt+1"],"picked":"Flex+1","floor":41},{"not_picked":["Fiend Fire","Battle Trance","Immolate"],"picked":"SKIP","floor":42},{"not_picked":["infinitespire:OneForAll","Dual Wield"],"picked":"hubris:SharpeningStone+1","floor":44},{"not_picked":["Clash+1","Headbutt","Replay:Undeath\u0027s Touch"],"picked":"SKIP","floor":47},{"not_picked":["Dramatic Entrance","ReplayTheSpireMod:Private Reserves"],"picked":"Bandage Up","floor":48},{"not_picked":["Pummel+1","Run Through+1","hubris:ReadiedAction"],"picked":"SKIP","floor":49},{"not_picked":["Sword Boomerang","Headbutt","Burning Pact+1"],"picked":"SKIP","floor":50}],"player_experience":386747,"relics_obtained":[{"floor":7,"key":"hubris:SlimyHat"},{"floor":9,"key":"Toy Ornithopter"},{"floor":10,"key":"Meat on the Bone"},{"floor":12,"key":"CeramicFish"},{"floor":25,"key":"Pen Nib"},{"floor":28,"key":"Eternal Feather"},{"floor":30,"key":"Ice Cream"},{"floor":42,"key":"Lizard Tail"},{"floor":45,"key":"infinitespire:PuzzleCube"}],"event_choices":[{"damage_healed":0,"gold_gain":0,"player_choice":"0 cards matched","damage_taken":0,"max_hp_gain":0,"max_hp_loss":0,"event_name":"Match and Keep!","floor":4,"gold_loss":0,"cards_obtained":[]},{"damage_healed":0,"gold_gain":0,"player_choice":"Upgraded","damage_taken":0,"max_hp_gain":0,"max_hp_loss":0,"event_name":"Upgrade Shrine","floor":31,"gold_loss":0,"cards_upgraded":["Wild Strike"]},{"cards_removed":["Spreading Infection","Delirium"],"damage_healed":0,"gold_gain":0,"player_choice":"Removed Curses","damage_taken":0,"max_hp_gain":0,"max_hp_loss":0,"event_name":"Fountain of Cleansing","floor":38,"gold_loss":0},{"damage_healed":0,"gold_gain":0,"player_choice":"Memory 1","damage_taken":0,"max_hp_gain":0,"max_hp_loss":0,"event_name":"SensoryStone","floor":48,"gold_loss":0}],"is_beta":false,"boss_relics":[{"not_picked":["Pandora\u0027s Box","Replay:Drink Me"],"picked":"Black Blood"},{"not_picked":["ReplayTheSpireMod:DimensionalGlitch","Fusion Hammer"],"picked":"Ring of Chaos"}],"items_purged_floors":[22,39],"is_endless":true,"potions_floor_spawned":[2,7,11,16,20,23,25,35,42,44,49],"killed_by":"Awakened One","ascension_level":1}}