{"host":"9jkzatiwan7o33sr","time":1613502204,"event":{"mods":["AchievementEnabler","Act Like it!","Aspiration","BaseMod","Colored Map","Colored Powertips","Conspire","Downfall","GifTheSpireLib","Hallownest","Hermit","Hubris","Infinite Spire","Jorbs\u0027s Wanderer Trilogy","Mad Scientist","Mimic Mod","Minty Spire (QoL Compilation)","Permanent Neow","Shade Mod","StSLib","Stuff the Spire","Td1madao Mod","The Bladedancer","The Bug Knight","The Cursed","The Forsaken","The Hierophant","The Jungle","The Mystic","The Necromancer","The Poker Player","The Servant 0.9.4","The Witch","[IsaacMod]????"],"gold_per_floor":[113,32,45,45,45,74,74,74,74],"floor_reached":8,"language":"ENG","playtime":316,"items_purged":[],"score":62,"play_id":"1744397d-5450-47e3-acbb-86a9d5fbefeb","local_time":"20210216200324","is_ascension_mode":true,"campfire_choices":[],"circlet_count":0,"master_deck":["Strike_B","Strike_B","Strike_B","Strike_B","Defend_B","Defend_B","Defend_B","Defend_B","Zap","Dualcast","Chaos","Defragment","Go for the Eyes","Lockon","Sweeping Beam"],"relics":["Cracked Core","HushsDoor","BookofShadows","Smiling Mask"],"acts_visited":["Exordium"],"potions_floor_usage":[6],"damage_taken":[{"damage":6,"enemies":"Small Slimes","floor":1,"turns":4},{"damage":8,"enemies":"2 Louse","floor":3,"turns":2},{"damage":15,"enemies":"Gremlin Nob","floor":6,"turns":4},{"damage":20,"enemies":"Lagavulin","floor":8,"turns":3}],"seed_played":"4708005528963172987","potions_obtained":[{"floor":1,"key":"Block Potion"},{"floor":3,"key":"PotionOfCapacity"}],"is_trial":false,"path_per_floor":["M","$","M","?","$","E","?","E"],"character_chosen":"DEFECT","items_purchased":["Go for the Eyes","Lockon"],"campfire_rested":0,"item_purchase_floors":[2,2],"current_hp_per_floor":[69,69,61,61,61,46,46,26,26],"gold":74,"neow_bonus":"THREE_CARDS","is_daily":false,"chose_seed":false,"campfire_upgraded":0,"win_rate":0.0,"timestamp":1613502204,"path_taken":["M","$","M","?","$","E","?","E"],"items_purchased_type":["Card","Card"],"build_version":"2020-12-22","purchased_purges":0,"victory":false,"max_hp_per_floor":[75,75,75,75,75,75,75,75,75],"card_choices":[{"not_picked":["Leap","Melter"],"picked":"Chaos","floor":0},{"not_picked":["StuffTheSpire:Plugnplay","Heatsinks"],"picked":"Defragment","floor":1},{"not_picked":["Stack","Reprogram","Force Field"],"picked":"SKIP","floor":3},{"not_picked":["Coolheaded","Capacitor"],"picked":"Sweeping Beam","floor":6}],"player_experience":653678,"relics_obtained":[{"floor":6,"key":"Smiling Mask"}],"event_choices":[{"damage_healed":0,"gold_gain":0,"player_choice":"Ignored","damage_taken":0,"max_hp_gain":0,"max_hp_loss":0,"event_name":"Golden Idol","floor":4,"gold_loss":0},{"damage_healed":0,"gold_gain":0,"player_choice":"Leave","damage_taken":0,"max_hp_gain":0,"max_hp_loss":0,"event_name":"conspire:Investor","floor":7,"gold_loss":0}],"is_beta":false,"boss_relics":[],"items_purged_floors":[],"is_endless":false,"potions_floor_spawned":[1,3],"killed_by":"Lagavulin","ascension_level":3}}