{"host":"61s3c1o1s4fng5dr","time":1613436694,"event":{"mods":["AchievementEnabler","Alarm Clock","AlwaysNeverKeys","BaseMod","Bestiary","Block Reminder","Colored Map","Googly Eyes","Highlight Path","Minty Spire (QoL Compilation)","Permanent Neow","Quick Restart","Random Character Button","Spire Birthday Party"],"gold_per_floor":[111,61,61,77,57,83,83,97,97,113,129,129,147,172,172,268,318,337,337,347,367,292,292,310,324,324,359,359,38,51,84,84,182,182,202,202,213,20,38,38,50,50,73,106,122,22,40,63,63,63],"floor_reached":51,"language":"ENG","playtime":2707,"items_purged":["Strike_R","Infernal Blade"],"score":726,"play_id":"97c26195-d0e8-47be-83d2-5bd7fc88c440","local_time":"20210215195134","is_ascension_mode":false,"campfire_choices":[{"data":"Twin Strike","floor":7.0,"key":"SMITH"},{"data":"Body Slam","floor":15.0,"key":"SMITH"},{"data":"Spot Weakness","floor":23.0,"key":"SMITH"},{"data":"Demon Form","floor":32.0,"key":"SMITH"},{"floor":40.0,"key":"REST"},{"data":"Shrug It Off","floor":42.0,"key":"SMITH"},{"floor":49.0,"key":"REST"}],"circlet_count":0,"master_deck":["Strike_R","Strike_R","Defend_R","Defend_R","Defend_R","Bash","Shrug It Off+1","Shrug It Off+1","Twin Strike+1","Spot Weakness+1","Shrug It Off+1","Sword Boomerang+1","Body Slam+1","Intimidate","Impervious","Sword Boomerang","Sword Boomerang+1","Inflame","Inflame+1","Demon Form+1","Flash of Steel","Impervious+1","Juggernaut","Ghostly Armor+1","Flash of Steel","Thunderclap+1","Limit Break"],"relics":["Burning Blood","NeowsBlessing","HornCleat","Centennial Puzzle","Paper Frog","Odd Mushroom","Tiny House","Boot","Red Mask","Tiny Chest","Vajra","Philosopher\u0027s Stone","War Paint","InkBottle","Art of War"],"acts_visited":["TheCity","TheBeyond"],"potions_floor_usage":[],"damage_taken":[{"damage":0.0,"enemies":"Jaw Worm","floor":1.0,"turns":1.0},{"damage":0.0,"enemies":"Small Slimes","floor":4.0,"turns":1.0},{"damage":0.0,"enemies":"Lagavulin","floor":6.0,"turns":1.0},{"damage":0.0,"enemies":"Cultist","floor":8.0,"turns":3.0},{"damage":8.0,"enemies":"Large Slime","floor":10.0,"turns":6.0},{"damage":0.0,"enemies":"2 Fungi Beasts","floor":11.0,"turns":3.0},{"damage":0.0,"enemies":"3 Louse","floor":13.0,"turns":2.0},{"damage":8.0,"enemies":"The Mushroom Lair","floor":14.0,"turns":3.0},{"damage":62.0,"enemies":"Slime Boss","floor":16.0,"turns":13.0},{"damage":10.0,"enemies":"Shell Parasite","floor":18.0,"turns":3.0},{"damage":0.0,"enemies":"3 Byrds","floor":20.0,"turns":6.0},{"damage":15.0,"enemies":"Centurion and Healer","floor":21.0,"turns":4.0},{"damage":9.0,"enemies":"3 Cultists","floor":24.0,"turns":4.0},{"damage":0.0,"enemies":"Cultist and Chosen","floor":25.0,"turns":4.0},{"damage":0.0,"enemies":"Masked Bandits","floor":27.0,"turns":4.0},{"damage":22.0,"enemies":"Snake Plant","floor":30.0,"turns":4.0},{"damage":15.0,"enemies":"Book of Stabbing","floor":31.0,"turns":4.0},{"damage":73.0,"enemies":"Collector","floor":33.0,"turns":12.0},{"damage":0.0,"enemies":"Orb Walker","floor":35.0,"turns":3.0},{"damage":16.0,"enemies":"3 Shapes","floor":37.0,"turns":3.0},{"damage":22.0,"enemies":"Sphere and 2 Shapes","floor":39.0,"turns":4.0},{"damage":8.0,"enemies":"Writhing Mass","floor":41.0,"turns":4.0},{"damage":23.0,"enemies":"Giant Head","floor":44.0,"turns":6.0},{"damage":7.0,"enemies":"Maw","floor":45.0,"turns":5.0},{"damage":22.0,"enemies":"Sphere and 2 Shapes","floor":47.0,"turns":4.0},{"damage":12,"enemies":"Donu and Deca","floor":50,"turns":6}],"seed_played":"476415023122390657","potions_obtained":[{"floor":4.0,"key":"LiquidMemories"},{"floor":5.0,"key":"Block Potion"},{"floor":8.0,"key":"Strength Potion"},{"floor":11.0,"key":"Swift Potion"},{"floor":17.0,"key":"LiquidMemories"},{"floor":18.0,"key":"Strength Potion"},{"floor":21.0,"key":"Strength Potion"},{"floor":24.0,"key":"Explosive Potion"},{"floor":31.0,"key":"Regen Potion"},{"floor":41.0,"key":"Fire Potion"},{"floor":44.0,"key":"FearPotion"},{"floor":45.0,"key":"FairyPotion"}],"is_trial":false,"path_per_floor":["M","?","?","M","?","E","R","M","T","M","M","?","M","?","R","B",null,"M","?","M","M","?","R","M","M","T","?","?","$","M","E","R","B",null,"M","?","M","$","M","R","M","R","T","E","M","$","M","T","R","B",null],"character_chosen":"IRONCLAD","items_purchased":["Flash of Steel","Tiny Chest","FairyPotion","Flash of Steel"],"campfire_rested":2,"item_purchase_floors":[29,29,38,38],"current_hp_per_floor":[80,80,73,79,79,80,80,80,80,78,80,80,80,78,78,22,85,81,81,85,76,76,76,73,79,79,85,85,85,69,60,60,8,85,85,85,75,75,59,84,82,82,82,65,64,64,48,48,73,67],"gold":63,"neow_bonus":"THREE_ENEMY_KILL","is_daily":false,"chose_seed":false,"campfire_upgraded":5,"win_rate":0.0,"timestamp":1613436694,"path_taken":["M","?","?","M","?","E","R","?","T","M","M","?","M","?","R","BOSS","M","?","M","?","?","R","M","M","T","?","?","?","?","E","R","BOSS","M","?","M","$","?","R","M","R","T","E","M","$","M","?","R","BOSS"],"items_purchased_type":["Card","Relic","Potion","Card"],"build_version":"2020-12-22","purchased_purges":2,"victory":true,"max_hp_per_floor":[80,80,80,80,80,80,80,80,80,80,80,80,80,80,80,80,85,85,85,85,85,85,85,85,85,85,85,85,85,85,85,85,85,85,85,85,85,85,85,85,85,85,85,85,85,85,85,85,85,85],"card_choices":[{"not_picked":["Warcry","True Grit"],"picked":"Shrug It Off","floor":1.0},{"not_picked":["Warcry","Heavy Blade"],"picked":"Shrug It Off","floor":4.0},{"not_picked":["Clothesline","Offering"],"picked":"Twin Strike","floor":6.0},{"not_picked":["Dual Wield","Ghostly Armor"],"picked":"Spot Weakness","floor":8.0},{"not_picked":["Anger","Havoc"],"picked":"Shrug It Off","floor":10.0},{"not_picked":["Burning Pact","Carnage"],"picked":"Sword Boomerang","floor":11.0},{"not_picked":["Cleave","Headbutt"],"picked":"Body Slam","floor":13.0},{"not_picked":["Sever Soul","Flame Barrier"],"picked":"Intimidate","floor":14.0},{"not_picked":["Double Tap","Juggernaut"],"picked":"Impervious","floor":16.0},{"not_picked":["Sword Boomerang","Armaments","Flex"],"picked":"SKIP","floor":18.0},{"not_picked":["Havoc+1","Fire Breathing"],"picked":"Sword Boomerang","floor":20.0},{"not_picked":["Cleave","Headbutt"],"picked":"Sword Boomerang+1","floor":21.0},{"not_picked":["Clothesline","Rupture","Power Through+1"],"picked":"SKIP","floor":24.0},{"not_picked":["Bloodletting","Anger"],"picked":"Inflame","floor":25.0},{"not_picked":["Sever Soul","Armaments"],"picked":"Inflame+1","floor":27.0},{"not_picked":["Warcry","Clash"],"picked":"Impervious","floor":30.0},{"not_picked":["Headbutt","Flame Barrier","Spot Weakness"],"picked":"SKIP","floor":31.0},{"not_picked":["Immolate","Corruption"],"picked":"Juggernaut","floor":33.0},{"not_picked":["Sever Soul+1","Second Wind"],"picked":"Ghostly Armor+1","floor":35.0},{"not_picked":["Havoc+1","Clash","Headbutt+1"],"picked":"SKIP","floor":37.0},{"not_picked":["Heavy Blade","Rampage","Iron Wave+1"],"picked":"SKIP","floor":39.0},{"not_picked":["Dropkick","Heavy Blade+1"],"picked":"Thunderclap+1","floor":41.0},{"not_picked":["Armaments+1","Dual Wield+1","Intimidate+1"],"picked":"SKIP","floor":44.0},{"not_picked":["Inflame","Sentinel+1"],"picked":"Limit Break","floor":45.0},{"not_picked":["Wild Strike","Whirlwind","Armaments+1"],"picked":"SKIP","floor":47.0}],"player_experience":459316,"relics_obtained":[{"floor":6.0,"key":"Centennial Puzzle"},{"floor":9.0,"key":"Paper Frog"},{"floor":14.0,"key":"Odd Mushroom"},{"floor":26.0,"key":"Boot"},{"floor":27.0,"key":"Red Mask"},{"floor":31.0,"key":"Vajra"},{"floor":43.0,"key":"War Paint"},{"floor":44.0,"key":"InkBottle"},{"floor":48.0,"key":"Art of War"}],"event_choices":[{"cards_removed":["Defend_R"],"damage_healed":0.0,"max_hp_gain":0.0,"max_hp_loss":0.0,"gold_gain":0.0,"event_name":"The Cleric","player_choice":"Card Removal","floor":2.0,"gold_loss":50.0,"damage_taken":0.0},{"damage_healed":0.0,"max_hp_gain":0.0,"max_hp_loss":0.0,"gold_gain":0.0,"event_name":"Scrap Ooze","player_choice":"Success","floor":3.0,"gold_loss":0.0,"damage_taken":7.0,"relics_obtained":["HornCleat"]},{"damage_healed":0.0,"max_hp_gain":0.0,"max_hp_loss":0.0,"gold_gain":0.0,"event_name":"The Woman in Blue","player_choice":"Bought 1 Potion","floor":5.0,"gold_loss":0.0,"damage_taken":0.0},{"damage_healed":0.0,"max_hp_gain":0.0,"max_hp_loss":0.0,"gold_gain":0.0,"cards_transformed":["Strike_R"],"event_name":"Living Wall","player_choice":"Change","floor":12.0,"gold_loss":0.0,"damage_taken":0.0,"cards_obtained":["Fiend Fire"]},{"damage_healed":0.0,"max_hp_gain":0.0,"max_hp_loss":0.0,"gold_gain":0.0,"event_name":"Mushrooms","player_choice":"Fought Mushrooms","floor":14.0,"gold_loss":0.0,"damage_taken":0.0},{"damage_healed":0.0,"max_hp_gain":0.0,"max_hp_loss":0.0,"gold_gain":0.0,"event_name":"Upgrade Shrine","player_choice":"Upgraded","floor":19.0,"gold_loss":0.0,"damage_taken":0.0,"cards_upgraded":["Sword Boomerang"]},{"cards_removed":["Fiend Fire"],"damage_healed":0.0,"max_hp_gain":0.0,"max_hp_loss":0.0,"gold_gain":0.0,"event_name":"Beggar","player_choice":"Gave Gold","floor":22.0,"gold_loss":75.0,"damage_taken":0.0},{"damage_healed":0.0,"max_hp_gain":0.0,"max_hp_loss":0.0,"gold_gain":0.0,"event_name":"Masked Bandits","player_choice":"Fought Bandits","floor":27.0,"gold_loss":0.0,"damage_taken":0.0},{"damage_healed":0.0,"max_hp_gain":0.0,"max_hp_loss":0.0,"gold_gain":0.0,"event_name":"The Library","player_choice":"Read","floor":28.0,"gold_loss":0.0,"damage_taken":0.0,"cards_obtained":["Demon Form"]},{"damage_healed":0.0,"max_hp_gain":0.0,"max_hp_loss":0.0,"gold_gain":0.0,"cards_transformed":["Strike_R"],"event_name":"Transmorgrifier","player_choice":"Transformed","floor":36.0,"gold_loss":0.0,"damage_taken":0.0,"cards_obtained":["Infernal Blade"]}],"is_beta":false,"boss_relics":[{"not_picked":["Black Star","Calling Bell"],"picked":"Tiny House"},{"not_picked":["Runic Dome","Pandora\u0027s Box"],"picked":"Philosopher\u0027s Stone"}],"items_purged_floors":[29,46],"is_endless":false,"potions_floor_spawned":[4,8,11,18,21,24,31,41,44,45],"ascension_level":0}}