{"host":"81h68oe4mr04pk3r","time":1613455972,"event":{"mods":["Act Like it!","Aspiration","BaseMod","BetterRewards","Colored Map","Colored Powertips","Conspire","Downfall","Gensokyo","Hallownest","Hermit","Hubris","Infinite Spire","Jorbs\u0027s Wanderer Trilogy","Koishi","Lobotomy","LobotomyExtend","Marisa????????","Minty Spire (QoL Compilation)","Quick Restart","Reimu??????","Remilia??????","StSLib","The Bug Knight","The Construct","The Cursed","The Disciple","The Servant 0.9.4"],"gold_per_floor":[219,219,29,29,43,72,72,100,180,195,206,221,20,20,20,119,119,136,27,27,45,45,45],"floor_reached":22,"language":"ENG","playtime":784,"items_purged":[],"score":194,"play_id":"194eb25f-6f96-4791-afff-9e60405facb9","local_time":"20210215221252","is_ascension_mode":false,"campfire_choices":[{"floor":7,"key":"REST"},{"floor":15,"key":"REST"}],"circlet_count":0,"master_deck":["Strike_MRS","Strike_MRS","Strike_MRS","Strike_MRS","Defend_MRS","Defend_MRS","Defend_MRS","Defend_MRS","MasterSpark","GasGiant","Gensokyo:TekeTeke","MilkyWay","ShootingEcho","ChargingUp","MilkyWay","MillisecondPulsars","GalacticHalo","MillisecondPulsars","Gensokyo:TarnishedGold","Gensokyo:BlemishedSteel","BlazingStar","AsteroidBelt"],"relics":["BewitchedHakkero","LetterFromLob","Mastiff:ReiMu","hubris:GlazedTorus","Singing Bowl"],"acts_visited":["Gensokyo:Gensokyo","Gensokyo:Gensokyoer"],"potions_floor_usage":[16,16,22],"damage_taken":[{"damage":4,"enemies":"Gensokyo:2_Kodama","floor":1,"turns":3},{"damage":7,"enemies":"Gensokyo:Gryphon","floor":5,"turns":3},{"damage":20,"enemies":"Gensokyo:Aya","floor":6,"turns":6},{"damage":10,"enemies":"Gensokyo:Cirno","floor":8,"turns":5},{"damage":6,"enemies":"Gensokyo:Python","floor":10,"turns":3},{"damage":9,"enemies":"Gensokyo:Gryphon_and_Rabbit","floor":11,"turns":4},{"damage":0,"enemies":"Gensokyo:LivingMonolith","floor":12,"turns":3},{"damage":23,"enemies":"Gensokyo:Yukari","floor":16,"turns":9},{"damage":36,"enemies":"Gensokyo:2_Gloops","floor":18,"turns":6},{"damage":35,"enemies":"Gensokyo:CosmicMonolith","floor":21,"turns":5},{"damage":12,"enemies":"Gensokyo:Swordslinger","floor":22,"turns":4}],"seed_played":"2824971935462568996","potions_obtained":[{"floor":1,"key":"Dexterity Potion"},{"floor":6,"key":"Energy Potion"},{"floor":10,"key":"EssenceOfSteel"},{"floor":18,"key":"Explosive Potion"},{"floor":21,"key":"GamblersBrew"}],"is_trial":false,"path_per_floor":["M","$","COS","?","M","E","R","E","T","M","M","M","$","?","R","B",null,"M","COS","?","M","M"],"character_chosen":"MARISA","items_purchased":["MillisecondPulsars","GalacticHalo"],"campfire_rested":2,"item_purchase_floors":[13,13],"current_hp_per_floor":[71,71,71,75,68,48,70,60,60,54,47,49,49,42,65,42,79,45,45,45,10,0,0],"gold":45,"neow_bonus":"HUNDRED_GOLD","is_daily":false,"chose_seed":false,"campfire_upgraded":0,"win_rate":0.0,"timestamp":1613455972,"path_taken":["M","?","COS","?","?","E","R","E","T","M","M","M","$","?","R","BOSS","M","COS","?","M","M"],"items_purchased_type":["Card","Card"],"build_version":"2020-12-22","purchased_purges":0,"victory":false,"max_hp_per_floor":[75,75,75,75,75,75,75,75,75,75,77,79,79,79,79,79,79,81,81,81,81,81,81],"card_choices":[{"not_picked":["LuminesStrike","GalacticHalo"],"picked":"GasGiant","floor":1},{"not_picked":["StarBarrage","GrandCross"],"picked":"MilkyWay","floor":5},{"not_picked":["Occultation","DC"],"picked":"ShootingEcho","floor":6},{"not_picked":["MysteriousBeam","DragonMeteor"],"picked":"ChargingUp","floor":8},{"not_picked":["ShootingEcho","Acceleration"],"picked":"MilkyWay","floor":10},{"not_picked":["Occultation","Orbital","SporeBomb"],"picked":"Singing Bowl","floor":11},{"not_picked":["DeepEcoloBomb","DoubleSpark","NonDirectionalLaser"],"picked":"Singing Bowl","floor":12},{"not_picked":["ManaRampage","SatelliteIllusion"],"picked":"MillisecondPulsars","floor":16},{"not_picked":["LuminesStrike+1","MysteriousBeam+1","OortCloud"],"picked":"Singing Bowl","floor":18},{"not_picked":["IllusionStar","WitchOfGreed"],"picked":"AsteroidBelt","floor":21}],"player_experience":239010,"relics_obtained":[{"floor":1,"key":"LetterFromLob"},{"floor":6,"key":"Mastiff:ReiMu"},{"floor":8,"key":"hubris:GlazedTorus"},{"floor":9,"key":"Singing Bowl"}],"event_choices":[],"is_beta":false,"boss_relics":[{"not_picked":["conspire:SeveredTorchhead","conspire:RunicOctahedron"],"picked":"BewitchedHakkero"}],"items_purged_floors":[],"is_endless":false,"potions_floor_spawned":[1,6,10,12,18,21],"killed_by":"Gensokyo:Swordslinger","ascension_level":0}}