{"host":"tzwikg9s6mkzv6w0","time":1613480141,"event":{"mods":["BaseMod","Good Game Mod","Minty Spire (QoL Compilation)","Spicy Shops","StSLib"],"gold_per_floor":[113,113,113,132,132,132,162,162,242,257,257,273,8,20,20,120,170,188,78,153,169,53,53,53],"floor_reached":23,"language":"ZHS","playtime":649,"items_purged":["Strike_B","Strike_B"],"score":208,"play_id":"8d82acc8-3067-4963-99bd-30f5802dfeb0","local_time":"20210216205541","is_ascension_mode":true,"campfire_choices":[{"data":"Apotheosis","floor":6.0,"key":"SMITH"},{"floor":8.0,"key":"RECALL"},{"data":"Defragment","floor":11.0,"key":"SMITH"},{"data":"Defragment","floor":15.0,"key":"SMITH"}],"circlet_count":0,"master_deck":["Strike_B","Defend_B","Defend_B","Defend_B","Defend_B","Zap","Dualcast","Apotheosis+1","Cold Snap","Go for the Eyes","Double Energy+1","Defragment+1","Defragment+1","Heatsinks+1","Fission+1","Turbo+1","Coolheaded+1","Consume+1","Amplify+1"],"relics":["REME:ComplimentaryCards","Inserter","Bag of Marbles","Toxic Egg 2","The Courier","Runic Capacitor","ClockworkSouvenir","Tiny House","Medical Kit"],"acts_visited":["Exordium","TheCity"],"potions_floor_usage":[23,23],"damage_taken":[{"damage":5.0,"enemies":"Small Slimes","floor":1.0,"turns":6.0},{"damage":7.0,"enemies":"2 Louse","floor":4.0,"turns":3.0},{"damage":7.0,"enemies":"Lagavulin","floor":7.0,"turns":8.0},{"damage":0.0,"enemies":"Jaw Worm","floor":10.0,"turns":3.0},{"damage":6.0,"enemies":"Lots of Slimes","floor":12.0,"turns":2.0},{"damage":2.0,"enemies":"3 Louse","floor":14.0,"turns":3.0},{"damage":12.0,"enemies":"Hexaghost","floor":16.0,"turns":8.0},{"damage":0.0,"enemies":"Chosen","floor":18.0,"turns":7.0},{"damage":11.0,"enemies":"Spheric Guardian","floor":21.0,"turns":8.0},{"damage":61,"enemies":"Slavers","floor":23,"turns":5}],"seed_played":"-4453699508309448630","potions_obtained":[{"floor":1.0,"key":"Block Potion"},{"floor":7.0,"key":"Explosive Potion"},{"floor":12.0,"key":"Energy Potion"},{"floor":14.0,"key":"Strength Potion"},{"floor":17.0,"key":"Weak Potion"},{"floor":21.0,"key":"FearPotion"}],"is_trial":false,"path_per_floor":["M","?","?","M","?","R","E","R","T","M","R","M","$","M","R","B",null,"M","$","?","M","$","E"],"character_chosen":"DEFECT","items_purchased":["Runic Capacitor","Defragment","ClockworkSouvenir","Consume+1","Medical Kit"],"campfire_rested":0,"item_purchase_floors":[13,13,13,19,22],"current_hp_per_floor":[70,63,60,53,53,53,46,46,46,46,46,40,40,38,38,26,80,80,80,72,61,61,0,0],"gold":53,"neow_bonus":"BOSS_RELIC","is_daily":false,"chose_seed":false,"campfire_upgraded":3,"win_rate":0.0,"timestamp":1613480141,"path_taken":["M","?","?","M","?","R","E","R","T","?","R","M","$","M","R","BOSS","M","?","?","M","$","E"],"items_purchased_type":["Relic","Card","Relic","Card","Relic"],"build_version":"2020-12-22","purchased_purges":2,"victory":false,"max_hp_per_floor":[75,75,75,75,75,75,75,75,75,75,75,75,75,75,75,75,80,80,80,80,80,80,80,80],"card_choices":[{"not_picked":["Barrage","Streamline"],"picked":"Cold Snap","floor":1.0},{"not_picked":["Sweeping Beam","Stack"],"picked":"Go for the Eyes","floor":4.0},{"not_picked":["Loop","FTL"],"picked":"Double Energy+1","floor":7.0},{"not_picked":["Barrage","Force Field+1"],"picked":"Defragment","floor":10.0},{"not_picked":["Go for the Eyes","Steam+1","Scrape"],"picked":"SKIP","floor":12.0},{"not_picked":["Go for the Eyes","Steam+1","Scrape"],"picked":"SKIP","floor":12.0},{"not_picked":["FTL","Blizzard"],"picked":"Heatsinks","floor":14.0},{"not_picked":["Thunder Strike","Machine Learning"],"picked":"Fission+1","floor":16.0},{"not_picked":["Cold Snap","Go for the Eyes"],"picked":"Turbo+1","floor":17.0},{"not_picked":["Self Repair","Go for the Eyes"],"picked":"Coolheaded+1","floor":18.0},{"not_picked":["Defragment","Stack+1"],"picked":"Amplify+1","floor":21.0}],"player_experience":98133,"relics_obtained":[{"floor":7.0,"key":"Toxic Egg 2"},{"floor":9.0,"key":"The Courier"}],"event_choices":[{"cards_removed":["Strike_B"],"damage_healed":0.0,"max_hp_gain":0.0,"max_hp_loss":0.0,"gold_gain":0.0,"event_name":"Golden Wing","player_choice":"Card Removal","floor":2.0,"gold_loss":0.0,"damage_taken":7.0},{"damage_healed":0.0,"max_hp_gain":0.0,"max_hp_loss":0.0,"gold_gain":0.0,"event_name":"Scrap Ooze","player_choice":"Success","floor":3.0,"gold_loss":0.0,"damage_taken":3.0,"relics_obtained":["Bag of Marbles"]},{"damage_healed":0.0,"max_hp_gain":0.0,"max_hp_loss":0.0,"gold_gain":0.0,"event_name":"Liars Game","player_choice":"Ignored","floor":5.0,"gold_loss":0.0,"damage_taken":0.0},{"damage_healed":0.0,"max_hp_gain":0.0,"max_hp_loss":0.0,"gold_gain":75.0,"event_name":"FaceTrader","player_choice":"Touch","floor":20.0,"gold_loss":0.0,"damage_taken":8.0}],"is_beta":false,"boss_relics":[{"not_picked":["Calling Bell","Sozu"],"picked":"Tiny House"}],"items_purged_floors":[13,19],"is_endless":false,"potions_floor_spawned":[1,7,12,14,21],"killed_by":"Slavers","ascension_level":2}}