{"host":"kbjkhl8b8ylq2ux5","time":1613439844,"event":{"mods":["BaseMod","Colored Map","Colored Powertips","Downfall","Highlight Path","Ironclad Rager","Minty Spire (QoL Compilation)","Quick Restart","Random Character Button","StSLib","SuperFastMode"],"gold_per_floor":[116,132,149,37,37,71,89,119,119,44,44,44,58,91,91,195,195,214,114,126,141,154,154,168,168,243,99,99,116,116,133,133,237,237,248,18,28,44,44,44,44],"floor_reached":39,"language":"ENG","playtime":2898,"items_purged":["Slimebound:Tackle","Slimebound:Strike_Slimebound"],"score":455,"play_id":"0f4c25a5-399a-4e10-b421-53622c0ef5cb","local_time":"20210215204404","is_ascension_mode":false,"campfire_choices":[{"floor":11,"key":"REST"},{"floor":15,"key":"RECALL"},{"floor":23,"key":"REST"},{"data":"Slimebound:CorrosiveSpit","floor":25,"key":"SMITH"},{"data":"Slimebound:SlimeSlap","floor":30,"key":"SMITH"},{"data":"Slimebound:GoopSpray","floor":32,"key":"SMITH"}],"circlet_count":0,"master_deck":["Slimebound:Defend_Slimebound+1","Slimebound:Defend_Slimebound+1","Slimebound:Defend_Slimebound","Slimebound:Defend_Slimebound","Slimebound:Split","Slimebound:CorrosiveSpit+1","Slimebound:LevelUp","Slimebound:GoopSpray","Slimebound:MegaLick","Slimebound:GrowthPunch","Slimebound:LevelUp","Slimebound:LeechEnergy","Slimebound:LeechingTouch","Slimebound:SlimeSlap+1","Slimebound:Teamwork","Slimebound:SamplingLick+1","Slimebound:GoopSpray+1","Slimebound:Schlurp+1","Slimebound:SlimeSlap","Slimebound:AcidTongue","Slimebound:SamplingLick+1","Slimebound:Schlurp+1"],"relics":["Slimebound:AbsorbEndCombat","NeowsBlessing","Ice Cream","Nunchaku","Kunai","Strawberry","Pen Nib","Empty Cage","Pear","War Paint","Regal Pillow"],"acts_visited":["Exordium","TheCity","TheBeyond"],"potions_floor_usage":[8,13,14,16,33],"damage_taken":[{"damage":0,"enemies":"Small Slimes","floor":1,"turns":1},{"damage":0,"enemies":"Jaw Worm","floor":2,"turns":1},{"damage":0,"enemies":"Cultist","floor":3,"turns":1},{"damage":24,"enemies":"3 Sentries","floor":6,"turns":11},{"damage":14,"enemies":"Lots of Slimes","floor":7,"turns":3},{"damage":25,"enemies":"Gremlin Nob","floor":8,"turns":5},{"damage":3,"enemies":"Gremlin Gang","floor":13,"turns":4},{"damage":9,"enemies":"3 Sentries","floor":14,"turns":8},{"damage":30,"enemies":"Slime Boss","floor":16,"turns":6},{"damage":9,"enemies":"Shell Parasite","floor":18,"turns":9},{"damage":5,"enemies":"Chosen","floor":20,"turns":6},{"damage":38,"enemies":"3 Cultists","floor":21,"turns":7},{"damage":27,"enemies":"Shelled Parasite and Fungi","floor":22,"turns":9},{"damage":12,"enemies":"Snake Plant","floor":24,"turns":6},{"damage":1,"enemies":"Snecko","floor":29,"turns":8},{"damage":5,"enemies":"3 Cultists","floor":31,"turns":6},{"damage":18,"enemies":"Champ","floor":33,"turns":9},{"damage":23,"enemies":"3 Darklings","floor":35,"turns":9},{"damage":5,"enemies":"3 Shapes","floor":37,"turns":8},{"damage":26,"enemies":"Jaw Worm Horde","floor":38,"turns":6},{"damage":66,"enemies":"4 Shapes","floor":39,"turns":3}],"seed_played":"50906177720188392","potions_obtained":[{"floor":1,"key":"Slimebound:SpawnSlimePotion"},{"floor":6,"key":"BlessingOfTheForge"},{"floor":7,"key":"SteroidPotion"},{"floor":14,"key":"champ:CounterPotion"},{"floor":16,"key":"Strength Potion"},{"floor":20,"key":"champ:CounterPotion"},{"floor":22,"key":"Slimebound:SlimyTonguePotion"},{"floor":33,"key":"Weak Potion"}],"is_trial":false,"path_per_floor":["M","M","M","$","?","E","M","E","T","$","R","T","M","E","R","B",null,"M","$","M","M","M","R","M","R","T","$","?","M","R","M","R","B",null,"M","$","M","M","M"],"character_chosen":"SLIMEBOUND","items_purchased":["Slimebound:MegaLick","Slimebound:GrowthPunch","War Paint","Slimebound:AcidTongue","Regal Pillow"],"campfire_rested":2,"item_purchase_floors":[4,4,27,36,36],"current_hp_per_floor":[65,65,65,65,58,42,36,11,11,11,30,37,42,41,41,17,72,67,67,68,36,17,38,34,34,44,44,44,51,51,54,54,44,82,65,65,68,50,0,0,0],"gold":44,"neow_bonus":"THREE_ENEMY_KILL","is_daily":false,"chose_seed":false,"campfire_upgraded":3,"win_rate":0.0,"timestamp":1613439844,"path_taken":["M","M","M","$","?","E","M","E","T","?","R","?","?","E","R","BOSS","M","?","M","M","M","R","?","R","T","$","?","M","R","M","R","BOSS","M","$","M","M","M"],"items_purchased_type":["Card","Card","Relic","Card","Relic"],"build_version":"2020-12-22","purchased_purges":2,"victory":false,"max_hp_per_floor":[65,65,65,65,65,65,65,65,65,65,65,72,72,72,72,72,72,72,72,72,72,72,72,72,72,82,82,82,82,82,82,82,82,82,82,82,82,82,82,82,82],"card_choices":[{"not_picked":["Slimebound:Dissolve","Slimebound:Nibble","Slimebound:GoopTackle"],"picked":"SKIP","floor":1},{"not_picked":["Slimebound:ItLooksTasty","Slimebound:RainOfGoop"],"picked":"Slimebound:LevelUp","floor":2},{"not_picked":["Slimebound:BestDefense","Slimebound:ComboTackle"],"picked":"Slimebound:GoopSpray","floor":3},{"not_picked":["Slimebound:Prepare","Slimebound:ComboTackle","Slimebound:SplitAcid"],"picked":"SKIP","floor":6},{"not_picked":["Slimebound:SplitAcid","Slimebound:Dissolve"],"picked":"Slimebound:LevelUp","floor":7},{"not_picked":["Slimebound:SplitLeeching","Slimebound:SelfFormingGoo"],"picked":"Slimebound:LeechEnergy","floor":8},{"not_picked":["Slimebound:GoopSpray","Slimebound:BestDefense"],"picked":"Slimebound:LeechingTouch","floor":13},{"not_picked":["Slimebound:Schlurp","Slimebound:Equalize"],"picked":"Slimebound:SlimeSlap","floor":14},{"not_picked":["Slimebound:WasteNot","Slimebound:Overexert"],"picked":"Slimebound:Teamwork","floor":16},{"not_picked":["Slimebound:Schlurp","Slimebound:SplitAcid+1"],"picked":"Slimebound:SamplingLick+1","floor":18},{"not_picked":["Slimebound:LeechingTouch","Slimebound:GoopTackle+1","Slimebound:FormOfPuddle"],"picked":"SKIP","floor":20},{"not_picked":["Slimebound:ProtectTheBoss","Slimebound:LeechingTouch+1"],"picked":"Slimebound:GoopSpray","floor":21},{"not_picked":["Slimebound:MassRepurpose","Slimebound:TongueLash","Slimebound:LeadByExample"],"picked":"SKIP","floor":22},{"not_picked":["Slimebound:Prepare","Slimebound:HauntingLick","Slimebound:ItLooksTasty+1"],"picked":"SKIP","floor":24},{"not_picked":["Slimebound:Prepare","Slimebound:LeechingTouch+1","Slimebound:FlameTackle"],"picked":"SKIP","floor":29},{"not_picked":["Slimebound:ForwardTackle","Slimebound:SamplingLick+1"],"picked":"Slimebound:Schlurp+1","floor":31},{"not_picked":["Slimebound:MassRepurpose","Slimebound:MassFeed"],"picked":"Slimebound:SlimeSlap","floor":33},{"not_picked":["Slimebound:GoopTackle+1","Slimebound:BestDefense","Slimebound:Chomp"],"picked":"SKIP","floor":35},{"not_picked":["Slimebound:Nibble","Slimebound:LeechEnergy+1"],"picked":"Slimebound:SamplingLick+1","floor":37},{"not_picked":["Slimebound:GoopTackle+1","Slimebound:SplitBruiser"],"picked":"Slimebound:Schlurp+1","floor":38}],"player_experience":127598,"relics_obtained":[{"floor":6,"key":"Nunchaku"},{"floor":8,"key":"Kunai"},{"floor":12,"key":"Strawberry"},{"floor":14,"key":"Pen Nib"},{"floor":26,"key":"Pear"}],"event_choices":[{"damage_healed":0,"gold_gain":0,"player_choice":"Success","damage_taken":7,"relics_obtained":["Ice Cream"],"max_hp_gain":0,"max_hp_loss":0,"event_name":"Scrap Ooze","floor":5,"gold_loss":0}],"is_beta":false,"boss_relics":[{"not_picked":["Velvet Choker","Fusion Hammer"],"picked":"Empty Cage"},{"not_picked":["Snecko Eye","bronze:MakeshiftBattery","Coffee Dripper"]}],"items_purged_floors":[10,19],"is_endless":false,"potions_floor_spawned":[1,6,7,14,16,20,22,24,29,33,35],"killed_by":"4 Shapes","ascension_level":0}}