{"host":"mg6qqnp83j5r6p2r","time":1613440851,"event":{"mods":["Alarm Clock","BaseMod","Block Reminder","Colored Map","Colored Powertips","Dark Map","Highlight Path","Minty Spire (QoL Compilation)","Random Character Button","Rare Cards Sparkle","Relic Sorter","Relic Stats","StSLib"],"gold_per_floor":[112,129,129,129,129,157,157,169,169,185,197,211,211,236,236,332,332,347,126,143,28,45,76,76,76,76,99,34,45,78,78,78],"floor_reached":31,"language":"ENG","playtime":2653,"items_purged":["Strike_G"],"score":332,"play_id":"68217e87-f685-40b9-a48a-762dc496a4b2","local_time":"20210215200051","is_ascension_mode":true,"campfire_choices":[{"data":"Neutralize","floor":7.0,"key":"SMITH"},{"floor":13.0,"key":"REST"},{"floor":15.0,"key":"REST"},{"floor":25,"key":"REST"}],"circlet_count":0,"master_deck":["Strike_G","Strike_G","Strike_G","Strike_G+1","Defend_G","Defend_G+1","Defend_G","Defend_G","Survivor","Neutralize+1","Deflect","Footwork","Finisher","Slice","Skewer","Flying Knee","Caltrops+1","Dagger Spray","Wraith Form v2+1","Caltrops+1","Backstab","Night Terror","Deflect","Noxious Fumes+1","Envenom+1"],"relics":["Ring of the Snake","Dead Branch","Frozen Egg 2","Bag of Marbles","Runic Pyramid","Medical Kit","Vajra","MawBank","Singing Bowl"],"acts_visited":["Exordium","TheCity"],"potions_floor_usage":[27,30],"damage_taken":[{"damage":0.0,"enemies":"2 Louse","floor":1.0,"turns":2.0},{"damage":4.0,"enemies":"Jaw Worm","floor":2.0,"turns":6.0},{"damage":15.0,"enemies":"Lagavulin","floor":6.0,"turns":7.0},{"damage":0.0,"enemies":"Cultist","floor":8.0,"turns":3.0},{"damage":3.0,"enemies":"Exordium Thugs","floor":10.0,"turns":5.0},{"damage":32.0,"enemies":"Gremlin Gang","floor":11.0,"turns":5.0},{"damage":8.0,"enemies":"3 Louse","floor":12.0,"turns":4.0},{"damage":40.0,"enemies":"The Guardian","floor":16.0,"turns":12.0},{"damage":15.0,"enemies":"2 Thieves","floor":18.0,"turns":5.0},{"damage":2.0,"enemies":"3 Byrds","floor":20.0,"turns":4.0},{"damage":15.0,"enemies":"Snake Plant","floor":22.0,"turns":3.0},{"damage":30,"enemies":"Slavers","floor":23,"turns":4},{"damage":0,"enemies":"Snecko","floor":27,"turns":4},{"damage":13,"enemies":"3 Cultists","floor":29,"turns":7},{"damage":2,"enemies":"Book of Stabbing","floor":30,"turns":5},{"damage":4,"enemies":"Chosen and Byrds","floor":31,"turns":4}],"seed_played":"-2095026006313984497","potions_obtained":[{"floor":1.0,"key":"PowerPotion"},{"floor":2.0,"key":"DistilledChaos"},{"floor":8.0,"key":"FairyPotion"},{"floor":11.0,"key":"SkillPotion"},{"floor":18.0,"key":"SkillPotion"},{"floor":20.0,"key":"Strength Potion"},{"floor":23,"key":"Swift Potion"},{"floor":24,"key":"EntropicBrew"},{"floor":24,"key":"DuplicationPotion"},{"floor":24,"key":"AttackPotion"},{"floor":29,"key":"Explosive Potion"}],"is_trial":false,"path_per_floor":["M","M","$","?","?","E","R","M","T","M","M","M","R","T","R","B",null,"M","$","M","$","M","E","?","R","T","M","$","M","E","M"],"character_chosen":"THE_SILENT","items_purchased":["Medical Kit","Caltrops+1","Backstab","Noxious Fumes+1"],"campfire_rested":3,"item_purchase_floors":[19,21,21,28],"current_hp_per_floor":[63,59,59,46,46,31,31,31,31,28,18,10,28,28,46,6,63,48,48,46,46,31,1,1,19,19,19,19,6,4,0,0],"gold":78,"neow_bonus":"ONE_RARE_RELIC","is_daily":false,"chose_seed":false,"campfire_upgraded":1,"win_rate":0.0,"timestamp":1613440851,"path_taken":["M","M","$","?","?","E","R","M","T","M","?","M","R","?","R","BOSS","M","$","M","$","?","E","?","R","T","M","$","?","E","M"],"items_purchased_type":["Relic","Card","Card","Card"],"build_version":"2020-12-22","purchased_purges":1,"victory":false,"max_hp_per_floor":[63,63,63,63,63,63,63,63,63,63,63,63,63,63,63,63,63,63,63,63,63,63,63,63,63,63,63,63,63,63,63,63],"relic_stats":{"Singing Bowl":0,"counters":[16,80],"Dead Branch":[9],"Medical Kit":[0],"MawBank":24,"obtain_stats":[{"Singing Bowl":30,"Dead Branch":0,"Vajra":23,"Bag of Marbles":14,"Frozen Egg 2":6,"Medical Kit":19,"MawBank":26,"Ring of the Snake":0,"Runic Pyramid":17},{"Singing Bowl":15,"Dead Branch":0,"Vajra":12,"Bag of Marbles":7,"Frozen Egg 2":3,"Medical Kit":9,"MawBank":12,"Ring of the Snake":0,"Runic Pyramid":8},{"Singing Bowl":76,"Dead Branch":0,"Vajra":60,"Bag of Marbles":32,"Frozen Egg 2":15,"Medical Kit":49,"MawBank":60,"Ring of the Snake":0,"Runic Pyramid":44}],"Ring of the Snake":[32]},"card_choices":[{"not_picked":["Outmaneuver","Quick Slash"],"picked":"Deflect","floor":1.0},{"not_picked":["Endless Agony","Sucker Punch"],"picked":"Footwork","floor":2.0},{"not_picked":["Sucker Punch","Choke"],"picked":"Slice","floor":6.0},{"not_picked":["All Out Attack","Bouncing Flask"],"picked":"Skewer","floor":8.0},{"not_picked":["Bane","Distraction"],"picked":"Flying Knee","floor":10.0},{"not_picked":["Deflect","Die Die Die"],"picked":"Caltrops+1","floor":11.0},{"not_picked":["Prepared","Choke"],"picked":"Dagger Spray","floor":12.0},{"not_picked":["Envenom+1","Venomology"],"picked":"Wraith Form v2+1","floor":16.0},{"not_picked":["Masterful Stab","Heel Hook","Outmaneuver"],"picked":"SKIP","floor":18.0},{"not_picked":["Distraction","Bane","Outmaneuver+1"],"picked":"SKIP","floor":20.0},{"not_picked":["Backflip","Slice"],"picked":"Night Terror","floor":22.0},{"not_picked":["Dagger Throw","Deflect","Finisher"],"picked":"SKIP","floor":23},{"not_picked":["Well Laid Plans+1","Poisoned Stab"],"picked":"Deflect","floor":27},{"not_picked":["Acrobatics","Setup+1","Bane+1"],"picked":"SKIP","floor":29},{"not_picked":["Escape Plan+1","Finisher"],"picked":"Envenom+1","floor":30}],"player_experience":254052,"relics_obtained":[{"floor":6.0,"key":"Frozen Egg 2"},{"floor":14.0,"key":"Bag of Marbles"},{"floor":23,"key":"Vajra"},{"floor":26,"key":"MawBank"},{"floor":30,"key":"Singing Bowl"}],"event_choices":[{"damage_healed":0.0,"max_hp_gain":0.0,"max_hp_loss":0.0,"gold_gain":0.0,"event_name":"Shining Light","player_choice":"Entered Light","floor":4.0,"gold_loss":0.0,"damage_taken":13.0,"cards_upgraded":["Strike_G","Defend_G"]},{"damage_healed":0.0,"max_hp_gain":0.0,"max_hp_loss":0.0,"gold_gain":0.0,"cards_transformed":["Defend_G"],"event_name":"Transmorgrifier","player_choice":"Transformed","floor":5.0,"gold_loss":0.0,"damage_taken":0.0,"cards_obtained":["Finisher"]},{"damage_healed":0,"gold_gain":0,"player_choice":"Got Potions","damage_taken":0,"max_hp_gain":0,"max_hp_loss":0,"event_name":"Lab","floor":24,"gold_loss":0}],"is_beta":false,"boss_relics":[{"not_picked":["SlaversCollar","HoveringKite"],"picked":"Runic Pyramid"}],"items_purged_floors":[19],"is_endless":false,"potions_floor_spawned":[1,2,8,11,18,20,23,29],"killed_by":"Chosen and Byrds","ascension_level":4}}