{"host":"p0hktren06injwdf","time":1613437501,"event":{"mods":["AchievementEnabler","BaseMod","Colored Map","DeckTracker","Minty Spire (QoL Compilation)","Permanent Neow","StSLib","SuperFastMode"],"gold_per_floor":[138,173,210,210,210,210,251,251,251,316,401,401,401,158,158,257,257,306,356,356,356,379,379,423,423,478,234,275,61,61,109,109,199,199,215,215,236,73,73,73,73,111,111,111,111],"floor_reached":44,"language":"KOR","playtime":832,"items_purged":["Strike_G","Strike_G"],"score":908,"play_id":"7eb72639-8551-4435-aa04-9bf1fb8f1c4a","local_time":"20210216100501","is_ascension_mode":true,"campfire_choices":[{"data":"HandOfGreed","floor":6.0,"key":"SMITH"},{"data":"Terror","floor":8.0,"key":"SMITH"},{"data":"Bouncing Flask","floor":15.0,"key":"SMITH"},{"data":"Blade Dance","floor":23.0,"key":"SMITH"},{"data":"Malaise","floor":25,"key":"SMITH"},{"data":"Footwork","floor":30,"key":"SMITH"},{"floor":32,"key":"REST"},{"floor":40,"key":"REST"}],"circlet_count":0,"master_deck":["AscendersBane","Strike_G","Strike_G","Defend_G","Defend_G","Defend_G","Defend_G","Survivor","Neutralize","HandOfGreed+1","All Out Attack","Deadly Poison","Tactician","Escape Plan","Terror+1","Blade Dance+1","Footwork+1","Bouncing Flask+1","Malaise+1","Escape Plan","PiercingWail+1","Backflip","Bandage Up","Reflex","Cloak And Dagger+1","Blade Dance","A Thousand Cuts+1","Footwork+1","Acrobatics","Footwork"],"relics":["Ring of the Snake","Ninja Scroll","Bottled Lightning","Golden Idol","WristBlade","Nunchaku","Pen Nib","Cursed Key","Chemical X","Oddly Smooth Stone"],"acts_visited":["Exordium","TheCity","TheBeyond"],"potions_floor_usage":[33,33,42],"damage_taken":[{"damage":3.0,"enemies":"2 Louse","floor":1.0,"turns":4.0},{"damage":2.0,"enemies":"Jaw Worm","floor":2.0,"turns":4.0},{"damage":0.0,"enemies":"Cultist","floor":3.0,"turns":3.0},{"damage":0.0,"enemies":"Looter","floor":7.0,"turns":2.0},{"damage":4.0,"enemies":"Exordium Thugs","floor":10.0,"turns":4.0},{"damage":25.0,"enemies":"3 Sentries","floor":11.0,"turns":8.0},{"damage":21.0,"enemies":"Hexaghost","floor":16.0,"turns":7.0},{"damage":0.0,"enemies":"Spheric Guardian","floor":18.0,"turns":3.0},{"damage":4.0,"enemies":"3 Byrds","floor":19.0,"turns":5.0},{"damage":1.0,"enemies":"Centurion and Healer","floor":22.0,"turns":6.0},{"damage":10.0,"enemies":"Book of Stabbing","floor":24.0,"turns":4.0},{"damage":4,"enemies":"3 Cultists","floor":28,"turns":4},{"damage":0,"enemies":"Sentry and Sphere","floor":31,"turns":3},{"damage":53,"enemies":"Automaton","floor":33,"turns":11},{"damage":0,"enemies":"Orb Walker","floor":35,"turns":2},{"damage":27,"enemies":"3 Darklings","floor":37,"turns":3},{"damage":22,"enemies":"Reptomancer","floor":42,"turns":5},{"damage":11,"enemies":"Spire Growth","floor":44,"turns":3}],"seed_played":"-2565551541405450177","potions_obtained":[{"floor":2.0,"key":"SpeedPotion"},{"floor":11.0,"key":"Fruit Juice"},{"floor":16.0,"key":"Block Potion"},{"floor":24,"key":"EssenceOfSteel"},{"floor":33,"key":"BlessingOfTheForge"},{"floor":37,"key":"LiquidMemories"}],"is_trial":false,"path_per_floor":["M","M","M","?","?","R","M","R","T","M","E","?","?","$","R","B",null,"M","M","?","?","M","R","E","R","T","$","M","$","R","M","R","B",null,"M","?","M","$","?","R","?","E","T","M"],"character_chosen":"THE_SILENT","items_purchased":["Footwork","Bouncing Flask","Bandage Up","Reflex","Pen Nib","Blade Dance","Chemical X"],"campfire_rested":2,"item_purchase_floors":[14,14,27,27,29,29,38],"current_hp_per_floor":[41,39,39,39,39,39,39,39,39,35,15,15,36,36,36,15,52,52,48,48,48,47,47,37,37,37,37,37,37,37,37,56,7,50,54,54,31,31,31,49,49,31,31,20,20],"gold":111,"neow_bonus":"RANDOM_COLORLESS_2","is_daily":false,"chose_seed":false,"campfire_upgraded":6,"win_rate":0.0,"timestamp":1613437501,"path_taken":["M","M","M","?","?","R","M","R","T","?","E","?","?","$","R","BOSS","M","M","?","?","M","R","E","R","T","$","M","$","R","M","R","BOSS","M","?","M","?","?","R","?","E","T","?"],"items_purchased_type":["Card","Card","Card","Card","Relic","Card","Relic"],"build_version":"2020-12-22","purchased_purges":2,"victory":false,"max_hp_per_floor":[66,66,66,66,66,66,66,66,66,66,71,64,64,64,64,64,64,64,64,64,64,64,64,64,64,64,64,64,64,64,64,64,64,64,64,64,64,64,61,61,61,61,61,61,61],"card_choices":[{"not_picked":["Mayhem","The Bomb"],"picked":"HandOfGreed","floor":0.0},{"not_picked":["Dagger Throw","Poisoned Stab"],"picked":"All Out Attack","floor":1.0},{"not_picked":["Acrobatics","Underhanded Strike"],"picked":"Deadly Poison","floor":2.0},{"not_picked":["All Out Attack","Underhanded Strike"],"picked":"Tactician","floor":3.0},{"not_picked":["Flechettes","Backstab"],"picked":"Terror","floor":7.0},{"not_picked":["Setup","PiercingWail"],"picked":"Blade Dance","floor":10.0},{"not_picked":["Riddle With Holes","Prepared","Eviscerate"],"picked":"SKIP","floor":11.0},{"not_picked":["Unload","Die Die Die"],"picked":"Malaise","floor":16.0},{"not_picked":["Cloak And Dagger","Well Laid Plans"],"picked":"Escape Plan","floor":18.0},{"not_picked":["Sucker Punch","Dagger Spray","Setup"],"picked":"SKIP","floor":19.0},{"not_picked":["Underhanded Strike","Prepared"],"picked":"PiercingWail+1","floor":22.0},{"not_picked":["Doppelganger","Slice"],"picked":"Backflip","floor":24},{"not_picked":["Deadly Poison","Tactician+1"],"picked":"Cloak And Dagger+1","floor":28},{"not_picked":["Flying Knee","Backflip","Dagger Throw"],"picked":"SKIP","floor":31},{"not_picked":["Unload","Night Terror"],"picked":"A Thousand Cuts","floor":33},{"not_picked":["Prepared","Dagger Spray","Caltrops"],"picked":"SKIP","floor":35},{"not_picked":["Slice","Caltrops"],"picked":"Acrobatics","floor":37},{"not_picked":["Eviscerate","Footwork","Concentrate"],"picked":"SKIP","floor":42},{"not_picked":["Eviscerate","Concentrate"],"picked":"Footwork","floor":42}],"player_experience":1063435,"relics_obtained":[{"floor":9.0,"key":"Ninja Scroll"},{"floor":11.0,"key":"Bottled Lightning"},{"floor":26,"key":"Nunchaku"},{"floor":42,"key":"Oddly Smooth Stone"}],"event_choices":[{"damage_healed":0.0,"max_hp_gain":0.0,"max_hp_loss":0.0,"gold_gain":0.0,"event_name":"Liars Game","player_choice":"Ignored","floor":4.0,"gold_loss":0.0,"damage_taken":0.0},{"damage_healed":0.0,"max_hp_gain":0.0,"max_hp_loss":0.0,"gold_gain":0.0,"cards_transformed":["Strike_G"],"event_name":"Transmorgrifier","player_choice":"Transformed","floor":5.0,"gold_loss":0.0,"damage_taken":0.0,"cards_obtained":["Escape Plan"]},{"damage_healed":0.0,"max_hp_gain":0.0,"max_hp_loss":7.0,"gold_gain":0.0,"event_name":"Golden Idol","player_choice":"Lose Max HP","floor":12.0,"gold_loss":0.0,"damage_taken":0.0,"relics_obtained":["Golden Idol"]},{"damage_healed":21.0,"max_hp_gain":0.0,"max_hp_loss":0.0,"gold_gain":0.0,"event_name":"Big Fish","player_choice":"Banana","floor":13.0,"gold_loss":0.0,"damage_taken":0.0},{"cards_removed":["Defend_G"],"damage_healed":0.0,"max_hp_gain":0.0,"max_hp_loss":0.0,"gold_gain":0.0,"event_name":"Back to Basics","player_choice":"Elegance","floor":20.0,"gold_loss":0.0,"damage_taken":0.0},{"damage_healed":0.0,"max_hp_gain":0.0,"max_hp_loss":0.0,"gold_gain":0.0,"event_name":"The Mausoleum","player_choice":"Ignored","floor":21.0,"gold_loss":0.0,"damage_taken":0.0},{"damage_healed":0,"gold_gain":0,"player_choice":"Copied","damage_taken":0,"max_hp_gain":0,"max_hp_loss":0,"event_name":"Duplicator","floor":36,"gold_loss":0,"cards_obtained":["Footwork"]},{"damage_healed":0,"gold_gain":0,"player_choice":"Max HP","damage_taken":0,"max_hp_gain":0,"max_hp_loss":3,"event_name":"Winding Halls","floor":39,"gold_loss":0},{"damage_healed":0,"gold_gain":0,"player_choice":"Forge","damage_taken":0,"max_hp_gain":0,"max_hp_loss":0,"event_name":"Accursed Blacksmith","floor":41,"gold_loss":0,"cards_upgraded":["A Thousand Cuts"]}],"is_beta":false,"boss_relics":[{"not_picked":["Runic Dome","Velvet Choker"],"picked":"WristBlade"},{"not_picked":["SlaversCollar","Black Star"],"picked":"Cursed Key"}],"items_purged_floors":[14,27],"is_endless":false,"potions_floor_spawned":[2,11,16,19,22,24,33,37],"killed_by":"Spire Growth","ascension_level":20}}