{"host":"5hsgormuu0lj4iiq","time":1613434039,"event":{"mods":["AchievementEnabler","BaseMod","Colored Map","Colored Powertips","Minty Spire (QoL Compilation)","Quick Restart","Relic Stats","SuperFastMode","everything is the same but u backflip on backflip","slay the spire mod where everything is the same but ironclad has a cowboy hat"],"gold_per_floor":[116,291,309,309,309,309,309],"floor_reached":6,"language":"ENG","playtime":92,"items_purged":[],"score":49,"play_id":"dc939bf9-adca-461e-94c4-61edd875a899","local_time":"20210215190719","is_ascension_mode":true,"campfire_choices":[],"circlet_count":0,"master_deck":["Strike_G","Strike_G","Strike_G","Strike_G","Strike_G","Defend_G","Defend_G","Defend_G","Defend_G","Defend_G","Survivor","Neutralize","Glass Knife","Deadly Poison","Doubt","Leg Sweep"],"relics":["Ring of the Snake","Sundial","Golden Idol"],"acts_visited":["Exordium"],"potions_floor_usage":[],"damage_taken":[{"damage":1,"enemies":"Jaw Worm","floor":1,"turns":3},{"damage":0,"enemies":"2 Louse","floor":3,"turns":3},{"damage":58,"enemies":"Gremlin Nob","floor":6,"turns":6}],"seed_played":"-5364101212038333767","potions_obtained":[{"floor":3,"key":"Ancient Potion"}],"is_trial":false,"path_per_floor":["M","?","M","?","?","E"],"character_chosen":"THE_SILENT","items_purchased":[],"campfire_rested":0,"item_purchase_floors":[],"current_hp_per_floor":[62,62,62,50,50,0,0],"gold":309,"neow_bonus":"ONE_RANDOM_RARE_CARD","is_daily":false,"chose_seed":false,"campfire_upgraded":0,"win_rate":0.0,"timestamp":1613434039,"path_taken":["M","?","M","?","?","E"],"items_purchased_type":[],"build_version":"2020-12-22","purchased_purges":0,"victory":false,"max_hp_per_floor":[70,70,70,70,65,65,65],"relic_stats":{"counters":[3,12],"Sundial":[0],"Golden Idol":0,"obtain_stats":[{"Sundial":4,"Golden Idol":5,"Ring of the Snake":0},{"Sundial":2,"Golden Idol":2,"Ring of the Snake":0},{"Sundial":6,"Golden Idol":6,"Ring of the Snake":0}],"Ring of the Snake":[6]},"card_choices":[{"not_picked":["Acrobatics","Dodge and Roll"],"picked":"Deadly Poison","floor":1},{"not_picked":["Backflip","PiercingWail"],"picked":"Leg Sweep","floor":3}],"player_experience":735710,"relics_obtained":[],"event_choices":[{"damage_healed":0,"gold_gain":175,"player_choice":"AGREE","damage_taken":0,"max_hp_gain":0,"max_hp_loss":0,"event_name":"Liars Game","floor":2,"gold_loss":0,"cards_obtained":["Doubt"]},{"damage_healed":0,"gold_gain":0,"player_choice":"Success","damage_taken":12,"relics_obtained":["Sundial"],"max_hp_gain":0,"max_hp_loss":0,"event_name":"Scrap Ooze","floor":4,"gold_loss":0},{"damage_healed":0,"gold_gain":0,"player_choice":"Lose Max HP","damage_taken":0,"relics_obtained":["Golden Idol"],"max_hp_gain":0,"max_hp_loss":5,"event_name":"Golden Idol","floor":5,"gold_loss":0}],"is_beta":false,"boss_relics":[],"items_purged_floors":[],"is_endless":false,"potions_floor_spawned":[3],"killed_by":"Gremlin Nob","ascension_level":9}}