{"host":"6vtgmkkqqeew181q","time":1613509043,"event":{"mods":["AYAYA","Act Like it!","Arknights","BaseMod","Better Skull","Better Third Choice","BetterRewards","Colored Powertips","Downfall","Faster Ascension Climbing","Highlight Path","Minty Spire (QoL Compilation)","Reliquary","Spicy Shops","Spire Birthday Party","StSLib","The Jungle"],"gold_per_floor":[116,291,311,72,6,6,20,20,69,82,82,94,106,141,141,141,141],"floor_reached":16,"language":"ENG","playtime":2013,"items_purged":[],"score":102,"play_id":"42c99701-7923-4d3c-a5cc-fd5ee00adae6","local_time":"20210216125723","is_ascension_mode":false,"campfire_choices":[{"data":"ats:Emotion Absorption","floor":6,"key":"SMITH"},{"data":"ats:Ignite","floor":8,"key":"SMITH"},{"data":"ats:Revitalization","floor":11,"key":"SMITH"},{"data":"ats:Healing Strengthening","floor":15,"key":"SMITH"}],"circlet_count":0,"master_deck":["ats:Strike C","ats:Strike G","ats:Strike S","ats:Strike V","ats:Armor Crushing Shot","ats:Defend","ats:Defend","ats:Defend","ats:Defend","ats:Emotion Absorption+1","ats:Ignite+1","Doubt","ats:Revitalization+1","ats:Very Hot Blade","ats:Blood Oath","ats:Healing Strengthening+1","ats:Fractured Body"],"relics":["ats:Sanity","Gremlin Horn","Letter Opener","Lantern","ats:Originium","Omamori"],"acts_visited":["Exordium"],"potions_floor_usage":[13,16],"damage_taken":[{"damage":4,"enemies":"2 Louse","floor":1,"turns":3},{"damage":15,"enemies":"Jaw Worm","floor":3,"turns":4},{"damage":4,"enemies":"ats:Genji","floor":7,"turns":4},{"damage":9,"enemies":"Exordium Wildlife","floor":10,"turns":5},{"damage":7,"enemies":"Blue Slaver","floor":12,"turns":2},{"damage":0,"enemies":"Large Slime","floor":13,"turns":4},{"damage":62,"enemies":"Lagavulin","floor":14,"turns":8},{"damage":110,"enemies":"Hexaghost","floor":16,"turns":14}],"seed_played":"-5407344647324798791","potions_obtained":[{"floor":12,"key":"Fire Potion"},{"floor":14,"key":"AttackPotion"}],"is_trial":false,"path_per_floor":["M","?","M","$","?","R","M","R","T","M","R","M","M","E","R","B"],"character_chosen":"DOCTOR_CLASS","items_purchased":["Gremlin Horn"],"campfire_rested":0,"item_purchase_floors":[4],"current_hp_per_floor":[75,75,60,60,60,60,59,59,59,56,56,55,61,26,26,0,0],"gold":141,"neow_bonus":"TEN_PERCENT_HP_BONUS","is_daily":false,"chose_seed":false,"campfire_upgraded":4,"win_rate":0.0,"timestamp":1613509043,"path_taken":["M","?","M","$","?","R","M","R","T","M","R","M","M","E","R","BOSS"],"items_purchased_type":["Relic"],"build_version":"2020-12-22","purchased_purges":0,"victory":false,"max_hp_per_floor":[79,79,79,79,79,79,79,79,79,79,79,79,79,79,79,79,79],"card_choices":[{"not_picked":["ats:Closed Bolt Burst Fire","ats:Spore Proliferation"],"picked":"ats:Ignite","floor":1},{"not_picked":["ats:Ignite","ats:Leaping Hammer"],"picked":"ats:Revitalization","floor":3},{"not_picked":["ats:Apocalypse","ats:Shell Defense"],"picked":"ats:Very Hot Blade","floor":7},{"not_picked":["ats:Literary Storm","ats:Spore Proliferation"],"picked":"ats:Blood Oath","floor":10},{"not_picked":["ats:Sunburst","ats:Very Hot Blade"],"picked":"ats:Healing Strengthening","floor":12},{"not_picked":["ats:Blood Oath","ats:Assault Order"],"picked":"ats:Fractured Body","floor":13},{"not_picked":["ats:Revitalization","ats:Guard Mode","ats:Closed Bolt Burst Fire"],"picked":"SKIP","floor":14}],"player_experience":639308,"relics_obtained":[{"floor":9,"key":"Lantern"},{"floor":14,"key":"ats:Originium"},{"floor":14,"key":"Omamori"}],"event_choices":[{"damage_healed":0,"gold_gain":175,"player_choice":"AGREE","damage_taken":116,"max_hp_gain":0,"max_hp_loss":0,"event_name":"betterThird:BetterSerpent","floor":2,"gold_loss":0},{"damage_healed":0,"gold_gain":0,"player_choice":"Paid Gold","damage_taken":0,"relics_obtained":["Letter Opener"],"max_hp_gain":0,"max_hp_loss":0,"event_name":"WeMeetAgain","floor":5,"gold_loss":66}],"is_beta":false,"boss_relics":[],"items_purged_floors":[],"is_endless":false,"potions_floor_spawned":[12,14],"killed_by":"Hexaghost","ascension_level":0}}