{"host":"2l5k2wp87eek7qja","time":1613499237,"event":{"mods":["BaseMod","Colored Map","Minty Spire (QoL Compilation)","Relic Stats"],"gold_per_floor":[109,129,139,214,234,234,234],"floor_reached":6,"language":"ENG","playtime":228,"items_purged":[],"score":76,"play_id":"478b39db-efe7-4689-94a6-b9dcfb1feb3f","local_time":"20210216201357","is_ascension_mode":true,"campfire_choices":[],"circlet_count":0,"master_deck":["AscendersBane","Strike_G","Strike_G","Strike_G","Strike_G","Strike_G","Defend_G","Defend_G","Defend_G","Defend_G","Defend_G","Survivor","Neutralize","Burst","Predator","Quick Slash","Leg Sweep","Deadly Poison"],"relics":["Ring of the Snake"],"acts_visited":["Exordium"],"potions_floor_usage":[6,6],"damage_taken":[{"damage":0,"enemies":"2 Louse","floor":1,"turns":3},{"damage":2,"enemies":"Jaw Worm","floor":2,"turns":5},{"damage":1,"enemies":"Cultist","floor":3,"turns":3},{"damage":8,"enemies":"Blue Slaver","floor":5,"turns":5},{"damage":39,"enemies":"Gremlin Nob","floor":6,"turns":4}],"seed_played":"-3394317752701528286","potions_obtained":[{"floor":3,"key":"SteroidPotion"},{"floor":5,"key":"SkillPotion"}],"is_trial":false,"path_per_floor":["M","M","M","?","M","E"],"character_chosen":"THE_SILENT","items_purchased":[],"campfire_rested":0,"item_purchase_floors":[],"current_hp_per_floor":[44,42,41,30,22,0,0],"gold":234,"neow_bonus":"THREE_RARE_CARDS","is_daily":false,"chose_seed":false,"campfire_upgraded":0,"win_rate":0.0,"timestamp":1613499237,"path_taken":["M","M","M","?","M","E"],"items_purchased_type":[],"build_version":"2020-12-22","purchased_purges":0,"victory":false,"max_hp_per_floor":[66,66,66,66,66,66,66],"relic_stats":{"counters":[5,20],"obtain_stats":[{"Ring of the Snake":0},{"Ring of the Snake":0},{"Ring of the Snake":0}],"Ring of the Snake":[10]},"card_choices":[{"not_picked":["Night Terror","Phantasmal Killer"],"picked":"Burst","floor":0},{"not_picked":["Deadly Poison","Prepared"],"picked":"Predator","floor":1},{"not_picked":["Escape Plan","Masterful Stab"],"picked":"Quick Slash","floor":2},{"not_picked":["PiercingWail","Prepared"],"picked":"Leg Sweep","floor":3},{"not_picked":["Bane","Calculated Gamble"],"picked":"Deadly Poison","floor":5}],"player_experience":795697,"relics_obtained":[],"event_choices":[{"damage_healed":0,"gold_gain":75,"player_choice":"Gather Gold","damage_taken":11,"max_hp_gain":0,"max_hp_loss":0,"event_name":"World of Goop","floor":4,"gold_loss":0}],"is_beta":false,"boss_relics":[],"items_purged_floors":[],"is_endless":false,"potions_floor_spawned":[3,5],"killed_by":"Gremlin Nob","ascension_level":20}}