{"host":"a7lncvxqwxdwfvcb","time":1613469515,"event":{"mods":["BaseMod","Minty Spire (QoL Compilation)","Replay The Spire","StSLib","The Poker Player"],"gold_per_floor":[117,137,115,129,143,175,175,200,200,200,200,210,210,542,542,637,637,655,655,628,662,444,475,492,523,550,568,668,266,284,284,284,383,383,400,415,637,61,61,61,79,111,111,111,111,111],"floor_reached":44,"language":"ZHS","playtime":5289,"items_purged":["Delirium","Decay","PokerPlayerMod:Club1"],"score":571,"play_id":"d6b0da66-4f9e-4bf5-b185-604008644696","local_time":"20210216175835","is_ascension_mode":false,"metric_token":342,"campfire_choices":[{"data":"PokerPlayerMod:TheDieIsCast","floor":7.0,"key":"SMITH"},{"data":"PokerPlayerMod:Raise","floor":11.0,"key":"SMITH"},{"data":"PokerPlayerMod:Mulligan","floor":13.0,"key":"SMITH"},{"floor":15.0,"key":"REST"},{"floor":32.0,"key":"DIG"},{"floor":43,"key":"DIG"}],"circlet_count":0,"master_deck":["PokerPlayerMod:Diamond2","PokerPlayerMod:Diamond3","PokerPlayerMod:Diamond4","PokerPlayerMod:Diamond5","PokerPlayerMod:Spade2","PokerPlayerMod:Spade3","PokerPlayerMod:Spade4","PokerPlayerMod:Club2","PokerPlayerMod:Heart2","PokerPlayerMod:TrumpStrike","PokerPlayerMod:BadJoker","PokerPlayerMod:Mulligan+1","PokerPlayerMod:Diamond3","PokerPlayerMod:Raise+1","PokerPlayerMod:MagicTrick","PokerPlayerMod:TheDieIsCast+1","PokerPlayerMod:CloakAndDiamond","PokerPlayerMod:Spade4","PokerPlayerMod:Spade10+","PokerPlayerMod:Heart10+","PokerPlayerMod:WildCard+1","PokerPlayerMod:CardPrinter+1","PokerPlayerMod:CloakAndDiamond+1","PokerPlayerMod:Raise","PokerPlayerMod:HotShotCut+1","PokerPlayerMod:WildCard+1","PokerPlayerMod:Heart7","PokerPlayerMod:Manipulation","PokerPlayerMod:Diamond7","PokerPlayerMod:Diamond4","PokerPlayerMod:CloakAndDiamond","PokerPlayerMod:Club7","Parasite","PokerPlayerMod:SecondChance+1","PokerPlayerMod:DiamondStrike+1","PokerPlayerMod:HiddenCard"],"relics":["PokerPlayerMod:DeckCase","NeowsBlessing","White Beast Statue","PokerPlayerMod:EnergeticBat","Replay:PocketPolymizer","Old Coin","Philosopher\u0027s Stone","Blood Vial","Red Mask","Guide Book","Shuriken","ReplayFunnel","Shovel","Replay:Accelerometer","Peace Pipe","Mummified Hand","Black Star","Boot","Strawberry","Orrery","Happy Flower","Lantern","Vajra"],"acts_visited":["Exordium","TheCity","TheBeyond"],"potions_floor_usage":[35,42,44,44,44],"damage_taken":[{"damage":0.0,"enemies":"2 Louse","floor":1.0,"turns":1.0},{"damage":0.0,"enemies":"Cultist","floor":2.0,"turns":1.0},{"damage":0.0,"enemies":"Jaw Worm","floor":4.0,"turns":1.0},{"damage":2.0,"enemies":"Blue Slaver","floor":5.0,"turns":2.0},{"damage":24.0,"enemies":"Gremlin Nob","floor":6.0,"turns":4.0},{"damage":20.0,"enemies":"Lagavulin","floor":8.0,"turns":6.0},{"damage":0.0,"enemies":"Lots of Slimes","floor":12.0,"turns":1.0},{"damage":8.0,"enemies":"Replay:BlueRogue","floor":14.0,"turns":7.0},{"damage":6.0,"enemies":"The Guardian","floor":16.0,"turns":7.0},{"damage":0.0,"enemies":"Spheric Guardian","floor":18.0,"turns":6.0},{"damage":14.0,"enemies":"2 Thieves","floor":20.0,"turns":5.0},{"damage":6.0,"enemies":"Masked Bandits","floor":21.0,"turns":4.0},{"damage":13.0,"enemies":"Gremlin Leader","floor":23.0,"turns":8.0},{"damage":24.0,"enemies":"Snecko","floor":24.0,"turns":5.0},{"damage":7.0,"enemies":"Book of Stabbing","floor":25.0,"turns":7.0},{"damage":0.0,"enemies":"3 Cultists","floor":27.0,"turns":5.0},{"damage":13.0,"enemies":"Colosseum Slavers","floor":28.0,"turns":4.0},{"damage":0.0,"enemies":"Colosseum Nobs","floor":28.0,"turns":2.0},{"damage":3.0,"enemies":"Snake Plant","floor":30.0,"turns":4.0},{"damage":35.0,"enemies":"Collector","floor":33.0,"turns":10.0},{"damage":0,"enemies":"3 Darklings","floor":35,"turns":3},{"damage":0,"enemies":"3 Shapes","floor":36,"turns":4},{"damage":20,"enemies":"Writhing Mass","floor":41,"turns":5},{"damage":39,"enemies":"R_Hoarder","floor":42,"turns":8},{"damage":75,"enemies":"Giant Head","floor":44,"turns":10}],"seed_played":"-7829642189299979467","potions_obtained":[{"floor":2.0,"key":"Fire Potion"},{"floor":4.0,"key":"PowerPotion"},{"floor":5.0,"key":"Elixir"},{"floor":8.0,"key":"Explosive Potion"},{"floor":12.0,"key":"GamblersBrew"},{"floor":14.0,"key":"FearPotion"},{"floor":16.0,"key":"ColorlessPotion"},{"floor":18.0,"key":"Venom Potion"},{"floor":20.0,"key":"Doom Potion"},{"floor":21.0,"key":"Fruit Juice"},{"floor":23.0,"key":"PowerPotion"},{"floor":24.0,"key":"Weak Potion"},{"floor":25.0,"key":"Fire Potion"},{"floor":27.0,"key":"Strength Potion"},{"floor":28.0,"key":"Strength Potion"},{"floor":30.0,"key":"Fruit Juice"},{"floor":33.0,"key":"LiquidMemories"},{"floor":35,"key":"LiquidBronze"},{"floor":36,"key":"Energy Potion"},{"floor":41,"key":"Explosive Potion"},{"floor":42,"key":"SkillPotion"}],"is_trial":false,"path_per_floor":["M","M","$","M","M","E","R","E","T","?","R","M","R","E","R","B",null,"M","?","M","?","$","E","M","E","T","M","?","$","M","?","R","B",null,"M","M","?","$","PTL","PTL","M","E","R","E"],"character_chosen":"THE_POKER_PLAYER","items_purchased":["PokerPlayerMod:Raise","Guide Book","Peace Pipe","Boot","Strawberry","Orrery"],"campfire_rested":1,"item_purchase_floors":[3,22,29,38,38,38],"current_hp_per_floor":[52,52,52,52,50,28,28,13,13,13,13,13,13,9,24,42,52,52,52,38,51,51,40,33,44,44,57,57,57,57,57,57,48,62,62,62,62,69,69,69,57,49,49,0,0,0],"gold":111,"neow_bonus":"THREE_ENEMY_KILL","is_daily":false,"chose_seed":false,"campfire_upgraded":3,"win_rate":0.0,"timestamp":1613469515,"path_taken":["M","M","$","M","M","E","R","E","T","?","R","?","R","E","R","BOSS","M","?","?","?","$","E","M","E","T","M","?","$","M","?","R","BOSS","M","?","?","$","PTL","PTL","M","E","R","E"],"items_purchased_type":["Card","Relic","Relic","Relic","Relic","Relic"],"build_version":"2020-12-22","purchased_purges":3,"victory":false,"max_hp_per_floor":[52,52,52,52,52,52,52,52,52,52,52,52,52,52,52,52,52,52,52,52,57,57,57,57,57,57,57,57,57,57,57,57,62,62,62,62,62,69,69,69,69,69,69,69,69,69],"card_choices":[{"not_picked":["PokerPlayerMod:Diamond2","PokerPlayerMod:Spade4"],"picked":"PokerPlayerMod:Overdeal","floor":1.0},{"not_picked":["PokerPlayerMod:MagicTrick","PokerPlayerMod:Club4"],"picked":"PokerPlayerMod:Diamond3","floor":2.0},{"not_picked":["PokerPlayerMod:ClubShade","PokerPlayerMod:Heart5"],"picked":"PokerPlayerMod:MagicTrick","floor":4.0},{"not_picked":["PokerPlayerMod:DartThrow","PokerPlayerMod:Diamond1"],"picked":"PokerPlayerMod:TheDieIsCast","floor":5.0},{"not_picked":["PokerPlayerMod:Heart2","PokerPlayerMod:Heart1"],"picked":"PokerPlayerMod:CloakAndDiamond","floor":6.0},{"not_picked":["PokerPlayerMod:Heart2","PokerPlayerMod:SecondChance"],"picked":"PokerPlayerMod:Spade4","floor":8.0},{"not_picked":["PokerPlayerMod:ClubsClub","PokerPlayerMod:Spade2","PokerPlayerMod:Fold"],"picked":"SKIP","floor":12.0},{"not_picked":["PokerPlayerMod:CardBurn","PokerPlayerMod:ClubDance","PokerPlayerMod:Diamond2"],"picked":"SKIP","floor":14.0},{"not_picked":["PokerPlayerMod:Diamond8","PokerPlayerMod:Diamond9"],"picked":"PokerPlayerMod:WildCard","floor":16.0},{"not_picked":["PokerPlayerMod:FlyingCard","PokerPlayerMod:ClubsClub"],"picked":"PokerPlayerMod:CardPrinter","floor":18.0},{"not_picked":["PokerPlayerMod:Spade7","PokerPlayerMod:DamnStraight+1","PokerPlayerMod:Trickery"],"picked":"SKIP","floor":20.0},{"not_picked":["PokerPlayerMod:RiskyBet","PokerPlayerMod:ClubsClub+1"],"picked":"PokerPlayerMod:CloakAndDiamond+1","floor":23.0},{"not_picked":["PokerPlayerMod:Club4","PokerPlayerMod:Spade3"],"picked":"PokerPlayerMod:Raise","floor":24.0},{"not_picked":["PokerPlayerMod:Spade6","PokerPlayerMod:RiskyBet+1","PokerPlayerMod:Trickery"],"picked":"SKIP","floor":25.0},{"not_picked":["PokerPlayerMod:Spade3","PokerPlayerMod:Diamond5","PokerPlayerMod:Fold"],"picked":"SKIP","floor":27.0},{"not_picked":["PokerPlayerMod:WildCard","PokerPlayerMod:Spade3"],"picked":"PokerPlayerMod:HotShotCut+1","floor":30.0},{"not_picked":["PokerPlayerMod:TheDieIsCast","PokerPlayerMod:ChangeRules"],"picked":"PokerPlayerMod:GamblerForm","floor":33.0},{"not_picked":["PokerPlayerMod:Diamond3","PokerPlayerMod:Trickery","PokerPlayerMod:CardBurn"],"picked":"SKIP","floor":35},{"not_picked":["PokerPlayerMod:Club4","PokerPlayerMod:ClubsClub+1"],"picked":"PokerPlayerMod:Manipulation","floor":36},{"not_picked":["PokerPlayerMod:Manipulation","PokerPlayerMod:FlyingCard+1"],"picked":"PokerPlayerMod:Diamond7","floor":38},{"not_picked":["PokerPlayerMod:Diamond3","PokerPlayerMod:Sharpen"],"picked":"PokerPlayerMod:Diamond4","floor":38},{"not_picked":["PokerPlayerMod:SpadeStrike","PokerPlayerMod:Diamond3"],"picked":"PokerPlayerMod:CloakAndDiamond","floor":38},{"not_picked":["PokerPlayerMod:Diamond2","PokerPlayerMod:Trickery"],"picked":"PokerPlayerMod:Club7","floor":38},{"not_picked":["PokerPlayerMod:Spade2","PokerPlayerMod:MagicTrick+1"],"picked":"PokerPlayerMod:SecondChance+1","floor":41},{"not_picked":["PokerPlayerMod:Harden","PokerPlayerMod:Diamond3"],"picked":"PokerPlayerMod:DiamondStrike+1","floor":42}],"player_experience":68794,"relics_obtained":[{"floor":6.0,"key":"White Beast Statue"},{"floor":8.0,"key":"PokerPlayerMod:EnergeticBat"},{"floor":9.0,"key":"Replay:PocketPolymizer"},{"floor":14.0,"key":"Old Coin"},{"floor":21.0,"key":"Red Mask"},{"floor":23.0,"key":"Shuriken"},{"floor":25.0,"key":"ReplayFunnel"},{"floor":28.0,"key":"Shovel"},{"floor":28.0,"key":"Replay:Accelerometer"},{"floor":32.0,"key":"Mummified Hand"},{"floor":42,"key":"Happy Flower"},{"floor":42,"key":"Lantern"},{"floor":43,"key":"Vajra"}],"event_choices":[{"damage_healed":0.0,"max_hp_gain":0.0,"max_hp_loss":0.0,"gold_gain":0.0,"event_name":"Wheel of Change","player_choice":"Cursed","floor":10.0,"gold_loss":0.0,"damage_taken":0.0,"cards_obtained":["Decay"]},{"damage_healed":0.0,"max_hp_gain":0.0,"max_hp_loss":0.0,"gold_gain":0.0,"event_name":"Masked Bandits","player_choice":"Fought Bandits","floor":21.0,"gold_loss":0.0,"damage_taken":0.0},{"damage_healed":0.0,"max_hp_gain":0.0,"max_hp_loss":0.0,"gold_gain":0.0,"event_name":"Colosseum","player_choice":"Fight","floor":28.0,"gold_loss":0.0,"damage_taken":0.0},{"damage_healed":0.0,"max_hp_gain":0.0,"max_hp_loss":0.0,"gold_gain":0.0,"event_name":"Colosseum","player_choice":"Fought Nobs","floor":28.0,"gold_loss":0.0,"damage_taken":0.0},{"damage_healed":0.0,"max_hp_gain":0.0,"max_hp_loss":0.0,"gold_gain":0.0,"event_name":"Duplicator","player_choice":"Copied","floor":31.0,"gold_loss":0.0,"damage_taken":0.0,"cards_obtained":["PokerPlayerMod:WildCard"]},{"damage_healed":0,"gold_gain":222,"player_choice":"Wore Mask","damage_taken":0,"max_hp_gain":0,"max_hp_loss":0,"event_name":"Tomb of Lord Red Mask","floor":37,"gold_loss":0}],"is_beta":false,"boss_relics":[{"not_picked":["ChewingGum","Ectoplasm"],"picked":"Philosopher\u0027s Stone"},{"not_picked":["Cursed Key","Astrolabe"],"picked":"Black Star"}],"items_purged_floors":[22,29,38],"is_endless":false,"potions_floor_spawned":[2,4,5,8,12,14,16,18,20,21,23,24,25,27,28,28,30,33,35,36,41,42],"killed_by":"Giant Head","ascension_level":0}}