{"host":"lg1piimdyocafd6j","time":1613481621,"event":{"mods":["AchievementEnabler","BaseMod","Better Third Choice","BetterRewards","Colored Map","Colored Powertips","Downfall","Minty Spire (QoL Compilation)","Quick Restart","Rare Cards Sparkle","Remove Card Discount Mod","Shop Mod","StSLib","SuperFastMode"],"gold_per_floor":[112,131,82,82,95,128,147,107,133,133,147,168,168,188,188,188,188],"floor_reached":16,"language":"ENG","playtime":864,"items_purged":["Dualcast","Strike_B","Strike_B","Defend_B","Defend_B","Defend_B","Strike_B","Strike_B","Coolheaded","Coolheaded","Blizzard","Blizzard","Barrage","Capacitor+1","Barrage"],"score":152,"play_id":"40387ee5-cd32-4fc7-b974-a1df862d6ffd","local_time":"20210216142021","is_ascension_mode":false,"campfire_choices":[{"floor":10,"key":"REST"},{"floor":15,"key":"REST"}],"circlet_count":0,"master_deck":["Defend_B","Zap","Doom and Gloom","Redo","Leap","Loop","Redo","Chaos","Turbo","Conserve Battery+1","Auto Shields","Cold Snap","Redo"],"relics":["Cracked Core","Membership Card","DollysMirror","Juzu Bracelet","Odd Mushroom"],"acts_visited":["Exordium"],"potions_floor_usage":[16,16],"damage_taken":[{"damage":3,"enemies":"2 Louse","floor":1,"turns":3},{"damage":5,"enemies":"Cultist","floor":2,"turns":4},{"damage":6,"enemies":"Small Slimes","floor":5,"turns":3},{"damage":31,"enemies":"Lagavulin","floor":6,"turns":6},{"damage":14,"enemies":"Blue Slaver","floor":7,"turns":3},{"damage":2,"enemies":"Exordium Thugs","floor":11,"turns":4},{"damage":22,"enemies":"The Mushroom Lair","floor":12,"turns":3},{"damage":3,"enemies":"2 Fungi Beasts","floor":14,"turns":4},{"damage":4,"enemies":"Slime Boss","floor":16,"turns":5}],"seed_played":"7014715275051753738","potions_obtained":[{"floor":1,"key":"Fire Potion"},{"floor":2,"key":"Block Potion"},{"floor":7,"key":"Energy Potion"}],"is_trial":false,"path_per_floor":["M","M","$","?","M","E","M","$","T","R","M","?","?","M","R","B"],"character_chosen":"DEFECT","items_purchased":["Doom and Gloom","Membership Card","Capacitor","Coolheaded","Coolheaded","Blizzard","DollysMirror","Redo","Chaos","Auto Shields"],"campfire_rested":2,"item_purchase_floors":[0,0,0,0,0,0,0,0,3,8],"current_hp_per_floor":[72,67,67,67,61,30,16,16,16,38,36,14,14,11,33,29,29],"gold":188,"neow_bonus":"","is_daily":false,"chose_seed":false,"campfire_upgraded":0,"win_rate":0.0,"timestamp":1613481621,"path_taken":["M","M","$","?","M","E","M","$","T","R","M","?","?","M","R","BOSS"],"items_purchased_type":["Card","Relic","Card","Card","Card","Card","Relic","Card","Card","Card"],"build_version":"2020-12-22","purchased_purges":15,"victory":false,"max_hp_per_floor":[75,75,75,75,75,75,75,75,75,75,75,75,75,75,75,75,75],"card_choices":[{"not_picked":["Rip and Tear","Undo"],"picked":"Loop","floor":1},{"not_picked":["Chill","Rebound"],"picked":"Redo","floor":2},{"not_picked":["Sunder","Sweeping Beam"],"picked":"Barrage","floor":5},{"not_picked":["Go for the Eyes","Hologram"],"picked":"Turbo","floor":6},{"not_picked":["Steam","Beam Cell"],"picked":"Conserve Battery","floor":7},{"not_picked":["Melter","Heatsinks","Hologram"],"picked":"SKIP","floor":11},{"not_picked":["All For One","Tempest"],"picked":"Cold Snap","floor":12},{"not_picked":["Steam","Recycle"],"picked":"Redo","floor":14}],"player_experience":140489,"relics_obtained":[{"floor":6,"key":"Juzu Bracelet"},{"floor":12,"key":"Odd Mushroom"}],"event_choices":[{"damage_healed":0,"gold_gain":0,"player_choice":"Forge","damage_taken":0,"max_hp_gain":0,"max_hp_loss":0,"event_name":"Accursed Blacksmith","floor":4,"gold_loss":0,"cards_upgraded":["Capacitor"]},{"damage_healed":0,"gold_gain":0,"player_choice":"Fought Mushrooms","damage_taken":0,"max_hp_gain":0,"max_hp_loss":0,"event_name":"Mushrooms","floor":12,"gold_loss":0},{"damage_healed":0,"gold_gain":0,"player_choice":"Upgraded","damage_taken":0,"max_hp_gain":0,"max_hp_loss":0,"event_name":"Upgrade Shrine","floor":13,"gold_loss":0,"cards_upgraded":["Conserve Battery"]}],"is_beta":false,"boss_relics":[],"items_purged_floors":[0,0,0,0,0,0,3,3,3,3,3,3,8,8,8],"is_endless":false,"potions_floor_spawned":[1,2,7,12],"killed_by":"Slime Boss","ascension_level":0}}