{"host":"9rehsd5oi9uaydbk","time":1613434116,"event":{"mods":["AchievementEnabler","Act Like it!","Aspiration","BaseMod","Colored Powertips","Curses Come First","Downfall","Hallownest","Hermit","Hubris","Jorbs\u0027s Wanderer Trilogy","Minty Spire (QoL Compilation)","Reliquary","Shop Mod","StSLib","The Bug Knight"],"gold_per_floor":[99,109,284,284,301,81,104,104,137,137,152,37,37,49,68,163,163,163,180,198,198,198,212,212,212,212,212,212],"floor_reached":26,"language":"ENG","playtime":1554,"items_purged":["Slimebound:ViciousTackle","Doubt"],"score":206,"play_id":"0d24d9f4-dc72-4936-bda5-fed07fde9f6f","local_time":"20210215190836","is_ascension_mode":false,"campfire_choices":[{"floor":10,"key":"REST"},{"data":"sneckomod:Nope","floor":18,"key":"SMITH"},{"floor":25,"key":"REST"}],"circlet_count":0,"master_deck":["sneckomod:Strike","sneckomod:Strike","sneckomod:Strike","sneckomod:Defend+1","sneckomod:Defend","sneckomod:Defend","sneckomod:TailWhip","sneckomod:SnekBite+1","sneckomod:Unknown","sneckomod:SoulCleanse+1","sneckomod:UnknownRarePower","sneckomod:UnknownUncommonPower","sneckomod:UnknownCommonSkill","sneckomod:TrashToTreasure","sneckomod:UnknownBlock","sneckomod:SnakeSap","hexamod:FourthSeal","sneckomod:MasterEye","sneckomod:Nope+1","sneckomod:Mudshield","sneckomod:SnekBeam+1","downfall:Bewildered","hexamod:SixthSeal","sneckomod:RainOfDice+1"],"relics":["sneckomod:SneckoSoul","MealTicket","Kunai","SacredBark","sneckomod:BabySnecko","hubris:Icosahedron","aspiration:FetidBarrel"],"acts_visited":["Exordium","TheCity"],"potions_floor_usage":[5,12,15,16,16,20,20],"damage_taken":[{"damage":5,"enemies":"2 Louse","floor":2,"turns":3},{"damage":1,"enemies":"Small Slimes","floor":5,"turns":2},{"damage":8,"enemies":"downfall:FleeingMerchant","floor":6,"turns":4},{"damage":47,"enemies":"Lagavulin","floor":9,"turns":12},{"damage":13,"enemies":"Cultist","floor":11,"turns":4},{"damage":10,"enemies":"downfall:FleeingMerchant","floor":12,"turns":4},{"damage":15,"enemies":"downfall:LooterAlt","floor":14,"turns":5},{"damage":30,"enemies":"Blue Slaver","floor":15,"turns":6},{"damage":7,"enemies":"SI_SHIV_ARCHETYPE","floor":16,"turns":10},{"damage":37,"enemies":"downfall:LooterAlt2","floor":19,"turns":5},{"damage":23,"enemies":"Spheric Guardian","floor":20,"turns":6},{"damage":31,"enemies":"3 Cultists","floor":23,"turns":6},{"damage":34,"enemies":"Snecko","floor":26,"turns":4}],"seed_played":"8166412492273630334","potions_obtained":[{"floor":2,"key":"champ:CounterPotion"},{"floor":11,"key":"LiquidBronze"},{"floor":14,"key":"Ancient Potion"},{"floor":14,"key":"hexamod:SoulburnPotion"},{"floor":15,"key":"Explosive Potion"},{"floor":15,"key":"Fruit Juice"},{"floor":16,"key":"Swift Potion"},{"floor":19,"key":"DistilledChaos"},{"floor":20,"key":"Ancient Potion"},{"floor":23,"key":"EssenceOfSteel"},{"floor":23,"key":"Energy Potion"}],"is_trial":false,"path_per_floor":["R","M","?","?","M","$","T","?","E","R","M","$","?","M","M","B",null,"R","M","M","?","?","M","T","R","M"],"character_chosen":"THE_SNECKO","items_purchased":["sneckomod:UnknownUncommonPower","sneckomod:UnknownCommonSkill"],"campfire_rested":2,"item_purchase_floors":[6,6],"current_hp_per_floor":[90,85,85,85,84,76,76,76,29,56,43,55,55,40,15,8,95,95,58,35,35,35,4,4,32,0,0,0],"gold":212,"neow_bonus":"UPGRADE_CARD","is_daily":false,"chose_seed":false,"campfire_upgraded":1,"win_rate":0.0,"timestamp":1613434116,"path_taken":["R","M","?","?","M","$","T","?","E","R","M","$","?","M","M","BOSS","R","M","?","?","?","M","T","R","M"],"items_purchased_type":["Card","Card"],"build_version":"2020-12-22","purchased_purges":2,"victory":false,"max_hp_per_floor":[90,90,90,90,90,90,90,90,90,90,90,90,90,90,95,95,95,95,95,95,95,95,95,95,95,95,95,95],"card_choices":[{"not_picked":["sneckomod:SoulRoll","sneckomod:UnknownBlock"],"picked":"sneckomod:SoulCleanse","floor":2},{"not_picked":["sneckomod:DiceBlock","sneckomod:QuickMove","sneckomod:CheapStock"],"picked":"SKIP","floor":5},{"not_picked":["sneckomod:Mudshield","sneckomod:DiceBlock"],"picked":"sneckomod:UnknownRarePower","floor":6},{"not_picked":["sneckomod:UnknownStrike","sneckomod:SnekBeam"],"picked":"sneckomod:TrashToTreasure","floor":9},{"not_picked":["sneckomod:QuickBite","sneckomod:RainOfDice"],"picked":"sneckomod:UnknownBlock","floor":9},{"not_picked":["sneckomod:UnknownCommonAttack","sneckomod:DiceBoulder"],"picked":"sneckomod:SnakeSap","floor":11},{"not_picked":["hexamod:SecondSeal","hexamod:ThirdSeal"],"picked":"hexamod:FourthSeal","floor":12},{"not_picked":["sneckomod:SerpentMind","sneckomod:DiceCrush"],"picked":"sneckomod:MasterEye","floor":12},{"not_picked":["sneckomod:UnknownCommonSkill","sneckomod:Unknown0Cost"],"picked":"sneckomod:Nope","floor":14},{"not_picked":["sneckomod:WideSting","sneckomod:QuickMove","sneckomod:DefensiveFlair"],"picked":"SKIP","floor":15},{"not_picked":["sneckomod:SerpentMind","sneckomod:DangerNoodle"],"picked":"sneckomod:Mudshield","floor":16},{"not_picked":["sneckomod:Rotation+1","sneckomod:SoulDraw"],"picked":"sneckomod:SnekBeam+1","floor":19},{"not_picked":["sneckomod:SlitherStrike","sneckomod:SoulCleanse","sneckomod:UnknownClassPURPLE"],"picked":"SKIP","floor":20},{"not_picked":["hexamod:SecondSeal","hexamod:FourthSeal"],"picked":"hexamod:SixthSeal","floor":23},{"not_picked":["sneckomod:QuickBite","sneckomod:DiceBlock+1"],"picked":"sneckomod:RainOfDice+1","floor":23}],"player_experience":212731,"relics_obtained":[{"floor":7,"key":"MealTicket"},{"floor":9,"key":"Kunai"},{"floor":24,"key":"aspiration:FetidBarrel"}],"event_choices":[{"damage_healed":0,"gold_gain":0,"player_choice":"Ignored","damage_taken":0,"max_hp_gain":0,"max_hp_loss":0,"event_name":"NoteForYourself","floor":13,"gold_loss":0}],"is_beta":false,"boss_relics":[{"not_picked":["Astrolabe","reliquary:WritOfMandamus"],"picked":"SacredBark"}],"items_purged_floors":[6,12],"is_endless":false,"potions_floor_spawned":[2,11,14,15,23],"killed_by":"Snecko","ascension_level":0}}