{"host":"7hek758ba7rrttw2","time":1613473603,"event":{"mods":["BaseMod","Minty Spire (QoL Compilation)","Weighted Paths"],"gold_per_floor":[113,133,146,146,157,171,204,204,204,204,204],"floor_reached":10,"language":"ENG","playtime":398,"items_purged":[],"score":81,"play_id":"7b5510d7-2b00-450e-a21d-d8e662ae598f","local_time":"20210216120643","is_ascension_mode":true,"campfire_choices":[{"data":"Scrawl","floor":8,"key":"SMITH"}],"circlet_count":0,"master_deck":["Strike_P","Strike_P","Strike_P","Strike_P","Defend_P","Defend_P","Defend_P","Defend_P","Eruption","Vigilance","WindmillStrike","ClearTheMind","Shame","Scrawl+1","WindmillStrike","WreathOfFlame","WreathOfFlame"],"relics":["PureWater","NeowsBlessing","Du-Vu Doll","TeardropLocket"],"acts_visited":["Exordium"],"potions_floor_usage":[7],"damage_taken":[{"damage":0,"enemies":"Jaw Worm","floor":1,"turns":1},{"damage":0,"enemies":"Cultist","floor":2,"turns":1},{"damage":0,"enemies":"2 Louse","floor":3,"turns":1},{"damage":0,"enemies":"Exordium Wildlife","floor":5,"turns":3},{"damage":24,"enemies":"Exordium Thugs","floor":6,"turns":5},{"damage":22,"enemies":"Lagavulin","floor":7,"turns":6},{"damage":32,"enemies":"3 Sentries","floor":10,"turns":4}],"seed_played":"-5431433578701286606","potions_obtained":[{"floor":3,"key":"Weak Potion"},{"floor":5,"key":"Strength Potion"},{"floor":6,"key":"Strength Potion"}],"is_trial":false,"path_per_floor":["M","M","M","?","M","M","E","R","T","E"],"character_chosen":"WATCHER","items_purchased":[],"campfire_rested":0,"item_purchase_floors":[],"current_hp_per_floor":[72,72,72,72,72,48,26,26,26,0,0],"gold":204,"neow_bonus":"THREE_ENEMY_KILL","is_daily":false,"chose_seed":false,"campfire_upgraded":1,"win_rate":0.0,"timestamp":1613473603,"path_taken":["M","M","M","?","?","M","E","R","T","E"],"items_purchased_type":[],"build_version":"2020-12-22","purchased_purges":0,"victory":false,"max_hp_per_floor":[72,72,72,72,72,72,72,72,72,72,72],"card_choices":[{"not_picked":["JustLucky","SignatureMove","BowlingBash"],"picked":"SKIP","floor":1},{"not_picked":["Meditate","SashWhip"],"picked":"WindmillStrike","floor":2},{"not_picked":["Nirvana","Protect"],"picked":"ClearTheMind","floor":3},{"not_picked":["CutThroughFate","FollowUp"],"picked":"WindmillStrike","floor":5},{"not_picked":["FollowUp","EmptyMind"],"picked":"WreathOfFlame","floor":6},{"not_picked":["Fasting2","Crescendo"],"picked":"WreathOfFlame","floor":7}],"player_experience":376558,"relics_obtained":[{"floor":7,"key":"Du-Vu Doll"},{"floor":9,"key":"TeardropLocket"}],"event_choices":[{"damage_healed":0,"gold_gain":0,"player_choice":"2 cards matched","damage_taken":0,"max_hp_gain":0,"max_hp_loss":0,"event_name":"Match and Keep!","floor":4,"gold_loss":0,"cards_obtained":["Shame","Scrawl"]}],"is_beta":false,"boss_relics":[],"items_purged_floors":[],"is_endless":false,"potions_floor_spawned":[3,5,6],"killed_by":"3 Sentries","ascension_level":3}}