{"host":"51dweoxrcspgw6ri","time":1613505198,"event":{"mods":["BaseMod","Colored Map","Colored Powertips","Minty Spire (QoL Compilation)","Rare Cards Sparkle","Relic Stats","StSLib","SuperFastMode"],"gold_per_floor":[113,113,128,147,69,99,99,4,28,28,55,55,55,111,111,111,111],"floor_reached":16,"language":"ENG","playtime":865,"items_purged":[],"score":196,"play_id":"04bd97b0-5d74-4df8-bf59-8ab69cd225f7","local_time":"20210216205318","is_ascension_mode":true,"campfire_choices":[{"data":"Zap","floor":7.0,"key":"SMITH"},{"floor":12.0,"key":"REST"},{"data":"Scrape","floor":15.0,"key":"SMITH"}],"circlet_count":0,"master_deck":["AscendersBane","Strike_B","Strike_B","Strike_B","Strike_B","Defend_B","Defend_B","Defend_B","Defend_B","Zap+1","Dualcast","Genetic Algorithm+1","Self Repair","Capacitor","All For One","Scrape+1","Melter","Go for the Eyes","Pain","Undo+1","Gash"],"relics":["Cracked Core","NeowsBlessing","Akabeko","Regal Pillow","WarpedTongs","Toxic Egg 2","Art of War"],"acts_visited":["Exordium"],"potions_floor_usage":[],"damage_taken":[{"damage":0.0,"enemies":"Jaw Worm","floor":1.0,"turns":1.0},{"damage":0.0,"enemies":"Cultist","floor":3.0,"turns":1.0},{"damage":0.0,"enemies":"2 Louse","floor":4.0,"turns":1.0},{"damage":30.0,"enemies":"Lagavulin","floor":6.0,"turns":7.0},{"damage":30.0,"enemies":"Gremlin Nob","floor":11.0,"turns":4.0},{"damage":22.0,"enemies":"Lagavulin Event","floor":14.0,"turns":5.0},{"damage":49,"enemies":"Slime Boss","floor":16,"turns":10}],"seed_played":"6502126645385081753","potions_obtained":[{"floor":3.0,"key":"GamblersBrew"},{"floor":4.0,"key":"CultistPotion"}],"is_trial":false,"path_per_floor":["M","?","M","M","$","E","R","$","T","?","E","R","$","?","R","B"],"character_chosen":"DEFECT","items_purchased":["All For One","Melter","Go for the Eyes"],"campfire_rested":1,"item_purchase_floors":[5,8,8],"current_hp_per_floor":[64,64,64,71,71,48,48,48,48,48,25,61,61,46,46,0,0],"gold":111,"neow_bonus":"THREE_ENEMY_KILL","is_daily":false,"chose_seed":false,"campfire_upgraded":2,"win_rate":0.0,"timestamp":1613505198,"path_taken":["M","?","M","?","$","E","R","$","T","?","E","R","?","?","R","BOSS"],"items_purchased_type":["Card","Card","Card"],"build_version":"2020-12-22","purchased_purges":0,"victory":false,"max_hp_per_floor":[71,71,71,71,71,71,71,71,71,71,71,71,71,71,71,71,71],"relic_stats":{"Regal Pillow":15,"counters":[7,29],"Art of War":[1],"obtain_stats":[{"Regal Pillow":9,"NeowsBlessing":0,"Art of War":14,"Toxic Egg 2":11,"Cracked Core":0,"Akabeko":6,"WarpedTongs":10},{"Regal Pillow":4,"NeowsBlessing":0,"Art of War":5,"Toxic Egg 2":5,"Cracked Core":0,"Akabeko":4,"WarpedTongs":4},{"Regal Pillow":10,"NeowsBlessing":0,"Art of War":14,"Toxic Egg 2":14,"Cracked Core":0,"Akabeko":10,"WarpedTongs":10}],"WarpedTongs":[19]},"card_choices":[{"not_picked":["Coolheaded","Barrage"],"picked":"Genetic Algorithm","floor":1.0},{"not_picked":["Undo","Barrage"],"picked":"Self Repair","floor":3.0},{"not_picked":["Stack","Ball Lightning"],"picked":"Capacitor","floor":4.0},{"not_picked":["Steam","Glacier"],"picked":"Scrape","floor":6.0},{"not_picked":["Consume+1","Barrage"],"picked":"Undo+1","floor":11.0},{"not_picked":["Conserve Battery+1","Aggregate+1"],"picked":"Gash","floor":14.0}],"player_experience":534041,"relics_obtained":[{"floor":6.0,"key":"Akabeko"},{"floor":9.0,"key":"Regal Pillow"},{"floor":11.0,"key":"Toxic Egg 2"}],"event_choices":[{"damage_healed":0.0,"max_hp_gain":0.0,"max_hp_loss":0.0,"gold_gain":0.0,"event_name":"Upgrade Shrine","player_choice":"Upgraded","floor":2.0,"gold_loss":0.0,"damage_taken":0.0,"cards_upgraded":["Genetic Algorithm"]},{"damage_healed":0.0,"max_hp_gain":0.0,"max_hp_loss":0.0,"gold_gain":0.0,"event_name":"Accursed Blacksmith","player_choice":"Rummage","floor":10.0,"gold_loss":0.0,"damage_taken":0.0,"relics_obtained":["WarpedTongs"],"cards_obtained":["Pain"]},{"damage_healed":0.0,"max_hp_gain":0.0,"max_hp_loss":0.0,"gold_gain":0.0,"event_name":"Dead Adventurer","player_choice":"Searched \u00273\u0027 times","floor":14.0,"gold_loss":0.0,"damage_taken":0.0,"relics_obtained":["Art of War"]}],"is_beta":false,"boss_relics":[],"items_purged_floors":[],"is_endless":false,"potions_floor_spawned":[3,4],"killed_by":"Slime Boss","ascension_level":17}}