{"host":"8anlmvy5ylhozj27","time":1613516318,"event":{"mods":["2.2 Compatiblity","Act Like it!","Aspiration","BaseMod","Best Route Mod","Better Match","Better Note","Better Sensory Stone","Better Skull","Better Third Choice","BetterRewards","Block Reminder","Colored Map","Colored Powertips","Conspire","Curses Come First","Duelist Mod","Energized Spire","GifTheSpireLib","Gold Saver","Halation","Hermit","Highlight Path","Hubris","Infinite Spire","Ironclad Rager","Minty Spire (QoL Compilation)","Permanent Neow","Quick Restart","Rare Cards Sparkle","Replay The Spire","Robot Space Explorer","Spicy Shops","StSLib","Stuff the Spire","The Bladedancer","The Blue Laboratory","The Disciple","The Exalted","The Necromancer","The Sage","Transform Curses","Wandering Minibosses"],"gold_per_floor":[118,134,153,167,181,214,214,234,234,251,251,251,251],"floor_reached":12,"language":"FRA","playtime":342,"items_purged":[],"score":84,"play_id":"c2525dd4-b359-4837-92f7-26ddc8fe57d6","local_time":"20210216235838","is_ascension_mode":false,"campfire_choices":[{"data":"Double Tap","floor":7,"key":"SMITH"},{"data":"Rampage","floor":11,"key":"SMITH"}],"circlet_count":0,"master_deck":["Strike_R","Strike_R","Strike_R","Strike_R","Strike_R","Defend_R","Defend_R","Defend_R","Bash","ReplayReversal","Cleave","Rampage+1","Double Tap+1","Twin Strike","Clash","Clash","Headbutt"],"relics":["Burning Blood","infinitespire:BottledMercury","Omamori"],"acts_visited":["Exordium"],"potions_floor_usage":[6,6,6],"damage_taken":[{"damage":17,"enemies":"infinitespire:Voidling","floor":1,"turns":4},{"damage":0,"enemies":"2 Louse","floor":2,"turns":3},{"damage":13,"enemies":"Jaw Worm","floor":3,"turns":3},{"damage":14,"enemies":"3 Louse","floor":4,"turns":3},{"damage":15,"enemies":"Looter","floor":5,"turns":3},{"damage":14,"enemies":"Gremlin Nob","floor":6,"turns":3},{"damage":11,"enemies":"Lots of Slimes","floor":8,"turns":3},{"damage":21,"enemies":"conspire:2 RoseBushes","floor":10,"turns":4},{"damage":29,"enemies":"Replay:BlueRogue","floor":12,"turns":3}],"seed_played":"-1584058026821563437","potions_obtained":[{"floor":2,"key":"BlessingOfTheForge"},{"floor":3,"key":"Ancient Potion"},{"floor":5,"key":"Energy Potion"}],"is_trial":false,"path_per_floor":["M","M","M","M","M","E","R","M","T","M","R","E"],"character_chosen":"IRONCLAD","items_purchased":[],"campfire_rested":0,"item_purchase_floors":[],"current_hp_per_floor":[73,79,72,64,55,47,47,42,42,27,27,0,0],"gold":251,"neow_bonus":"TRANSFORM_CARD","is_daily":false,"chose_seed":false,"campfire_upgraded":2,"win_rate":0.0,"timestamp":1613516318,"path_taken":["M","M","M","M","M","E","R","?","T","M","R","E"],"items_purchased_type":[],"build_version":"2020-12-22","purchased_purges":0,"victory":false,"max_hp_per_floor":[80,80,80,80,80,80,80,80,80,80,80,80,80],"card_choices":[{"not_picked":["Clothesline","StuffTheSpire:Incineration"],"picked":"Cleave","floor":1},{"not_picked":["Flex","Thunderclap"],"picked":"Rampage","floor":2},{"not_picked":["StuffTheSpire:Slingshot","hubris:CleavingFinish","Bloodletting"],"picked":"SKIP","floor":3},{"not_picked":["Warcry","Metallicize"],"picked":"Double Tap","floor":4},{"not_picked":["Havoc","Warcry"],"picked":"Twin Strike","floor":5},{"not_picked":["Double Tap","ReplayTheSpireMod:Limb From Limb"],"picked":"Clash","floor":6},{"not_picked":["Thunderclap","Body Slam"],"picked":"Clash","floor":8},{"not_picked":["Pummel","Bloodletting"],"picked":"Headbutt","floor":10}],"player_experience":202131,"relics_obtained":[{"floor":6,"key":"infinitespire:BottledMercury"},{"floor":9,"key":"Omamori"}],"event_choices":[],"is_beta":false,"boss_relics":[],"items_purged_floors":[],"is_endless":false,"potions_floor_spawned":[2,3,5],"killed_by":"Replay:BlueRogue","ascension_level":0}}