{"host":"j5shy70asow5koz5","time":1613462116,"event":{"mods":["2.2 Compatiblity","Act Like it!","Arknights","BaseMod","Colored Map","Marisa£¨Ùöéë¡¡Øª×âÞÞ£©","Minty Spire (QoL Compilation)","Prisma Mod","StSLib","SuperFastMode","Td1madao Mod","The Disciple","The Gatherer","The Servant 0.9.4","Waifu the Spire"],"gold_per_floor":[111,36,54,54,54,85,85,85,85,106,106,106,126,126,126,247,247,267,267,267,22,38,38,373,386,411,411,444,136,156,106,106,236,236,257,271,286,349,409,409,432,432,432,451,22,22,0,21,21,21],"floor_reached":51,"language":"KOR","playtime":1151,"items_purged":["Strike_P","Strike_P","Regret"],"score":808,"play_id":"7a19e3ec-4c31-4659-8564-7692efd31a74","local_time":"20210216165516","is_ascension_mode":false,"campfire_choices":[{"data":"FlurryOfBlows","floor":7.0,"key":"SMITH"},{"data":"Eruption","floor":12.0,"key":"SMITH"},{"data":"Vigilance","floor":15.0,"key":"SMITH"},{"data":"Strike_P","floor":23.0,"key":"SMITH"},{"data":"Defend_P","floor":27.0,"key":"SMITH"},{"floor":32.0,"key":"REST"},{"data":"EmptyBody","floor":40,"key":"SMITH"},{"data":"FlurryOfBlows","floor":46,"key":"SMITH"},{"floor":49,"key":"REST"}],"circlet_count":0,"master_deck":["Strike_P+1","Defend_P","Defend_P+1","Defend_P","Defend_P","Eruption+1","Vigilance+1","EmptyFist+1","FlurryOfBlows+1","EmptyFist+1","EmptyFist+1","Meditate+1","FlurryOfBlows+1","Tantrum+1","EmptyBody+1","FollowUp+1"],"relics":["PureWater","NeowsBlessing","Golden Idol","Ginger","Shuriken","SacredBark","ClockworkSouvenir","Old Coin","Vajra","InkBottle","Letter Opener","Cursed Key","Turnip","CatCart","Unceasing Top","Kunai","Red Mask"],"acts_visited":["Exordium","TheCity","TheBeyond"],"potions_floor_usage":[39,44,50,50,50],"damage_taken":[{"damage":0.0,"enemies":"ats:Genji","floor":1.0,"turns":1.0},{"damage":0.0,"enemies":"2 Louse","floor":3.0,"turns":1.0},{"damage":0.0,"enemies":"Gremlin Nob","floor":6.0,"turns":1.0},{"damage":0.0,"enemies":"Jaw Worm","floor":10.0,"turns":2.0},{"damage":0.0,"enemies":"3 Louse","floor":13.0,"turns":2.0},{"damage":43.0,"enemies":"Hexaghost","floor":16.0,"turns":11.0},{"damage":8.0,"enemies":"2 Thieves","floor":18.0,"turns":2.0},{"damage":5.0,"enemies":"Chosen","floor":22.0,"turns":5.0},{"damage":18.0,"enemies":"Slavers","floor":24.0,"turns":6.0},{"damage":0.0,"enemies":"Snecko","floor":25.0,"turns":3.0},{"damage":19.0,"enemies":"Gremlin Leader","floor":28.0,"turns":3.0},{"damage":0.0,"enemies":"Snake Plant","floor":30.0,"turns":2.0},{"damage":30.0,"enemies":"Champ","floor":33.0,"turns":7.0},{"damage":13.0,"enemies":"3 Darklings","floor":35.0,"turns":2.0},{"damage":1.0,"enemies":"3 Shapes","floor":36.0,"turns":3.0},{"damage":12.0,"enemies":"3 Darklings","floor":37.0,"turns":2.0},{"damage":0.0,"enemies":"Mind Bloom Boss Battle","floor":38.0,"turns":2.0},{"damage":0,"enemies":"Orin","floor":39,"turns":3},{"damage":0,"enemies":"Maw","floor":41,"turns":3},{"damage":0,"enemies":"Spire Growth","floor":44,"turns":2},{"damage":0,"enemies":"Transient","floor":48,"turns":5},{"damage":15,"enemies":"Time Eater","floor":50,"turns":5}],"seed_played":"2176220414486986921","potions_obtained":[{"floor":13.0,"key":"Strength Potion"},{"floor":20.0,"key":"Energy Potion"},{"floor":20.0,"key":"BlessingOfTheForge"},{"floor":20.0,"key":"SteroidPotion"},{"floor":28.0,"key":"Explosive Potion"},{"floor":30.0,"key":"DuplicationPotion"},{"floor":35.0,"key":"Strength Potion"},{"floor":36.0,"key":"PowerPotion"},{"floor":39,"key":"AttackPotion"},{"floor":48,"key":"PowerPotion"}],"is_trial":false,"path_per_floor":["M","$","M","?","$","E","R","?","T","M","?","R","M","?","R","B",null,"M","?","?","$","M","R","E","M","T","R","E","$","M","?","R","B",null,"M","M","M","?","?","R","M","?","T","M","$","R","?","M","R","B",null],"character_chosen":"WATCHER","items_purchased":["ClockworkSouvenir","Letter Opener","AttackPotion","Kunai","ColorlessPotion"],"campfire_rested":2,"item_purchase_floors":[21,29,29,45,45],"current_hp_per_floor":[72,72,72,54,54,54,54,47,47,47,52,52,52,52,52,9,77,69,69,69,69,64,64,46,46,46,46,27,27,27,27,50,20,77,64,63,51,51,51,51,51,51,51,51,51,51,51,51,72,57],"gold":21,"neow_bonus":"THREE_ENEMY_KILL","is_daily":false,"chose_seed":false,"campfire_upgraded":7,"win_rate":0.0,"timestamp":1613462116,"path_taken":["M","$","M","?","$","E","R","?","T","M","?","R","?","?","R","BOSS","M","?","?","$","M","R","E","?","T","R","E","?","?","?","R","BOSS","M","M","?","?","?","R","M","?","T","M","$","R","?","M","R","BOSS"],"items_purchased_type":["Relic","Relic","Potion","Relic","Potion"],"build_version":"2020-12-22","purchased_purges":3,"victory":true,"max_hp_per_floor":[72,72,72,72,72,72,72,72,72,72,77,77,77,77,77,77,77,77,77,77,77,77,77,77,77,77,77,77,77,77,77,77,77,77,77,77,77,77,77,77,77,73,73,73,73,73,73,73,73,73],"card_choices":[{"not_picked":["SashWhip","EmptyBody"],"picked":"EmptyFist","floor":1.0},{"not_picked":["Prostrate","JustLucky"],"picked":"FlurryOfBlows","floor":3.0},{"not_picked":["FlyingSleeves","Protect","MentalFortress"],"picked":"SKIP","floor":6.0},{"not_picked":["FollowUp","Consecrate","Weave"],"picked":"SKIP","floor":10.0},{"not_picked":["TalkToTheHand","Establishment","BowlingBash"],"picked":"SKIP","floor":13.0},{"not_picked":["ThirdEye+1","SashWhip","Weave"],"picked":"SKIP","floor":18.0},{"not_picked":["Conclude","CutThroughFate+1"],"picked":"EmptyFist+1","floor":22.0},{"not_picked":["JustLucky","Wallop"],"picked":"EmptyFist+1","floor":24.0},{"not_picked":["ReachHeaven+1","WaveOfTheHand","WreathOfFlame"],"picked":"SKIP","floor":25.0},{"not_picked":["SignatureMove+1","Study+1","CrushJoints"],"picked":"SKIP","floor":28.0},{"not_picked":["Consecrate+1","FlyingSleeves+1"],"picked":"Meditate+1","floor":30.0},{"not_picked":["EmptyBody","Sanctity"],"picked":"FlurryOfBlows","floor":35.0},{"not_picked":["SignatureMove","FollowUp+1"],"picked":"Tantrum+1","floor":36.0},{"not_picked":["Consecrate+1","Indignation","Prostrate+1"],"picked":"SKIP","floor":37.0},{"not_picked":["FollowUp+1","ThirdEye"],"picked":"EmptyBody","floor":38.0},{"not_picked":["FlyingSleeves","Evaluate+1","MasterReality"],"picked":"SKIP","floor":41},{"not_picked":["BowlingBash","Consecrate"],"picked":"FollowUp+1","floor":44},{"not_picked":["Wallop","CrushJoints+1","Halt"],"picked":"SKIP","floor":48}],"player_experience":110161,"relics_obtained":[{"floor":6.0,"key":"Ginger"},{"floor":9.0,"key":"Shuriken"},{"floor":24.0,"key":"Old Coin"},{"floor":26.0,"key":"Vajra"},{"floor":28.0,"key":"InkBottle"},{"floor":38.0,"key":"Turnip"},{"floor":39,"key":"CatCart"},{"floor":43,"key":"Unceasing Top"}],"event_choices":[{"damage_healed":0.0,"max_hp_gain":0.0,"max_hp_loss":0.0,"gold_gain":0.0,"event_name":"Golden Idol","player_choice":"Take Damage","floor":4.0,"gold_loss":0.0,"damage_taken":18.0,"relics_obtained":["Golden Idol"]},{"cards_removed":["Strike_P"],"damage_healed":0.0,"max_hp_gain":0.0,"max_hp_loss":0.0,"gold_gain":0.0,"event_name":"Golden Wing","player_choice":"Card Removal","floor":8.0,"gold_loss":0.0,"damage_taken":7.0},{"damage_healed":0.0,"max_hp_gain":5.0,"max_hp_loss":0.0,"gold_gain":0.0,"event_name":"Big Fish","player_choice":"Donut","floor":11.0,"gold_loss":0.0,"damage_taken":0.0},{"damage_healed":0.0,"max_hp_gain":0.0,"max_hp_loss":0.0,"gold_gain":0.0,"event_name":"Living Wall","player_choice":"Grow","floor":14.0,"gold_loss":0.0,"damage_taken":0.0,"cards_upgraded":["EmptyFist"]},{"damage_healed":0.0,"max_hp_gain":0.0,"max_hp_loss":0.0,"gold_gain":0.0,"event_name":"Ghosts","player_choice":"Ignored","floor":19.0,"gold_loss":0.0,"damage_taken":0.0},{"damage_healed":0.0,"max_hp_gain":0.0,"max_hp_loss":0.0,"gold_gain":0.0,"event_name":"Lab","player_choice":"Got Potions","floor":20.0,"gold_loss":0.0,"damage_taken":0.0},{"damage_healed":0.0,"max_hp_gain":0.0,"max_hp_loss":0.0,"gold_gain":0.0,"event_name":"The Joust","player_choice":"Bet on Owner","floor":31.0,"gold_loss":50.0,"damage_taken":0.0},{"damage_healed":0.0,"max_hp_gain":0.0,"max_hp_loss":0.0,"gold_gain":0.0,"event_name":"MindBloom","player_choice":"Fight","floor":38.0,"gold_loss":0.0,"damage_taken":0.0},{"damage_healed":0,"gold_gain":0,"player_choice":"Fight","damage_taken":0,"max_hp_gain":0,"max_hp_loss":0,"event_name":"OrinTheCat","floor":39,"gold_loss":0},{"damage_healed":0,"gold_gain":0,"player_choice":"Max HP","damage_taken":0,"max_hp_gain":0,"max_hp_loss":4,"event_name":"Winding Halls","floor":42,"gold_loss":0},{"damage_healed":0,"gold_gain":0,"player_choice":"Paid","damage_taken":0,"relics_obtained":["Red Mask"],"max_hp_gain":0,"max_hp_loss":0,"event_name":"Tomb of Lord Red Mask","floor":47,"gold_loss":22}],"is_beta":false,"boss_relics":[{"not_picked":["Ectoplasm","Snecko Eye"],"picked":"SacredBark"},{"not_picked":["Sozu","Pandora\u0027s Box"],"picked":"Cursed Key"}],"items_purged_floors":[2,21,45],"is_endless":false,"potions_floor_spawned":[13,24,28,30,35,36,39,48],"ascension_level":0}}