{"host":"yaxsefyig1et0yi2","time":1613506147,"event":{"mods":["Aspiration","BaseMod","BetterRewards","Colored Powertips","Conspire","Displayed Cursed Tome","Downfall","Halation","Hubris","Infinite Spire","JesterMod","Minty Spire (QoL Compilation)","Quick Restart","RatMod","Replay The Spire","Reworked Bosses","Spikes Relics","StSLib","The Bug Knight","The Jungle"],"gold_per_floor":[116,128,128,141,141,141,141,176,176,176,176,59,89,144,144,293,293,326,355,355,371,404,404,433,433,456,371,402,402,63,88,88,239,239,290,60,60,86,86,86,128,152,206,237,237,285,285,285,285,291],"floor_reached":51,"language":"ENG","playtime":2611,"items_purged":[],"score":934,"play_id":"b29ec74c-9b7f-496d-b105-efd6e8aa412a","local_time":"20210216150907","is_ascension_mode":false,"campfire_choices":[{"data":"PathToVictory","floor":6.0,"key":"SMITH"},{"data":"Eruption","floor":11.0,"key":"SMITH"},{"data":"Ragnarok","floor":15.0,"key":"SMITH"},{"data":"Judgement","floor":23.0,"key":"SMITH"},{"data":"rat:ColdBlood","floor":29.0,"key":"SMITH"},{"data":"Draining Mist","floor":32.0,"key":"SMITH"},{"data":"Terror","floor":40.0,"key":"SMITH"},{"data":"rat:MimicPod","floor":45.0,"key":"SMITH"},{"data":"Pot Of Greed","floor":47,"key":"SMITH"},{"data":"Pot Of Greed","floor":49,"key":"SMITH"}],"circlet_count":0,"master_deck":["Strike_P+1","Strike_P+1","Strike_P+1","Strike_P+1","Defend_P+1","Defend_P+1","Defend_P+1","Defend_P+1","Eruption+1","Vigilance","PathToVictory+1","SignatureMove","Ragnarok+1","Replay:ManipulateFuture","Fasting2","LikeWater","WaveOfTheHand","Judgement+1","rat:MimicPod+1","rat:SilveredBlade","downfall:Bewildered","Footwork+1","Deflect","Draining Mist+1","Pot Of Greed+1","Pot Of Greed+1","Pot Of Greed","rat:ColdBlood+1","Good Instincts","Masterful Stab+1","DevaForm+1","ConjureBlade","Terror+1","Writhe","rat:DextrousStrike+1","Outmaneuver+1","CrushJoints+1","PathToVictory+1","Noxious Fumes","Pot Of Greed"],"relics":["Coffee Dripper","halation:EternalFortune","Golden Idol","Replay:Bandana","MiniBlackHole","hubris:TinFlute","aspiration:SilentSkillbook","sneckomod:BabySnecko","Happy Flower","Grinning Jar","Iron Hammer","infinitespire:EvilPickle","conspire:SlowCooker","rat:PhantomDancer","Centennial Puzzle"],"acts_visited":["Exordium","TheCity","TheBeyond"],"potions_floor_usage":[46,50,50],"damage_taken":[{"damage":7.0,"enemies":"Small Slimes","floor":1.0,"turns":3.0},{"damage":3.0,"enemies":"Jaw Worm","floor":2.0,"turns":3.0},{"damage":0.0,"enemies":"Cultist","floor":4.0,"turns":2.0},{"damage":19.0,"enemies":"Lagavulin","floor":8.0,"turns":6.0},{"damage":19.0,"enemies":"Exordium Wildlife","floor":13.0,"turns":3.0},{"damage":9.0,"enemies":"3 Sentries","floor":14.0,"turns":4.0},{"damage":10.0,"enemies":"Hexaghost","floor":16.0,"turns":7.0},{"damage":0.0,"enemies":"3 Byrds","floor":18.0,"turns":4.0},{"damage":0.0,"enemies":"Chosen","floor":19.0,"turns":4.0},{"damage":24.0,"enemies":"Snake Plant","floor":21.0,"turns":5.0},{"damage":23.0,"enemies":"Centurion and Healer","floor":22.0,"turns":5.0},{"damage":42.0,"enemies":"Snecko","floor":24.0,"turns":6.0},{"damage":0.0,"enemies":"Sentry and Sphere","floor":28.0,"turns":1.0},{"damage":7.0,"enemies":"Shelled Parasite and Fungi","floor":31.0,"turns":3.0},{"damage":4.0,"enemies":"Pondfish","floor":33.0,"turns":7.0},{"damage":21.0,"enemies":"3 Darklings","floor":35.0,"turns":6.0},{"damage":18.0,"enemies":"3 Shapes","floor":38.0,"turns":6.0},{"damage":32.0,"enemies":"3 Darklings","floor":41.0,"turns":8.0},{"damage":10.0,"enemies":"Writhing Mass","floor":42.0,"turns":5.0},{"damage":0.0,"enemies":"Maw","floor":44.0,"turns":6.0},{"damage":20,"enemies":"3 Darklings","floor":46,"turns":3},{"damage":52,"enemies":"bossMod:newAwakened","floor":50,"turns":10}],"seed_played":"-8700514437138933602","potions_obtained":[{"floor":4.0,"key":"SkillPotion"},{"floor":13.0,"key":"AttackPotion"},{"floor":14.0,"key":"SpeedPotion"},{"floor":19.0,"key":"Weak Potion"},{"floor":21.0,"key":"StancePotion"},{"floor":22.0,"key":"SkillPotion"},{"floor":31.0,"key":"PowerPotion"},{"floor":38.0,"key":"Strength Potion"},{"floor":41.0,"key":"Guardian:BlockOnCardUsePotion"},{"floor":46,"key":"LiquidMemories"}],"is_trial":false,"path_per_floor":["M","M","?","M","?","R","?","E","T","?","R","$","M","E","R","B",null,"M","M","?","M","M","R","M","?","T","?","M","R","$","M","R","B",null,"M","$","?","M","?","R","M","M","T","M","R","M","R","?","R","B",null],"character_chosen":"WATCHER","items_purchased":["Replay:ManipulateFuture","Fasting2","Good Instincts","Iron Hammer","rat:PhantomDancer","Terror"],"campfire_rested":0,"item_purchase_floors":[12,12,30,30,36,36],"current_hp_per_floor":[65,62,48,48,51,51,51,32,32,55,55,55,36,27,27,17,69,69,69,69,45,22,22,27,27,27,27,27,27,27,20,20,16,69,48,48,65,47,47,47,15,69,69,69,69,49,49,60,60,8],"gold":291,"neow_bonus":"BOSS_RELIC","is_daily":false,"chose_seed":false,"campfire_upgraded":10,"win_rate":0.0,"timestamp":1613506147,"path_taken":["M","M","?","M","?","R","?","E","T","?","R","?","?","E","R","BOSS","M","M","?","M","M","R","M","?","T","?","M","R","$","M","R","BOSS","M","$","?","M","?","R","M","?","T","M","R","M","R","?","R","BOSS"],"items_purchased_type":["Card","Card","Card","Relic","Relic","Card"],"build_version":"2020-12-22","purchased_purges":0,"victory":true,"max_hp_per_floor":[72,72,72,72,75,75,69,69,69,69,69,69,69,69,69,69,69,69,69,69,69,69,69,69,69,69,69,69,69,69,69,69,69,69,69,69,69,69,69,69,69,69,69,69,69,69,69,60,60,60],"card_choices":[{"not_picked":["Wallop","JustLucky"],"picked":"PathToVictory","floor":1.0},{"not_picked":["CutThroughFate","ForeignInfluence"],"picked":"SignatureMove","floor":2.0},{"not_picked":["Collect","ReachHeaven","Replay:AtTheReady"],"picked":"SKIP","floor":4.0},{"not_picked":["FlyingSleeves","Replay:Vibes"],"picked":"Ragnarok","floor":8.0},{"not_picked":["ReachHeaven","CrushJoints"],"picked":"LikeWater","floor":13.0},{"not_picked":["FlurryOfBlows","EmptyFist"],"picked":"WaveOfTheHand","floor":14.0},{"not_picked":["DeusExMachina","Vault"],"picked":"Judgement","floor":16.0},{"not_picked":["FlyingSleeves","Collect","PiercingWail+1"],"picked":"rat:MimicPod","floor":18.0},{"not_picked":["Flying Knee","LikeWater","Caltrops"],"picked":"rat:SilveredBlade","floor":19.0},{"not_picked":["BowlingBash","Halt","Infinite Blades+1"],"picked":"Footwork+1","floor":21.0},{"not_picked":["Deadly Poison","Replay:AtTheReady+1","Bouncing Flask"],"picked":"Deflect","floor":22.0},{"not_picked":["Tactician","Backflip","PiercingWail"],"picked":"Draining Mist","floor":24.0},{"not_picked":["Storm of Steel","CrushJoints","Hidden Blade"],"picked":"rat:ColdBlood","floor":28.0},{"not_picked":["Accuracy","Evaluate+1","Replay:Hum"],"picked":"Masterful Stab+1","floor":31.0},{"not_picked":["rat:BloodPact","Doppelganger","Replay:Bag of Tricks"],"picked":"DevaForm","floor":33.0},{"not_picked":["FlyingSleeves+1","Underhanded Strike","Replay:BluntJabs"],"picked":"ConjureBlade","floor":35.0},{"not_picked":["rat:Shadowstep+1","Outmaneuver","Sucker Punch+1"],"picked":"rat:DextrousStrike+1","floor":38.0},{"not_picked":["EmptyMind","Hidden Blade+1","Deflect+1"],"picked":"Outmaneuver+1","floor":41.0},{"not_picked":["Backflip+1","Replay:BluntJabs+1","Deflect+1"],"picked":"CrushJoints+1","floor":42.0},{"not_picked":["CutThroughFate+1","Replay:Anticipation+1","Riddle With Holes+1"],"picked":"PathToVictory+1","floor":44.0},{"not_picked":["hubris:SlightOfHand","CutThroughFate+1","Prostrate"],"picked":"Noxious Fumes","floor":46}],"player_experience":286705,"relics_obtained":[{"floor":8.0,"key":"Replay:Bandana"},{"floor":9.0,"key":"MiniBlackHole"},{"floor":14.0,"key":"hubris:TinFlute"},{"floor":26.0,"key":"Happy Flower"},{"floor":43.0,"key":"Centennial Puzzle"}],"event_choices":[{"damage_healed":0.0,"max_hp_gain":0.0,"max_hp_loss":0.0,"gold_gain":0.0,"event_name":"Shining Light","player_choice":"Entered Light","floor":3.0,"gold_loss":0.0,"damage_taken":14.0,"cards_upgraded":["Strike_P","Defend_P"]},{"damage_healed":0.0,"max_hp_gain":0.0,"max_hp_loss":6.0,"gold_gain":0.0,"event_name":"Golden Idol","player_choice":"Lose Max HP","floor":7.0,"gold_loss":0.0,"damage_taken":0.0,"relics_obtained":["Golden Idol"]},{"damage_healed":23.0,"max_hp_gain":0.0,"max_hp_loss":0.0,"gold_gain":0.0,"event_name":"Big Fish","player_choice":"Banana","floor":10.0,"gold_loss":0.0,"damage_taken":0.0},{"damage_healed":0.0,"max_hp_gain":0.0,"max_hp_loss":0.0,"gold_gain":0.0,"event_name":"Back to Basics","player_choice":"Simplicity","floor":25.0,"gold_loss":0.0,"damage_taken":0.0,"cards_upgraded":["Strike_P","Strike_P","Strike_P","Defend_P","Defend_P","Defend_P"]},{"damage_healed":0.0,"max_hp_gain":0.0,"max_hp_loss":0.0,"gold_gain":0.0,"event_name":"Addict","player_choice":"Obtained Relic","floor":27.0,"gold_loss":85.0,"damage_taken":0.0,"relics_obtained":["Grinning Jar"]},{"damage_healed":17.0,"max_hp_gain":0.0,"max_hp_loss":0.0,"gold_gain":0.0,"event_name":"Winding Halls","player_choice":"Writhe","floor":37.0,"gold_loss":0.0,"damage_taken":0.0,"cards_obtained":["Writhe"]},{"damage_healed":0.0,"max_hp_gain":0.0,"max_hp_loss":0.0,"gold_gain":0.0,"event_name":"Upgrade Shrine","player_choice":"Upgraded","floor":39.0,"gold_loss":0.0,"damage_taken":0.0,"cards_upgraded":["DevaForm"]},{"damage_healed":60,"gold_gain":0,"player_choice":"Heal","damage_taken":0,"max_hp_gain":0,"max_hp_loss":9,"event_name":"The Moai Head","floor":48,"gold_loss":0}],"is_beta":false,"boss_relics":[{"not_picked":["infinitespire:Cupcake","Snecko Eye"],"picked":"aspiration:SilentSkillbook"},{"not_picked":["hubris:GrandSneckoEye","Pandora\u0027s Box"],"picked":"conspire:SlowCooker"}],"items_purged_floors":[],"is_endless":false,"potions_floor_spawned":[4,13,14,19,21,22,31,38,41,46],"ascension_level":0}}