{"host":"e1dlxrn9xf91lno8","time":1613499281,"event":{"mods":["AchievementEnabler","Aspiration","Bard","BaseMod","Beaked The Cultist","Bestiary","Better Altar","Better Sensory Stone","Better Third Choice","BetterRewards","Bossed Relics","Colored Map","Colored Powertips","Energized Spire","Filter the Spire","GungeonMod","Hermit","Highlight Path","Hubris","Infinite Spire","Mimic Mod","Minty Spire (QoL Compilation)","Morshu Shopkeeper","Morshu Shopkeeper - ENHANCED","Quick Restart","Rare Cards Sparkle","Reliquary","Replay The Spire","Shop Mod","Smile Girya","Somnambulant","StSLib","The Blue Laboratory","The Cursed","The Disciple","The Runesmith","Together in Spire","Uncapped","everything is the same but u backflip on backflip","slay the spire mod where everything is the same but ironclad has a cowboy hat"],"gold_per_floor":[118,118,42,42,62,87,87,100,100,100,110,110,110],"floor_reached":12,"language":"ENG","playtime":340,"items_purged":[],"score":78,"play_id":"cdf8cca8-e17a-44a4-81e0-3847e570d6ab","local_time":"20210216131441","is_ascension_mode":false,"campfire_choices":[{"floor":7,"key":"REST"},{"floor":10,"key":"REST"}],"circlet_count":0,"master_deck":["hermit:Strike_Hermit","hermit:Strike_Hermit","hermit:Strike_Hermit","hermit:Strike_Hermit","hermit:Defend_Hermit","hermit:Defend_Hermit","hermit:Defend_Hermit","hermit:Defend_Hermit","hermit:Snapshot","hermit:Covet","hermit:Shortfuse","Amnesia","hermit:Ricochet","hermit:SprayPray","DemoMod:FastSwitch","DemoMod:Polaris","hermit:Roulette","hermit:ShadowCloak"],"relics":["hermit:Momento","aspiration:Nostalgia","TheCursedMod:BlackMagic101","hubris:DisguiseKit","Darkstone Periapt","Replay:Mystery Machine"],"acts_visited":["Exordium"],"potions_floor_usage":[],"damage_taken":[{"damage":10,"enemies":"Jaw Worm","floor":1,"turns":4},{"damage":0,"enemies":"Cultist","floor":5,"turns":2},{"damage":55,"enemies":"Lagavulin","floor":6,"turns":7},{"damage":4,"enemies":"2 Louse","floor":8,"turns":2},{"damage":16,"enemies":"Red Slaver","floor":11,"turns":3},{"damage":13,"enemies":"3 Sentries","floor":12,"turns":2}],"seed_played":"-9116284426798644517","potions_obtained":[{"floor":1,"key":"blueLaboratory:PyrophylliteBrew"},{"floor":11,"key":"blueLaboratory:EnragingPotion"}],"is_trial":false,"path_per_floor":["M","?","$","?","M","E","R","M","T","R","M","E"],"character_chosen":"HERMIT","items_purchased":["hermit:Ricochet","hermit:SprayPray"],"campfire_rested":2,"item_purchase_floors":[3,3],"current_hp_per_floor":[65,65,65,65,65,10,32,28,28,50,34,21,21],"gold":110,"neow_bonus":"NOSTALGIA","is_daily":false,"chose_seed":false,"campfire_upgraded":0,"win_rate":0.0,"timestamp":1613499281,"path_taken":["M","?","$","?","M","E","R","M","T","R","M","E"],"items_purchased_type":["Card","Card"],"build_version":"2020-12-22","purchased_purges":0,"victory":false,"max_hp_per_floor":[75,75,75,75,75,75,75,75,75,75,75,75,75],"card_choices":[{"not_picked":["hermit:Coalescence","hermit:Manifest"],"picked":"hermit:Shortfuse","floor":1},{"not_picked":["hermit:Horror","hermit:Misfire","hermit:Snipe"],"picked":"DemoMod:FastSwitch","floor":5},{"not_picked":["hermit:Adapt","hermit:Ricochet","hermit:Snipe"],"picked":"DemoMod:Polaris","floor":6},{"not_picked":["hermit:BodyArmor","hermit:DeadMansHand","DemoMod:Unmoved"],"picked":"hermit:Roulette","floor":8},{"not_picked":["hermit:Roulette","hermit:Glare","DemoMod:Unmoved"],"picked":"hermit:ShadowCloak","floor":11}],"player_experience":26114,"relics_obtained":[{"floor":6,"key":"Darkstone Periapt"},{"floor":9,"key":"Replay:Mystery Machine"}],"event_choices":[{"damage_healed":0,"gold_gain":0,"player_choice":"Ignored","damage_taken":0,"max_hp_gain":0,"max_hp_loss":0,"event_name":"Transmorgrifier","floor":4,"gold_loss":0}],"is_beta":false,"boss_relics":[],"items_purged_floors":[],"is_endless":false,"potions_floor_spawned":[1,8,11],"killed_by":"3 Sentries","ascension_level":0}}