{"host":"h49usdrjeju7gyhi","time":1613456351,"event":{"mods":["BaseMod","Colored Map","Minty Spire (QoL Compilation)","StSLib","The Animator"],"gold_per_floor":[13,36,48,80,125,125,143,174,201,216,271,291,466,483,483,582,582,596,616,471,471,534,534,534,551,577,577,590,651,682,699,699,803,803,831,881,931,945,958,958,1028,1028,1028,1059,896,896,896,923,923,923,923],"floor_reached":50,"language":"ENG","playtime":5868,"items_purged":["animator:Strike"],"score":680,"play_id":"1108b359-9d76-44bd-a2c5-d6863712fb3a","local_time":"20210216011911","is_ascension_mode":false,"campfire_choices":[{"data":"animator:YachiyoNanami","floor":6.0,"key":"SMITH"},{"data":"animator:KyokoSakura","floor":15,"key":"SMITH"},{"data":"animator:Greed","floor":23,"key":"SMITH"},{"data":"animator:Pride","floor":27,"key":"SMITH"},{"floor":32,"key":"REST"},{"floor":40,"key":"RECALL"},{"floor":42,"key":"REST"},{"data":"animator:SuzuneAmano","floor":46,"key":"SMITH"},{"data":"animator:GazelDwargon","floor":47,"key":"SMITH"},{"data":"animator:HououinKyouma","floor":49,"key":"SMITH"}],"circlet_count":0,"master_deck":["animator:Defend_MadokaMagica","animator:IrohaTamaki","animator:YuiTsuruno","animator:HououinKyouma+1","animator:Witch","animator:KyokoSakura+1","animator:YachiyoNanami+1","animator:SayakaMiki","animator:OrikoMikuni","animator:Greed+1","animator:SuzuneAmano+1","Doubt","animator:SwordMaiden","animator:MadokaKaname","animator:MamiTomoe","animator:Arpeggio","animator:Pride+1","animator:OrikoMikuni","animator:Darkness+1","animator:YuiTsuruno","animator:NagisaMomoe","animator:HomuraAkemi","animator:IrohaTamaki","animator:Kyubey","animator:NagisaMomoe","animator:ElricEdward","Writhe","animator:WinryRockbell","animator:MadokaKaname","animator:MamizouFutatsuiwa","animator:GazelDwargon+1","animator:Kyubey"],"relics":["animator:LivingPicture","animator:TheMissingPiece","animator:PurgingStone","Ancient Tea Set","Orichalcum","Du-Vu Doll","Empty Cage","SsserpentHead","WingedGreaves","animator:RacePiece","Molten Egg 2","Strawberry","PreservedInsect"],"acts_visited":["Exordium","TheCity","TheBeyond"],"potions_floor_usage":[8,30,33,50,50],"damage_taken":[{"damage":0.0,"enemies":"Cultist","floor":1.0,"turns":4.0},{"damage":1.0,"enemies":"2 Louse","floor":2.0,"turns":4.0},{"damage":0.0,"enemies":"Small Slimes","floor":3.0,"turns":3.0},{"damage":19.0,"enemies":"Gremlin Gang","floor":4.0,"turns":8.0},{"damage":0,"enemies":"Blue Slaver","floor":7,"turns":5},{"damage":17,"enemies":"Exordium Wildlife","floor":8,"turns":6},{"damage":9,"enemies":"Exordium Thugs","floor":10,"turns":6},{"damage":3,"enemies":"Lagavulin","floor":11,"turns":7},{"damage":2,"enemies":"Gremlin Gang","floor":12,"turns":6},{"damage":1,"enemies":"2 Fungi Beasts","floor":14,"turns":3},{"damage":0,"enemies":"Hexaghost","floor":16,"turns":8},{"damage":10,"enemies":"Shell Parasite","floor":18,"turns":8},{"damage":0,"enemies":"Chosen","floor":19,"turns":10},{"damage":2,"enemies":"Snecko","floor":22,"turns":6},{"damage":8,"enemies":"Snake Plant","floor":25,"turns":5},{"damage":7,"enemies":"Centurion and Healer","floor":28,"turns":8},{"damage":24,"enemies":"3 Cultists","floor":29,"turns":8},{"damage":48,"enemies":"Slavers","floor":30,"turns":10},{"damage":0,"enemies":"Chosen and Byrds","floor":31,"turns":9},{"damage":0,"enemies":"Champ","floor":33,"turns":11},{"damage":8,"enemies":"Orb Walker","floor":35,"turns":8},{"damage":0,"enemies":"3 Shapes","floor":38,"turns":6},{"damage":29,"enemies":"Writhing Mass","floor":39,"turns":7},{"damage":37,"enemies":"4 Shapes","floor":41,"turns":8},{"damage":1,"enemies":"Giant Head","floor":44,"turns":13},{"damage":17,"enemies":"Nemesis","floor":48,"turns":9},{"damage":90,"enemies":"Donu and Deca","floor":50,"turns":14}],"seed_played":"1339755121706273683","potions_obtained":[{"floor":1.0,"key":"Regen Potion"},{"floor":3.0,"key":"LiquidMemories"},{"floor":11,"key":"Regen Potion"},{"floor":12,"key":"LiquidBronze"},{"floor":22,"key":"CultistPotion"},{"floor":30,"key":"Ancient Potion"},{"floor":41,"key":"SpeedPotion"}],"is_trial":false,"path_per_floor":["M","M","M","M","T","R","M","M","T","M","E","M","?","M","R","B",null,"M","M","$","?","M","R","?","M","T","R","M","M","E","M","R","B",null,"M","?","?","M","M","R","M","R","T","E","$","R","R","E","R","B"],"character_chosen":"THE_ANIMATOR","items_purchased":["animator:Arpeggio","animator:MamizouFutatsuiwa","animator:GazelDwargon"],"campfire_rested":2,"item_purchase_floors":[20,45,45],"current_hp_per_floor":[66,65,66,47,47,47,48,46,46,37,34,32,32,31,31,33,70,69,70,70,70,71,71,71,63,63,63,56,41,8,17,38,38,71,63,71,71,72,52,52,33,54,54,69,69,69,69,61,61,0,0],"gold":923,"neow_bonus":"RANDOM_COLORLESS_2","is_daily":false,"chose_seed":false,"campfire_upgraded":7,"win_rate":0.0,"timestamp":1613456351,"path_taken":["M","?","M","M","?","R","M","M","T","M","E","M","?","M","R","BOSS","M","M","$","?","?","R","?","M","T","R","M","?","E","M","R","BOSS","M","?","?","M","M","R","?","R","T","E","$","R","R","E","R","BOSS"],"items_purchased_type":["Card","Card","Card"],"build_version":"2020-12-22","purchased_purges":1,"victory":false,"max_hp_per_floor":[66,66,67,67,67,67,68,68,68,68,68,68,68,68,68,70,70,70,70,70,70,71,71,71,71,71,71,71,71,71,71,71,71,71,71,71,71,72,72,72,72,72,72,79,79,79,79,79,79,79,79],"card_choices":[{"not_picked":["animator:HarukoHaruhara","animator:KotoriKanbe"],"picked":"animator:HououinKyouma","floor":0.0},{"not_picked":["animator:ElricAlphonse","animator:Scar"],"picked":"animator:Witch","floor":1.0},{"not_picked":["animator:Benimaru","animator:ElricEdward"],"picked":"animator:KyokoSakura","floor":2.0},{"not_picked":["animator:HiiragiShinya","animator:ZankiKiguchi"],"picked":"animator:YachiyoNanami","floor":3.0},{"not_picked":["animator:KyokoSakura","animator:OrikoMikuni"],"picked":"animator:SayakaMiki","floor":4.0},{"not_picked":["animator:SayakaMiki","animator:KyokoSakura"],"picked":"animator:OrikoMikuni","floor":7},{"not_picked":["animator:Benimaru","animator:Verdia"],"picked":"animator:Greed","floor":8},{"not_picked":["animator:Sloth","animator:RoyMustang","animator:KrulTepes"],"picked":"SKIP","floor":10},{"not_picked":["animator:KyokoSakura","animator:OrikoMikuni"],"picked":"animator:SuzuneAmano","floor":11},{"not_picked":["animator:Benimaru","animator:Tatsumaki","animator:Vesta"],"picked":"SKIP","floor":12},{"not_picked":["animator:SuzuneAmano","animator:MaesHughes"],"picked":"animator:SwordMaiden","floor":14},{"not_picked":["animator:Biyorigo","animator:Guren"],"picked":"animator:MadokaKaname","floor":16},{"not_picked":["animator:OrikoMikuni","animator:Bozes","animator:IrohaTamaki"],"picked":"SKIP","floor":18},{"not_picked":["animator:OrikoMikuni","animator:SayakaMiki"],"picked":"animator:MamiTomoe","floor":19},{"not_picked":["animator:OrikoMikuni","animator:SuzuneAmano+1"],"picked":"animator:Pride","floor":22},{"not_picked":["animator:TsurugaMeisai","animator:ZankiKiguchi"],"picked":"animator:OrikoMikuni","floor":25},{"not_picked":["animator:ZankiKiguchi","animator:YaoHaDucy"],"picked":"animator:Darkness+1","floor":28},{"not_picked":["animator:IrohaTamaki","animator:OrikoMikuni"],"picked":"animator:YuiTsuruno","floor":29},{"not_picked":["animator:SayakaMiki","animator:YachiyoNanami"],"picked":"animator:NagisaMomoe","floor":30},{"not_picked":["animator:Tatsumaki","animator:HiiragiShinya","animator:MetalKnight"],"picked":"SKIP","floor":31},{"not_picked":["animator:ItamiYouji","animator:Eris"],"picked":"animator:HomuraAkemi","floor":33},{"not_picked":["animator:Pride","animator:UneriGinkaku"],"picked":"animator:ElricEdward","floor":35},{"not_picked":["animator:ElricEdward","animator:Pride"],"picked":"animator:WinryRockbell","floor":38},{"not_picked":["animator:IrohaTamaki","animator:Shuna"],"picked":"animator:MadokaKaname","floor":39},{"not_picked":["animator:TsurugaMeisai+1","animator:YunYun","animator:Verdia"],"picked":"SKIP","floor":41},{"not_picked":["animator:Scar+1","animator:YachiyoNanami+1","animator:Witch"],"picked":"SKIP","floor":44},{"not_picked":["animator:YachiyoNanami","animator:OrikoMikuni"],"picked":"animator:Kyubey","floor":48}],"player_experience":1575714,"relics_obtained":[{"floor":5.0,"key":"Ancient Tea Set"},{"floor":9,"key":"Orichalcum"},{"floor":11,"key":"Du-Vu Doll"},{"floor":30,"key":"WingedGreaves"},{"floor":43,"key":"Molten Egg 2"},{"floor":44,"key":"Strawberry"},{"floor":48,"key":"PreservedInsect"}],"event_choices":[{"damage_healed":0,"gold_gain":175,"player_choice":"AGREE","damage_taken":0,"max_hp_gain":0,"max_hp_loss":0,"event_name":"Liars Game","floor":13,"gold_loss":0,"cards_obtained":["Doubt"]},{"damage_healed":0,"gold_gain":0,"player_choice":"Trade","damage_taken":0,"relics_obtained":["SsserpentHead"],"max_hp_gain":0,"max_hp_loss":0,"event_name":"FaceTrader","floor":21,"gold_loss":0},{"damage_healed":0,"gold_gain":0,"player_choice":"Bet on Murderer","damage_taken":0,"max_hp_gain":0,"max_hp_loss":0,"event_name":"The Joust","floor":24,"gold_loss":50},{"damage_healed":18,"gold_gain":0,"player_choice":"Writhe","damage_taken":0,"max_hp_gain":0,"max_hp_loss":0,"event_name":"Winding Halls","floor":36,"gold_loss":0,"cards_obtained":["Writhe"]},{"cards_removed":["animator:Strike_MadokaMagica"],"damage_healed":0,"gold_gain":0,"player_choice":"Offered Basic","damage_taken":0,"max_hp_gain":0,"max_hp_loss":0,"event_name":"Bonfire Elementals","floor":37,"gold_loss":0}],"is_beta":false,"boss_relics":[{"not_picked":["Mark of Pain","Runic Dome"],"picked":"Empty Cage"},{"not_picked":["Pandora\u0027s Box","Fusion Hammer"],"picked":"animator:RacePiece"}],"items_purged_floors":[20],"is_endless":false,"potions_floor_spawned":[1,3,11,12,19,22,30,41,48],"killed_by":"Donu and Deca","ascension_level":0}}