{"host":"xltl1aroowo69o4n","time":1613458609,"event":{"mods":["BaseMod","Colored Map","Colored Powertips","Downfall","Marisa????????","Minty Spire (QoL Compilation)","Replay The Spire","StSLib","The Cursed","The Hierophant","The Mystic","The Necromancer","The Servant 0.9.4"],"gold_per_floor":[118,13,13,13,13,47,47,58,58,70,70,80,143,154,154,154,154],"floor_reached":16,"language":"ENG","playtime":635,"items_purged":[],"score":100,"play_id":"90442847-3e97-46e9-80ce-9fb85cb7bbf1","local_time":"20210216015649","is_ascension_mode":false,"campfire_choices":[{"floor":11,"key":"REST"},{"floor":15,"key":"REST"}],"circlet_count":0,"master_deck":["mysticmod:Strike_Mystic","mysticmod:Strike_Mystic","mysticmod:Strike_Mystic","mysticmod:Defend_Mystic","mysticmod:Defend_Mystic","mysticmod:Defend_Mystic+1","mysticmod:Defend_Mystic","mysticmod:ArcaneDodge","mysticmod:ShockingGrasp","mysticmod:Doublecast","mysticmod:TomeOfSpells","mysticmod:PowerAttack","mysticmod:StyleChange","mysticmod:Probe+1","mysticmod:MagicMissile+1","mysticmod:Fly","mysticmod:Probe+1"],"relics":["mysticmod:SpellBook","Bag of Preparation","Molten Egg 2","Replay:Accelerometer","Onion Ring"],"acts_visited":["Exordium"],"potions_floor_usage":[14,16],"damage_taken":[{"damage":0,"enemies":"Jaw Worm","floor":1,"turns":3},{"damage":58,"enemies":"Gremlin Nob","floor":6,"turns":7},{"damage":0,"enemies":"Cultist","floor":8,"turns":3},{"damage":7,"enemies":"Small Slimes","floor":10,"turns":4},{"damage":1,"enemies":"2 Fungi Beasts","floor":12,"turns":3},{"damage":21,"enemies":"Lagavulin Event","floor":13,"turns":6},{"damage":0,"enemies":"Looter","floor":14,"turns":3},{"damage":33,"enemies":"The Guardian","floor":16,"turns":8}],"seed_played":"2104494623676892119","potions_obtained":[{"floor":6,"key":"Weak Potion"},{"floor":10,"key":"FearPotion"},{"floor":12,"key":"Elixir"}],"is_trial":false,"path_per_floor":["M","?","$","?","?","E","$","M","T","M","R","M","?","M","R","B"],"character_chosen":"MYSTIC_CLASS","items_purchased":[],"campfire_rested":2,"item_purchase_floors":[],"current_hp_per_floor":[77,77,77,77,70,12,12,12,12,5,28,27,6,6,29,0,0],"gold":154,"neow_bonus":"ONE_RANDOM_RARE_CARD","is_daily":false,"chose_seed":false,"campfire_upgraded":0,"win_rate":0.0,"timestamp":1613458609,"path_taken":["M","?","?","?","?","E","?","M","T","?","R","M","?","M","R","BOSS"],"items_purchased_type":[],"build_version":"2020-12-13","purchased_purges":0,"victory":false,"max_hp_per_floor":[77,77,77,77,77,77,77,77,77,77,77,77,77,77,77,77,77],"card_choices":[{"not_picked":["mysticmod:Sideswipe","mysticmod:Alacrity"],"picked":"mysticmod:TomeOfSpells","floor":1},{"not_picked":["mysticmod:Disengage","mysticmod:Alacrity"],"picked":"mysticmod:PowerAttack","floor":6},{"not_picked":["mysticmod:Haste","mysticmod:Daze"],"picked":"mysticmod:StyleChange","floor":8},{"not_picked":["mysticmod:PureInstinct","mysticmod:Daze"],"picked":"mysticmod:Probe+1","floor":10},{"not_picked":["mysticmod:MightyMagic","mysticmod:FloatingDisk"],"picked":"mysticmod:MagicMissile+1","floor":12},{"not_picked":["mysticmod:PureInstinct","mysticmod:Daze"],"picked":"mysticmod:Fly","floor":13},{"not_picked":["mysticmod:LightningBolt+1","mysticmod:Daze"],"picked":"mysticmod:Probe+1","floor":14}],"player_experience":194729,"relics_obtained":[{"floor":6,"key":"Molten Egg 2"},{"floor":9,"key":"Replay:Accelerometer"},{"floor":13,"key":"Onion Ring"}],"event_choices":[{"damage_healed":0,"gold_gain":0,"player_choice":"Paid Gold","damage_taken":0,"relics_obtained":["Bag of Preparation"],"max_hp_gain":0,"max_hp_loss":0,"event_name":"WeMeetAgain","floor":2,"gold_loss":105},{"cards_removed":["mysticmod:Strike_Mystic"],"damage_healed":0,"gold_gain":0,"player_choice":"Card Removal","damage_taken":7,"max_hp_gain":0,"max_hp_loss":0,"event_name":"Golden Wing","floor":5,"gold_loss":0},{"damage_healed":0,"gold_gain":30,"player_choice":"Searched \u00273\u0027 times","damage_taken":0,"max_hp_gain":0,"max_hp_loss":0,"event_name":"Dead Adventurer","floor":13,"gold_loss":0}],"is_beta":false,"boss_relics":[],"items_purged_floors":[],"is_endless":false,"potions_floor_spawned":[6,10,12],"killed_by":"The Guardian","ascension_level":0}}