{"host":"9qgbal69wq5palas","time":1613495952,"event":{"mods":["2.2 Compatiblity","Abigail Mod","AchievementEnabler","Act Like it!","Aspiration","Astrologer","Bartender","BaseMod","Better Altar","Better Note","Better Skull","Better Third Choice","Colored Powertips","Hallownest","Hermit","Highlight Path","Hubris","Infinite Spire","Jorbs\u0027s Wanderer Trilogy","Koishi","Lobotomy","Minty Spire (QoL Compilation)","Potionbrewer","Quick Restart","Random Character Button","Replay The Spire","Shade Mod","Shop Mod","Spicy Shops","StSLib","The Animator","The Bug Knight","The Cursed","The Disciple","The Exalted","The Hierophant","The Necromancer","The Servant 0.9.4","Wandering Minibosses"],"gold_per_floor":[118,118,132,143,161,193,193,209,286,66,66,99,110,137,137,238,238,250,250,264,109,129,129,158,158,158,158,98,98,110,110,110,213,213,223,236,93,93,111,136,155,155,181,181,197,217,47,72,72,72,72],"floor_reached":50,"language":"ENG","playtime":3386,"items_purged":["hubris:Gluttony","Pain"],"score":762,"play_id":"e6599cea-415f-4193-a9b9-50847ff313c8","local_time":"20210216181912","is_ascension_mode":true,"campfire_choices":[{"floor":11.0,"key":"REST"},{"floor":15.0,"key":"REST"},{"data":"infinitespire:TheBestDefense","floor":23.0,"key":"SMITH"},{"floor":25.0,"key":"REST"},{"data":"hubris:Fate","floor":27.0,"key":"SMITH"},{"floor":44.0,"key":"REST"},{"floor":49,"key":"RECALL"}],"circlet_count":0,"master_deck":["astrologer:NorthStar","astrologer:TheFool","astrologer:Moonlight","astrologer:Fireball","astrologer:Opposition","astrologer:Quincunx","astrologer:Radiance","astrologer:TheTower","astrologer:Judgement+1","astrologer:Radiance","astrologer:Fate","astrologer:TheWorld","astrologer:Death+1","astrologer:Death","astrologer:Eclipse","astrologer:Wish","astrologer:StarOfChange","astrologer:TheEmperor","astrologer:Sunrise","astrologer:Opposition","infinitespire:TheBestDefense+1","astrologer:Opposition","astrologer:FrozenStar","astrologer:Opposition","astrologer:Shine","astrologer:StarOfChange","astrologer:RejectReality","hubris:Fate+1","CurseOfTheBell","astrologer:Confirmation","astrologer:Conjunction","astrologer:TheMoon+1","astrologer:StarOfMisfortune+1","astrologer:DarkMatter","astrologer:Moonlight+1","astrologer:TheHighPriestess+1","astrologer:Fate","astrologer:Confirmation","astrologer:DarkMatter","astrologer:Glimpse"],"relics":["astrologer:SkyMirror","Replay:Mystery Machine","Strawberry","Replay:WaspNest","Replay:Rubber Ducky","Pandora\u0027s Box","Calling Bell","Centennial Puzzle","aspiration:FrozenJewel","Gambling Chip","Pet Ghost","potionbrewer:BottledElixir","Nloth\u0027s Gift","hubris:TerracottaHorce","DollysMirror","WarpedTongs","Bromod:ArcaneVictory","ReplayFunnel","Bromod:ArcaneMomentum"],"acts_visited":["Exordium","TheCity","TheBeyond"],"potions_floor_usage":[50],"damage_taken":[{"damage":0.0,"enemies":"2 Louse","floor":1.0,"turns":2.0},{"damage":11.0,"enemies":"Jaw Worm","floor":3.0,"turns":4.0},{"damage":6.0,"enemies":"Cultist","floor":4.0,"turns":3.0},{"damage":25.0,"enemies":"Large Slime","floor":5.0,"turns":8.0},{"damage":46.0,"enemies":"3 Sentries","floor":6.0,"turns":11.0},{"damage":2.0,"enemies":"Lots of Slimes","floor":8.0,"turns":3.0},{"damage":8.0,"enemies":"Gremlin Nob","floor":12.0,"turns":3.0},{"damage":10.0,"enemies":"Exordium Thugs","floor":13.0,"turns":7.0},{"damage":16.0,"enemies":"3 Sentries","floor":14.0,"turns":6.0},{"damage":24.0,"enemies":"The Guardian","floor":16.0,"turns":11.0},{"damage":11.0,"enemies":"Spheric Guardian","floor":18.0,"turns":3.0},{"damage":12.0,"enemies":"Chosen","floor":20.0,"turns":4.0},{"damage":8.0,"enemies":"Snecko","floor":22.0,"turns":3.0},{"damage":29.0,"enemies":"Slavers","floor":24.0,"turns":5.0},{"damage":3.0,"enemies":"Chosen and Byrds","floor":30.0,"turns":6.0},{"damage":15.0,"enemies":"Automaton","floor":33.0,"turns":8.0},{"damage":19.0,"enemies":"Orb Walker","floor":35.0,"turns":5.0},{"damage":0.0,"enemies":"3 Darklings","floor":36.0,"turns":4.0},{"damage":20.0,"enemies":"4 Shapes","floor":39.0,"turns":5.0},{"damage":52.0,"enemies":"Reptomancer","floor":40.0,"turns":6.0},{"damage":0.0,"enemies":"Writhing Mass","floor":41.0,"turns":1.0},{"damage":11.0,"enemies":"Giant Head","floor":42.0,"turns":8.0},{"damage":7.0,"enemies":"Sphere and 2 Shapes","floor":45.0,"turns":9.0},{"damage":0,"enemies":"3 Darklings","floor":46,"turns":9},{"damage":17,"enemies":"Nemesis","floor":48,"turns":4},{"damage":21,"enemies":"Replay:Hell Engine","floor":50,"turns":2}],"seed_played":"-2805191097739342158","potions_obtained":[{"floor":5.0,"key":"Regen Potion"},{"floor":8.0,"key":"Strength Potion"},{"floor":12.0,"key":"potionbrewer:CleansingPotion"},{"floor":13.0,"key":"Strength Potion"},{"floor":14.0,"key":"Strength Potion"},{"floor":16.0,"key":"potionbrewer:DiscountPotion"},{"floor":20.0,"key":"ColorlessPotion"},{"floor":22.0,"key":"SmokeBomb"},{"floor":24.0,"key":"Fire Potion"},{"floor":35.0,"key":"Strength Potion"},{"floor":40.0,"key":"Elixir"},{"floor":48,"key":"Strength Potion"}],"is_trial":false,"path_per_floor":["M","?","M","M","M","E","?","M","T","$","R","E","M","E","R","B",null,"M","AVR","M","$","M","R","E","R","T","R","?","?","M","?","R","B",null,"M","M","$","?","M","E","M","E","T","R","M","M","$","E","R","B"],"character_chosen":"ASTROLOGER","items_purchased":["Strawberry","astrologer:Confirmation","astrologer:Conjunction","Regen Potion","DollysMirror","astrologer:Glimpse"],"campfire_rested":4,"item_purchase_floors":[10,21,21,21,37,47],"current_hp_per_floor":[84,84,73,67,42,11,11,9,9,16,43,35,25,9,36,12,91,80,80,68,68,60,60,31,58,58,58,58,58,55,55,82,82,89,70,70,70,70,50,13,14,3,3,30,26,34,34,18,18,0,0],"gold":72,"neow_bonus":"TWENTY_PERCENT_HP_BONUS","is_daily":false,"chose_seed":false,"campfire_upgraded":2,"win_rate":0.0,"timestamp":1613495952,"path_taken":["M","?","M","M","M","E","?","M","T","?","R","E","?","E","R","BOSS","M","AVR","M","$","M","R","E","R","T","R","?","?","?","?","R","BOSS","M","?","$","?","?","E","M","E","T","R","M","M","?","E","R","BOSS"],"items_purchased_type":["Relic","Card","Card","Potion","Relic","Card"],"build_version":"2020-12-22","purchased_purges":2,"victory":false,"max_hp_per_floor":[84,84,84,84,84,84,84,84,84,91,91,91,91,91,91,91,91,91,91,91,91,91,91,91,91,91,91,91,91,91,91,91,91,91,91,91,91,91,91,91,91,91,91,91,91,91,91,91,91,91,91],"card_choices":[{"not_picked":["astrologer:CometStrike","astrologer:Conjunction"],"picked":"astrologer:Moonlight","floor":1.0},{"not_picked":["astrologer:CometStrike","astrologer:TheHighPriestess"],"picked":"astrologer:Fireball","floor":3.0},{"not_picked":["astrologer:Conjunction","astrologer:TheMoon"],"picked":"astrologer:Opposition","floor":4.0},{"not_picked":["astrologer:Opposition","astrologer:Trine"],"picked":"astrologer:Quincunx","floor":5.0},{"not_picked":["astrologer:TheHierophant","astrologer:Glimpse"],"picked":"astrologer:Radiance","floor":6.0},{"not_picked":["astrologer:ReadTheStars","astrologer:CometStrike","astrologer:Stardust"],"picked":"SKIP","floor":8.0},{"not_picked":["astrologer:Moonlight","astrologer:CometStrike"],"picked":"astrologer:TheTower","floor":12.0},{"not_picked":["astrologer:TheLovers","astrologer:Eclipse"],"picked":"astrologer:Judgement","floor":13.0},{"not_picked":["astrologer:Moonlight","astrologer:CometStrike"],"picked":"astrologer:Radiance","floor":14.0},{"not_picked":["astrologer:BlackHole","astrologer:Wish"],"picked":"astrologer:Fate","floor":16.0},{"not_picked":["astrologer:MeteorShower","astrologer:SolarFlare"],"picked":"astrologer:Opposition","floor":18.0},{"not_picked":["astrologer:Radiance","astrologer:Quincunx","astrologer:Stardust"],"picked":"SKIP","floor":20.0},{"not_picked":["astrologer:GlassStar","astrologer:Conjunction"],"picked":"astrologer:TheMoon+1","floor":22.0},{"not_picked":["astrologer:RejectReality","astrologer:Sunrise+1"],"picked":"astrologer:StarOfMisfortune+1","floor":24.0},{"not_picked":["astrologer:SolarFlare+1","astrologer:Opposition","astrologer:Radiance+1"],"picked":"SKIP","floor":30.0},{"not_picked":["astrologer:Nova","astrologer:Trine"],"picked":"astrologer:DarkMatter","floor":33.0},{"not_picked":["astrologer:TheHangedMan+1","astrologer:TheMoon"],"picked":"astrologer:Moonlight+1","floor":35.0},{"not_picked":["astrologer:StarOfMisfortune+1","astrologer:TheHierophant+1"],"picked":"astrologer:TheHighPriestess+1","floor":36.0},{"not_picked":["astrologer:Stardust+1","astrologer:SpaceDust"],"picked":"astrologer:Confirmation","floor":39.0},{"not_picked":["astrologer:RejectReality","astrologer:ReadTheStars+1","astrologer:TheMoon+1"],"picked":"SKIP","floor":40.0},{"not_picked":["astrologer:SolarFlare+1","astrologer:SpaceDust"],"picked":"astrologer:DarkMatter","floor":41.0},{"not_picked":["astrologer:Divination","astrologer:CometStrike+1","astrologer:HeatDeath"],"picked":"SKIP","floor":45.0},{"not_picked":["astrologer:Moonlight","astrologer:Still","astrologer:MeteorShower"],"picked":"SKIP","floor":46},{"not_picked":["astrologer:Cataclysm","astrologer:StarOfChange","astrologer:Opposition"],"picked":"SKIP","floor":48}],"player_experience":2748684,"relics_obtained":[{"floor":6.0,"key":"Replay:Mystery Machine"},{"floor":12.0,"key":"Replay:WaspNest"},{"floor":14.0,"key":"Replay:Rubber Ducky"},{"floor":19.0,"key":"Centennial Puzzle"},{"floor":19.0,"key":"aspiration:FrozenJewel"},{"floor":19.0,"key":"Gambling Chip"},{"floor":24.0,"key":"Pet Ghost"},{"floor":26.0,"key":"potionbrewer:BottledElixir"},{"floor":40.0,"key":"Bromod:ArcaneVictory"},{"floor":43.0,"key":"ReplayFunnel"},{"floor":48,"key":"Bromod:ArcaneMomentum"}],"event_choices":[{"damage_healed":0.0,"max_hp_gain":0.0,"max_hp_loss":0.0,"gold_gain":0.0,"event_name":"Upgrade Shrine","player_choice":"Upgraded","floor":29.0,"gold_loss":0.0,"damage_taken":0.0,"cards_upgraded":["astrologer:Judgement"]},{"damage_healed":0.0,"max_hp_gain":0.0,"max_hp_loss":0.0,"gold_gain":0.0,"event_name":"N\u0027loth","player_choice":"Traded Relic","floor":31.0,"relics_lost":["potionbrewer:BoosterPack"],"gold_loss":0.0,"damage_taken":0.0,"relics_obtained":["Nloth\u0027s Gift"]},{"damage_healed":0.0,"max_hp_gain":0.0,"max_hp_loss":0.0,"gold_gain":0.0,"event_name":"Accursed Blacksmith","player_choice":"Rummage","floor":38.0,"gold_loss":0.0,"damage_taken":0.0,"relics_obtained":["WarpedTongs"],"cards_obtained":["Pain"]}],"is_beta":false,"boss_relics":[{"not_picked":["Tiny House","hubris:Backtick"],"picked":"Pandora\u0027s Box"},{"not_picked":["SacredBark","aspiration:IroncladSkillbook"],"picked":"hubris:TerracottaHorce"}],"items_purged_floors":[10,47],"is_endless":false,"potions_floor_spawned":[5,8,12,13,14,16,20,22,24,35,40,42,48],"killed_by":"Replay:Hell Engine","ascension_level":3}}