{"host":"y0i0tbisecj7yjyn","time":1613439319,"event":{"mods":["2.2 Compatiblity","AchievementEnabler","AlwaysNeverKeys","BaseMod","Better Third Choice","BetterRewards","Colored Map","Colored Powertips","Curses Come First","Disable Question Mark Monsters","Displayed Cursed Tome","Highlight Path","Keyboard Shortcuts","Minty Spire (QoL Compilation)","Quick Restart","Random Character Button","Rare Cards Sparkle","Relic Stats","Smile Girya","StSLib","SuperFastMode","The Marked","Transform Curses","Weighted Paths"],"gold_per_floor":[109,74,249,174,188,214,233,292,292,325,41,64,98,108,108,210,210,225,240,240,140,140,140,168,186,186,186,216,144,162,210,210,210,210],"floor_reached":33,"language":"ENG","playtime":1175,"items_purged":["Doubt","Armaments"],"score":381,"play_id":"9aa47774-6abf-4de5-9085-bcd125819e40","local_time":"20210215193519","is_ascension_mode":true,"campfire_choices":[{"floor":15.0,"key":"REST"},{"data":"Demon Form","floor":23,"key":"SMITH"},{"floor":27,"key":"REST"},{"floor":32,"key":"REST"}],"circlet_count":0,"master_deck":["Strike_R","Strike_R","Strike_R","Strike_R","Strike_R","Defend_R","Defend_R","Defend_R","Defend_R","Bash","Perfected Strike","Perfected Strike","Anger","Twin Strike","Wild Strike","Twin Strike","Armaments+1","Demon Form","Demon Form+1","Inflame","Ghostly Armor+1","Anger+1","Infernal Blade+1","Perfected Strike+1","Pommel Strike+1"],"relics":["Burning Blood","NeowsBlessing","Sundial","Du-Vu Doll","Kunai","Ornamental Fan","Toxic Egg 2","Odd Mushroom","MealTicket","Velvet Choker","Dream Catcher","Molten Egg 2","Mercury Hourglass"],"acts_visited":["Exordium","TheCity"],"potions_floor_usage":[24,30,31,33],"damage_taken":[{"damage":0.0,"enemies":"Cultist","floor":1.0,"turns":1.0},{"damage":0.0,"enemies":"Small Slimes","floor":5.0,"turns":1.0},{"damage":0.0,"enemies":"Lagavulin","floor":6.0,"turns":1.0},{"damage":0.0,"enemies":"2 Louse","floor":7.0,"turns":2.0},{"damage":27.0,"enemies":"3 Sentries","floor":8.0,"turns":5.0},{"damage":27.0,"enemies":"Gremlin Nob","floor":10.0,"turns":4.0},{"damage":21.0,"enemies":"The Mushroom Lair","floor":12.0,"turns":3.0},{"damage":5.0,"enemies":"3 Sentries","floor":13.0,"turns":4.0},{"damage":0.0,"enemies":"Large Slime","floor":14.0,"turns":4.0},{"damage":33.0,"enemies":"Hexaghost","floor":16.0,"turns":8.0},{"damage":25,"enemies":"Spheric Guardian","floor":18,"turns":4},{"damage":2,"enemies":"3 Byrds","floor":19,"turns":6},{"damage":31,"enemies":"Gremlin Leader","floor":24,"turns":5},{"damage":38,"enemies":"Cultist and Chosen","floor":25,"turns":6},{"damage":34,"enemies":"Book of Stabbing","floor":28,"turns":4},{"damage":27,"enemies":"Centurion and Healer","floor":30,"turns":5},{"damage":18,"enemies":"Slavers","floor":31,"turns":4},{"damage":50,"enemies":"Automaton","floor":33,"turns":6}],"seed_played":"-3559245086416731356","potions_obtained":[{"floor":5.0,"key":"DistilledChaos"},{"floor":6.0,"key":"DuplicationPotion"},{"floor":7.0,"key":"Block Potion"},{"floor":8.0,"key":"Fire Potion"},{"floor":18,"key":"Swift Potion"},{"floor":20,"key":"BloodPotion"},{"floor":20,"key":"AttackPotion"},{"floor":24,"key":"ColorlessPotion"}],"is_trial":false,"path_per_floor":["M","?","?","$","M","E","M","?","T","E","$","?","E","M","R","B",null,"M","M","?","$","?","R","E","M","T","R","E","$","M","E","R","B"],"character_chosen":"IRONCLAD","items_purchased":["Toxic Egg 2","Twin Strike","Infernal Blade+1"],"campfire_rested":3,"item_purchase_floors":[11,11,29],"current_hp_per_floor":[80,80,80,80,80,80,80,59,59,38,38,23,24,30,54,27,80,61,65,65,80,80,80,55,23,23,47,19,34,29,17,41,0,0],"gold":210,"neow_bonus":"THREE_ENEMY_KILL","is_daily":false,"chose_seed":false,"campfire_upgraded":1,"win_rate":0.0,"timestamp":1613439319,"path_taken":["M","?","?","$","M","E","M","?","T","E","$","?","E","?","R","BOSS","M","M","?","?","?","R","E","?","T","R","E","$","M","E","R","BOSS"],"items_purchased_type":["Relic","Card","Card"],"build_version":"2020-12-22","purchased_purges":2,"victory":false,"max_hp_per_floor":[80,80,80,80,80,80,80,80,80,80,80,80,80,80,80,80,80,80,80,80,80,80,80,80,80,80,80,80,80,80,80,80,80,80],"relic_stats":{"Dream Catcher":2,"counters":[20,79],"Sundial":[6],"Ornamental Fan":[68],"MealTicket":30,"Kunai":[19],"obtain_stats":[{"Tiny House":0,"NeowsBlessing":0,"Velvet Choker":17,"Odd Mushroom":12,"Burning Blood":0,"Mercury Hourglass":31,"Du-Vu Doll":8,"Dream Catcher":24,"Sundial":6,"Ornamental Fan":10,"MealTicket":13,"Molten Egg 2":28,"Kunai":9,"Toxic Egg 2":11},{"Tiny House":0,"NeowsBlessing":2,"Velvet Choker":12,"Odd Mushroom":9,"Burning Blood":0,"Mercury Hourglass":19,"Du-Vu Doll":7,"Dream Catcher":15,"Sundial":5,"Ornamental Fan":8,"MealTicket":10,"Molten Egg 2":17,"Kunai":7,"Toxic Egg 2":8},{"Tiny House":0,"NeowsBlessing":6,"Velvet Choker":39,"Odd Mushroom":23,"Burning Blood":0,"Mercury Hourglass":73,"Du-Vu Doll":16,"Dream Catcher":54,"Sundial":9,"Ornamental Fan":20,"MealTicket":27,"Molten Egg 2":64,"Kunai":16,"Toxic Egg 2":20}],"Burning Blood":78,"Mercury Hourglass":[30]},"card_choices":[{"not_picked":["Iron Wave","True Grit"],"picked":"Perfected Strike","floor":1.0},{"not_picked":["Iron Wave","True Grit"],"picked":"Perfected Strike","floor":1.0},{"not_picked":["True Grit","Clash"],"picked":"Armaments","floor":5.0},{"not_picked":["Twin Strike","Body Slam"],"picked":"Anger","floor":6.0},{"not_picked":["Reaper","Havoc"],"picked":"Twin Strike","floor":7.0},{"not_picked":["Anger","Pommel Strike"],"picked":"Wild Strike","floor":8.0},{"not_picked":["Corruption","Headbutt","Clash"],"picked":"SKIP","floor":10.0},{"not_picked":["Feel No Pain","Rampage","Searing Blow"],"picked":"SKIP","floor":13.0},{"not_picked":["Burning Pact+1","Headbutt"],"picked":"Armaments+1","floor":14.0},{"not_picked":["Exhume+1","Barricade"],"picked":"Demon Form","floor":16.0},{"not_picked":["Dark Embrace+1","Entrench+1","Evolve"],"picked":"SKIP","floor":18},{"not_picked":["Body Slam","Fire Breathing","Thunderclap"],"picked":"SKIP","floor":19},{"not_picked":["Warcry+1","Bludgeon"],"picked":"Inflame","floor":24},{"not_picked":["Clash","Second Wind+1"],"picked":"Ghostly Armor+1","floor":25},{"not_picked":["Exhume+1","Uppercut+1"],"picked":"Anger+1","floor":28},{"not_picked":["Clash+1","Fire Breathing"],"picked":"Perfected Strike+1","floor":30},{"not_picked":["Warcry+1","Dark Embrace","Sword Boomerang+1"],"picked":"SKIP","floor":31},{"not_picked":["Fire Breathing+1","Sword Boomerang+1"],"picked":"Pommel Strike+1","floor":32}],"player_experience":467221,"relics_obtained":[{"floor":6.0,"key":"Sundial"},{"floor":8.0,"key":"Du-Vu Doll"},{"floor":9.0,"key":"Kunai"},{"floor":10.0,"key":"Ornamental Fan"},{"floor":12.0,"key":"Odd Mushroom"},{"floor":13.0,"key":"MealTicket"},{"floor":24,"key":"Dream Catcher"},{"floor":28,"key":"Molten Egg 2"},{"floor":31,"key":"Mercury Hourglass"}],"event_choices":[{"damage_healed":20.0,"max_hp_gain":0.0,"max_hp_loss":0.0,"gold_gain":0.0,"event_name":"The Cleric","player_choice":"Healed","floor":2.0,"gold_loss":35.0,"damage_taken":0.0},{"damage_healed":0.0,"max_hp_gain":0.0,"max_hp_loss":0.0,"gold_gain":175.0,"event_name":"betterThird:BetterSerpent","player_choice":"AGREE","floor":3.0,"gold_loss":0.0,"damage_taken":74.0},{"damage_healed":0.0,"max_hp_gain":0.0,"max_hp_loss":0.0,"gold_gain":0.0,"event_name":"Dead Adventurer","player_choice":"Searched \u00272\u0027 times","floor":8.0,"gold_loss":0.0,"damage_taken":0.0},{"damage_healed":0.0,"max_hp_gain":0.0,"max_hp_loss":0.0,"gold_gain":0.0,"event_name":"Mushrooms","player_choice":"Fought Mushrooms","floor":12.0,"gold_loss":0.0,"damage_taken":0.0},{"damage_healed":0,"gold_gain":0,"player_choice":"Got Potions","damage_taken":0,"max_hp_gain":0,"max_hp_loss":0,"event_name":"Lab","floor":20,"gold_loss":0},{"damage_healed":0,"gold_gain":0,"player_choice":"Copied","damage_taken":0,"max_hp_gain":0,"max_hp_loss":0,"event_name":"Duplicator","floor":22,"gold_loss":0,"cards_obtained":["Demon Form"]}],"is_beta":false,"boss_relics":[{"not_picked":["Empty Cage","Mark of Pain"],"picked":"Velvet Choker"}],"items_purged_floors":[4,21],"is_endless":false,"potions_floor_spawned":[5,6,7,8,12,18,24,28],"killed_by":"Automaton","ascension_level":2}}