{"host":"8t5dkgm85abdp22d","time":1613458329,"event":{"mods":["Act Like it!","BaseMod","Colored Powertips","Downfall","Gensokyo","Hallownest","Luminous","Marisa£®ÏF”Í°°ƒß¿Ì…≥£©","Minty Spire (QoL Compilation)","Prisma Mod","Reimu£®≤©¿ˆ¡È√Œ£©","Reliquary","Ryuuou¡˙Õı","SIMod","StSLib","The Bug Knight","TheWitcher","UnlockEverythingMod","Waifu the Spire","Yakumo Yukari mod","°æ“≈ŒÔø®≈∆°øREMEMod"],"gold_per_floor":[113,113,127,127,227,243,273,290,313,332,360,360,49,79,79,175,175,187,39,39,52,52,81,81,181,204,237,237,257,109,122,122,220,220,239,239,239,292,306,306,340,358,385,50,78,78,93,93,93,93,93,93,93,118,118,118],"floor_reached":55,"language":"ZHS","playtime":2756,"items_purged":["Injury","PayForSelf:ReiMu+1"],"score":906,"play_id":"be153365-28a4-40eb-b019-75f06e2bcac6","local_time":"20210216145209","is_ascension_mode":false,"campfire_choices":[{"data":"CardOfSanctity:ReiMu","floor":12.0,"key":"SMITH"},{"data":"NB:ReiMu","floor":15.0,"key":"SMITH"},{"data":"YinYang:ReiMu","floor":28.0,"key":"SMITH"},{"data":"Gathering:ReiMu","floor":32.0,"key":"SMITH"},{"data":"KyokaiOfKami:ReiMu","floor":40,"key":"SMITH"},{"floor":46,"key":"RECALL"},{"data":"REME_FirmDetermination","floor":49,"key":"SMITH"},{"data":"Shading:ReiMu","floor":52,"key":"SMITH"}],"circlet_count":0,"master_deck":["Defend_Lin:ReiMu","Defend_Lin:ReiMu","Defend_Lin:ReiMu","Defend_Lin:ReiMu","NB:ReiMu+1","Stagnation:ReiMu","CardOfSanctity:ReiMu+1","CardOfSanctity:ReiMu+1","Authority:ReiMu+1","RainPray2:ReiMu","RainPray2:ReiMu","RainPray2:ReiMu","RainPray2:ReiMu","Shading:ReiMu+1","Madness","Madness","OrbThrow:ReiMu+1","SealNeedle:ReiMu+1","OrbThrow:ReiMu+1","OctopathSalyBorderN:ReiMu+1","Determination:ReiMu+1","KyokaiOfKami:ReiMu+1","RainPray2:ReiMu+1","REME_FirmDetermination+1","SafetyPray:ReiMu"],"relics":["FlyPower:ReiMu","REME_ComplimentaryCards","NeowsBlessing","Bronze Scales","Akabeko","REME_PuzzleBoxRelic","Blood Vial","Medical Kit","DollysMirror","Bag of Preparation","Prayer Wheel","Sozu","REME_CardOfGreed","Whetstone","Bottled Lightning","Lantern","PreservedInsect","Girya","REME_ChargedStone","Thread and Needle","HollowMod:PaleOreRelic","Nunchaku","TentaclePot:ReiMu","Bow_fan:ReiMu","FadedRune:ReiMu"],"acts_visited":["Exordium","TheCity","TheBeyond","TheEnding"],"potions_floor_usage":[],"damage_taken":[{"damage":0.0,"enemies":"Gensokyo:Python","floor":1.0,"turns":1.0},{"damage":0.0,"enemies":"Gensokyo:2_Kodama","floor":3.0,"turns":1.0},{"damage":0.0,"enemies":"Gensokyo:Gryphon","floor":6.0,"turns":1.0},{"damage":9.0,"enemies":"Gensokyo:Aya","floor":7.0,"turns":9.0},{"damage":16.0,"enemies":"Gensokyo:LivingMonolith","floor":8.0,"turns":3.0},{"damage":0.0,"enemies":"Gensokyo:2_Rabbits","floor":10.0,"turns":3.0},{"damage":16.0,"enemies":"Gensokyo:Mamizou","floor":11.0,"turns":9.0},{"damage":1.0,"enemies":"Gensokyo:Aya","floor":14.0,"turns":6.0},{"damage":14.0,"enemies":"Gensokyo:Kokoro","floor":16.0,"turns":10.0},{"damage":5.0,"enemies":"Spheric Guardian","floor":18.0,"turns":4.0},{"damage":0.0,"enemies":"Shell Parasite","floor":21.0,"turns":3.0},{"damage":0.0,"enemies":"REME_1_Revenger","floor":23.0,"turns":4.0},{"damage":7.0,"enemies":"HollowMod:Nosk","floor":27.0,"turns":4.0},{"damage":0.0,"enemies":"Snake Plant","floor":29.0,"turns":5.0},{"damage":0.0,"enemies":"Cultist and Chosen","floor":31.0,"turns":3.0},{"damage":15.0,"enemies":"Champ","floor":33.0,"turns":12.0},{"damage":0,"enemies":"Orb Walker","floor":35,"turns":4},{"damage":3,"enemies":"2 Orb Walkers","floor":38,"turns":3},{"damage":0,"enemies":"3 Darklings","floor":39,"turns":2},{"damage":0,"enemies":"Reptomancer","floor":41,"turns":2},{"damage":3,"enemies":"4 Shapes","floor":42,"turns":5},{"damage":0,"enemies":"Nemesis","floor":45,"turns":3},{"damage":0,"enemies":"Transient","floor":47,"turns":5},{"damage":1,"enemies":"Time Eater","floor":50,"turns":10},{"damage":13,"enemies":"Shield and Spear","floor":54,"turns":4},{"damage":0,"enemies":"The Heart","floor":55,"turns":1}],"seed_played":"3123542228173637247","potions_obtained":[{"floor":1.0,"key":"LiquidFlight:ReiMu"},{"floor":7.0,"key":"PinkPotion:ReiMu"},{"floor":8.0,"key":"LiquidFlight:ReiMu"},{"floor":14.0,"key":"ZuzhouPotion:ReiMu"}],"is_trial":false,"path_per_floor":["M","T","M","?","?","M","E","M","T","M","E","R","COS","E","R","B",null,"M","$","?","M","?","E","?","?","T","E","R","M","$","M","R","B",null,"M","?","?","?","M","R","E","M","T","$","E","R","M","?","R","B",null,"R","$","E","B"],"character_chosen":"REIMU","items_purchased":["REME_CardOfGreed","Gathering:ReiMu","TentaclePot:ReiMu","REME_FirmDetermination"],"campfire_rested":0,"item_purchase_floors":[19,30,44,44],"current_hp_per_floor":[65,65,65,65,65,65,56,40,40,43,27,27,27,28,28,16,68,63,63,63,65,65,67,67,67,67,61,61,63,63,65,65,57,68,68,59,59,58,60,60,62,61,61,61,63,63,65,65,65,68,68,68,68,55,57,57],"gold":118,"neow_bonus":"THREE_ENEMY_KILL","is_daily":false,"chose_seed":false,"campfire_upgraded":7,"win_rate":0.0,"timestamp":1613458329,"path_taken":["M","?","M","?","?","M","E","M","T","?","E","R","COS","E","R","BOSS","M","$","?","?","?","E","?","?","T","E","R","?","$","M","R","BOSS","M","?","?","?","M","R","E","M","T","$","E","R","M","?","R","BOSS","R","$","E","BOSS"],"items_purchased_type":["Relic","Card","Relic","Card"],"build_version":"2020-12-22","purchased_purges":2,"victory":false,"max_hp_per_floor":[65,65,65,65,65,65,65,65,65,68,68,68,68,68,68,68,68,68,68,68,68,68,68,68,68,68,68,68,68,68,68,68,68,68,68,68,68,68,68,68,68,68,68,68,68,68,68,68,68,68,68,68,68,68,68,68],"card_choices":[{"not_picked":["SpreadBorder2:ReiMu","SpringWay:ReiMu","CareerPray:ReiMu"],"picked":"SKIP","floor":1.0},{"not_picked":["SpringWay:ReiMu","SubcavityInstant:ReiMu","SafetyPray:ReiMu"],"picked":"SKIP","floor":3.0},{"not_picked":["SubAcupoint:ReiMu","DoubleButterfly:ReiMu"],"picked":"CardOfSanctity:ReiMu","floor":6.0},{"not_picked":["TightArray:ReiMu","UniversalSpiritual:ReiMu","FoulBorder2:ReiMu"],"picked":"SKIP","floor":7.0},{"not_picked":["Intuition:ReiMu","ForcedLanding:ReiMu","Meditation:ReiMu"],"picked":"SKIP","floor":8.0},{"not_picked":["SubcavityInstant:ReiMu","TightArray:ReiMu","Meditation:ReiMu"],"picked":"SKIP","floor":10.0},{"not_picked":["Amulet:ReiMu","PayForSelf:ReiMu","KyokaiOfKami:ReiMu"],"picked":"SKIP","floor":11.0},{"not_picked":["SpringWay:ReiMu","Amulet:ReiMu","PayForSelf:ReiMu"],"picked":"SKIP","floor":14.0},{"not_picked":["RunawayExorcism:ReiMu","OctopathSalyBorderN:ReiMu"],"picked":"Authority:ReiMu","floor":16.0},{"not_picked":["FantasyBorder:ReiMu","Revelation:ReiMu"],"picked":"RainPray2:ReiMu","floor":18.0},{"not_picked":["TightArray:ReiMu","PhosphorusFlame:ReiMu"],"picked":"RainPray2:ReiMu","floor":18.0},{"not_picked":["SubcavityInstant:ReiMu+1","SpreadBorder2:ReiMu"],"picked":"YinYang:ReiMu","floor":21.0},{"not_picked":["Enchanting:ReiMu","AirStrike:ReiMu","ShadowOfCrow2:ReiMu"],"picked":"SKIP","floor":21.0},{"not_picked":["AirManeuver:ReiMu+1","Enchanting:ReiMu","Meditation:ReiMu"],"picked":"SKIP","floor":23.0},{"not_picked":["AirManeuver:ReiMu+1","Enchanting:ReiMu","Meditation:ReiMu"],"picked":"SKIP","floor":23.0},{"not_picked":["SealNeedle:ReiMu","OctopathSalyBorderN:ReiMu"],"picked":"RainPray2:ReiMu","floor":27.0},{"not_picked":["MikOfLucky:ReiMu+1","SpringWay:ReiMu+1"],"picked":"RainPray2:ReiMu","floor":29.0},{"not_picked":["Intuition:ReiMu","SubcavityInstant:ReiMu+1","SubAcupoint:ReiMu+1"],"picked":"SKIP","floor":29.0},{"not_picked":["FoulBorder2:ReiMu","SpreadBorder2:ReiMu","PrepareRite:ReiMu"],"picked":"SKIP","floor":31.0},{"not_picked":["Meditation:ReiMu+1","AirStrike:ReiMu","TightArray:ReiMu"],"picked":"SKIP","floor":31.0},{"not_picked":["RunawayExorcism:ReiMu","Authority:ReiMu"],"picked":"Shading:ReiMu","floor":33.0},{"not_picked":["Enchanting:ReiMu+1","PayForSelf:ReiMu","DoubleButterfly:ReiMu"],"picked":"SKIP","floor":35},{"not_picked":["FantasyBorder:ReiMu","OrbThrow:ReiMu+1","SubAcupoint:ReiMu+1"],"picked":"SKIP","floor":35},{"not_picked":["LearningPray:ReiMu+1","SubcavityInstant:ReiMu"],"picked":"KyokaiOfKami:ReiMu","floor":39},{"not_picked":["UniversalSpiritual:ReiMu","Amulet:ReiMu","SubAcupoint:ReiMu+1"],"picked":"SKIP","floor":39},{"not_picked":["AirManeuver:ReiMu+1","AlertArray:ReiMu","FantasyMoon:ReiMu+1"],"picked":"SKIP","floor":41},{"not_picked":["AirStrike:ReiMu","AlertArray:ReiMu"],"picked":"RainPray2:ReiMu+1","floor":42},{"not_picked":["SubcavityInstant:ReiMu","SafetyPray:ReiMu+1","Conquer:ReiMu+1"],"picked":"SKIP","floor":42},{"not_picked":["TakeOff:ReiMu+1","ShadowOfCrow2:ReiMu+1","InherentArray:ReiMu+1"],"picked":"SKIP","floor":45},{"not_picked":["CareerPray:ReiMu+1","OrbThrow:ReiMu"],"picked":"SafetyPray:ReiMu","floor":47},{"not_picked":["WonderfulDomain:ReiMu","PassingAway:ReiMu","OrbThrow:ReiMu"],"picked":"SKIP","floor":47},{"not_picked":["CardOfSanctity:ReiMu","SubAcupoint:ReiMu","PassingAway:ReiMu"],"picked":"SKIP","floor":54}],"player_experience":142286,"relics_obtained":[{"floor":2.0,"key":"Bronze Scales"},{"floor":7.0,"key":"REME_PuzzleBoxRelic"},{"floor":11.0,"key":"Blood Vial"},{"floor":14.0,"key":"Bag of Preparation"},{"floor":16.0,"key":"Prayer Wheel"},{"floor":23.0,"key":"Whetstone"},{"floor":23.0,"key":"Bottled Lightning"},{"floor":26.0,"key":"Lantern"},{"floor":27.0,"key":"PreservedInsect"},{"floor":33.0,"key":"Girya"},{"floor":38,"key":"Thread and Needle"},{"floor":41,"key":"HollowMod:PaleOreRelic"},{"floor":43,"key":"Nunchaku"},{"floor":45,"key":"Bow_fan:ReiMu"},{"floor":54,"key":"FadedRune:ReiMu"}],"event_choices":[{"damage_healed":0.0,"max_hp_gain":0.0,"max_hp_loss":0.0,"gold_gain":0.0,"event_name":"Upgrade Shrine","player_choice":"Upgraded","floor":20.0,"gold_loss":0.0,"damage_taken":0.0,"cards_upgraded":["Authority:ReiMu"]},{"damage_healed":0.0,"max_hp_gain":0.0,"max_hp_loss":0.0,"gold_gain":0.0,"event_name":"Vampires","player_choice":"Ignored","floor":22.0,"gold_loss":0.0,"damage_taken":0.0},{"damage_healed":0.0,"max_hp_gain":0.0,"max_hp_loss":0.0,"gold_gain":0.0,"event_name":"Ghosts","player_choice":"Ignored","floor":24.0,"gold_loss":0.0,"damage_taken":0.0},{"damage_healed":0.0,"max_hp_gain":0.0,"max_hp_loss":0.0,"gold_gain":100.0,"event_name":"Golden Shrine","player_choice":"Pray","floor":25.0,"gold_loss":0.0,"damage_taken":0.0},{"damage_healed":0,"gold_gain":0,"player_choice":"Embrace Madness","damage_taken":9,"max_hp_gain":0,"max_hp_loss":0,"event_name":"Winding Halls","floor":36,"gold_loss":0,"cards_obtained":["Madness","Madness"]},{"damage_healed":0,"gold_gain":0,"player_choice":"Fight","damage_taken":0,"max_hp_gain":0,"max_hp_loss":0,"event_name":"Mysterious Sphere","floor":38,"gold_loss":0},{"cards_removed":["Gathering:ReiMu"],"damage_healed":0,"gold_gain":0,"player_choice":"Removed Power","damage_taken":0,"max_hp_gain":0,"max_hp_loss":0,"event_name":"Falling","floor":48,"gold_loss":0}],"is_beta":false,"boss_relics":[{"not_picked":["SlaversCollar","Astrolabe"],"picked":"Sozu"},{"not_picked":["reliquary:ThirdArm","Velvet Choker"],"picked":"REME_ChargedStone"}],"items_purged_floors":[30,44],"is_endless":false,"potions_floor_spawned":[1,7,8,14,18,29,31,33,39,41,45,47],"killed_by":"The Heart","ascension_level":0}}