{"host":"enu5gq013fznxjyt","time":1613453553,"event":{"mods":["BaseMod","Better Note","Block Reminder","Colored Powertips","Minty Spire (QoL Compilation)","Quick Restart","Relic Stats","StSLib"],"gold_per_floor":[119,119,119,134,152,152,152,169,169,187,206,206,235,255,255,354,354,365,385,405,405,405,405],"floor_reached":22,"language":"ENG","playtime":649,"items_purged":[],"score":190,"play_id":"b2d01c5c-e877-457e-8089-27d880101064","local_time":"20210215213233","is_ascension_mode":false,"campfire_choices":[{"data":"Zap","floor":6,"key":"SMITH"},{"floor":12,"key":"REST"},{"floor":15,"key":"REST"}],"circlet_count":0,"master_deck":["Strike_B","Strike_B","Defend_B","Defend_B","Zap+1","Dualcast","Leap","Lockon","Ball Lightning","Heatsinks","Turbo","Hologram","Ball Lightning","Conserve Battery","Auto Shields","Echo Form","Sunder+1","Doom and Gloom+1","Turbo+1","Creative AI+1"],"relics":["Cracked Core","Shuriken","Question Card","Velvet Choker"],"acts_visited":["Exordium","TheCity"],"potions_floor_usage":[16],"damage_taken":[{"damage":11,"enemies":"2 Louse","floor":1,"turns":2},{"damage":2,"enemies":"Jaw Worm","floor":4,"turns":3},{"damage":0,"enemies":"Cultist","floor":5,"turns":3},{"damage":6,"enemies":"2 Fungi Beasts","floor":8,"turns":3},{"damage":3,"enemies":"Red Slaver","floor":10,"turns":3},{"damage":5,"enemies":"Looter","floor":11,"turns":2},{"damage":14,"enemies":"Gremlin Nob","floor":13,"turns":3},{"damage":21,"enemies":"Exordium Thugs","floor":14,"turns":4},{"damage":35,"enemies":"Hexaghost","floor":16,"turns":8},{"damage":22,"enemies":"Shell Parasite","floor":18,"turns":5},{"damage":0,"enemies":"Spheric Guardian","floor":19,"turns":3},{"damage":21,"enemies":"Snake Plant","floor":20,"turns":2},{"damage":36,"enemies":"Shelled Parasite and Fungi","floor":22,"turns":4}],"seed_played":"-645196046628442732","potions_obtained":[{"floor":1,"key":"BlessingOfTheForge"},{"floor":11,"key":"Weak Potion"},{"floor":13,"key":"Explosive Potion"},{"floor":14,"key":"SteroidPotion"},{"floor":20,"key":"Swift Potion"}],"is_trial":false,"path_per_floor":["M","?","?","M","M","R","?","M","T","M","M","R","E","M","R","B",null,"M","M","M","?","M"],"character_chosen":"DEFECT","items_purchased":[],"campfire_rested":2,"item_purchase_floors":[],"current_hp_per_floor":[43,43,43,41,41,41,41,35,35,32,27,49,35,14,36,1,75,53,53,32,32,0,0],"gold":405,"neow_bonus":"REMOVE_TWO","is_daily":false,"chose_seed":false,"campfire_upgraded":1,"win_rate":0.0,"timestamp":1613453553,"path_taken":["M","?","?","?","M","R","?","M","T","?","M","R","E","M","R","BOSS","M","M","M","?","?"],"items_purchased_type":[],"build_version":"2020-12-22","purchased_purges":0,"victory":false,"max_hp_per_floor":[75,75,75,75,75,75,75,75,75,75,75,75,75,75,75,75,75,75,75,75,75,75,75],"relic_stats":{"counters":[13,45],"Shuriken":[5],"Question Card":5,"obtain_stats":[{"Shuriken":3,"Velvet Choker":17,"Cracked Core":0,"Question Card":13},{"Shuriken":1,"Velvet Choker":9,"Cracked Core":0,"Question Card":7},{"Shuriken":2,"Velvet Choker":31,"Cracked Core":0,"Question Card":19}]},"card_choices":[{"not_picked":["Coolheaded","Streamline"],"picked":"Leap","floor":1},{"not_picked":["Turbo","Amplify"],"picked":"Lockon","floor":4},{"not_picked":["Gash","Turbo"],"picked":"Ball Lightning","floor":5},{"not_picked":["Rainbow","Gash"],"picked":"Turbo","floor":8},{"not_picked":["Steam","Go for the Eyes"],"picked":"Hologram","floor":10},{"not_picked":["Meteor Strike","Skim"],"picked":"Ball Lightning","floor":11},{"not_picked":["Rebound","Go for the Eyes"],"picked":"Conserve Battery","floor":13},{"not_picked":["Streamline","Force Field","Ball Lightning"],"picked":"Auto Shields","floor":14},{"not_picked":["Meteor Strike","All For One","Creative AI"],"picked":"Echo Form","floor":16},{"not_picked":["Ball Lightning","Doom and Gloom","Lockon"],"picked":"Sunder+1","floor":18},{"not_picked":["Compile Driver","Streamline","Undo"],"picked":"Doom and Gloom+1","floor":19},{"not_picked":["Hello World","Stack","Redo"],"picked":"Turbo+1","floor":20}],"player_experience":251022,"relics_obtained":[{"floor":13,"key":"Question Card"}],"event_choices":[{"cards_removed":["Defend_B"],"damage_healed":0,"gold_gain":0,"player_choice":"Forget","damage_taken":0,"max_hp_gain":0,"max_hp_loss":0,"event_name":"Living Wall","floor":2,"gold_loss":0},{"damage_healed":0,"gold_gain":0,"player_choice":"Gave Potion","damage_taken":0,"relics_obtained":["Shuriken"],"max_hp_gain":0,"max_hp_loss":0,"event_name":"WeMeetAgain","floor":3,"gold_loss":0},{"damage_healed":0,"gold_gain":0,"cards_transformed":["Strike_B"],"player_choice":"Transformed","damage_taken":0,"max_hp_gain":0,"max_hp_loss":0,"event_name":"Transmorgrifier","floor":7,"gold_loss":0,"cards_obtained":["Heatsinks"]},{"cards_removed":["Turbo"],"damage_healed":0,"gold_gain":0,"player_choice":"Take \u0026 Give","damage_taken":0,"max_hp_gain":0,"max_hp_loss":0,"event_name":"betterNote:BetterNote","floor":21,"gold_loss":0,"cards_obtained":["Creative AI"]}],"is_beta":false,"boss_relics":[{"not_picked":["Ectoplasm","Runic Dome"],"picked":"Velvet Choker"}],"items_purged_floors":[],"is_endless":false,"potions_floor_spawned":[1,11,13,14,20],"killed_by":"Shelled Parasite and Fungi","ascension_level":0}}