{"host":"dn6kke80v5f7isus","time":1613491623,"event":{"mods":["AchievementEnabler","Act Like it!","Astrologer","BaseMod","Colored Powertips","Custom Start","Defuse TimeMaze Blight","Energized Spire","Gremlin Skip","Highlight Path","Hubris","Infinite Spire","Marisa????????","Marked Mod","Minty Spire (QoL Compilation)","Quick Restart","Rare Cards Sparkle","Reliquary","Replay The Spire","StSLib","The Hierophant","The Servant 0.9.4","Uncapped","Unceasing Turn Reminder"],"gold_per_floor":[115,115,142,154,154,154,184,204,204,218,246,246,246,246,246,246,246],"floor_reached":16,"language":"ENG","playtime":309,"items_purged":[],"score":140,"play_id":"022e06fc-f5b8-4728-9a1c-042f15d38df7","local_time":"20210216110703","is_ascension_mode":true,"campfire_choices":[{"data":"Prostrate","floor":6,"key":"SMITH"}],"circlet_count":0,"master_deck":["Strike_P+1","Strike_P","Strike_P","Defend_P","Defend_P","Defend_P","Eruption+1","Vigilance","Prostrate+1","PathToVictory"],"relics":["PureWater","NeowsBlessing","hubris:ToyBattleship","Toy Ornithopter","Replay:Accelerometer","ReplayFunnel","reliquary:SharkskinSheath"],"acts_visited":["Exordium"],"potions_floor_usage":[8,11],"damage_taken":[{"damage":0,"enemies":"Jaw Worm","floor":1,"turns":1},{"damage":0,"enemies":"2 Louse","floor":4,"turns":1},{"damage":0,"enemies":"3 Sentries","floor":7,"turns":2},{"damage":0,"enemies":"Small Slimes","floor":8,"turns":2},{"damage":0,"enemies":"3 Louse","floor":10,"turns":2},{"damage":10,"enemies":"Gremlin Nob","floor":11,"turns":4},{"damage":0,"enemies":"3 Sentries","floor":16,"turns":2}],"seed_played":"583494498540036506","potions_obtained":[{"floor":4,"key":"AttackPotion"},{"floor":7,"key":"Weak Potion"},{"floor":11,"key":"DuplicationPotion"}],"is_trial":false,"path_per_floor":["M","?","T","M","?","R","E","M","T","M","E","?","?","PTL","PTL","E"],"character_chosen":"WATCHER","items_purchased":[],"campfire_rested":0,"item_purchase_floors":[],"current_hp_per_floor":[72,58,58,58,51,51,51,56,56,56,51,48,48,48,48,48,48],"gold":246,"neow_bonus":"THREE_ENEMY_KILL","is_daily":false,"chose_seed":false,"campfire_upgraded":1,"win_rate":0.0,"timestamp":1613491623,"path_taken":["M","?","?","M","?","R","E","M","T","M","E","?","?","PTL","PTL","E"],"items_purchased_type":[],"build_version":"2020-12-22","purchased_purges":0,"victory":false,"max_hp_per_floor":[72,72,72,72,72,72,72,72,72,72,72,72,72,72,72,72,72],"card_choices":[{"not_picked":["Halt","InnerPeace","JustLucky"],"picked":"SKIP","floor":1},{"not_picked":["CutThroughFate","SandsOfTime"],"picked":"Prostrate","floor":4},{"not_picked":["Tantrum","CrushJoints"],"picked":"PathToVictory","floor":7},{"not_picked":["CutThroughFate","Judgement","MarkedMod:Acupuncture"],"picked":"SKIP","floor":8},{"not_picked":["EmptyBody","WaveOfTheHand","BowlingBash"],"picked":"SKIP","floor":10},{"not_picked":["ThirdEye","DeusExMachina","FearNoEvil"],"picked":"SKIP","floor":11}],"player_experience":481849,"relics_obtained":[{"floor":3,"key":"hubris:ToyBattleship"},{"floor":7,"key":"Toy Ornithopter"},{"floor":9,"key":"Replay:Accelerometer"},{"floor":11,"key":"ReplayFunnel"}],"event_choices":[{"damage_healed":0,"gold_gain":0,"player_choice":"Entered Light","damage_taken":14,"max_hp_gain":0,"max_hp_loss":0,"event_name":"Shining Light","floor":2,"gold_loss":0,"cards_upgraded":["Eruption","Strike_P"]},{"cards_removed":["Strike_P"],"damage_healed":0,"gold_gain":0,"player_choice":"Card Removal","damage_taken":7,"max_hp_gain":0,"max_hp_loss":0,"event_name":"Golden Wing","floor":5,"gold_loss":0},{"damage_healed":0,"gold_gain":0,"player_choice":"Success","damage_taken":3,"relics_obtained":["reliquary:SharkskinSheath"],"max_hp_gain":0,"max_hp_loss":0,"event_name":"Scrap Ooze","floor":12,"gold_loss":0}],"is_beta":false,"boss_relics":[],"items_purged_floors":[],"is_endless":false,"potions_floor_spawned":[4,7,11],"killed_by":"3 Sentries","ascension_level":1}}