{"host":"w5thk1acqacem6ba","time":1613506182,"event":{"mods":["AchievementEnabler","BaseMod","Colored Map","KOR Keyword Fix","Minty Spire (QoL Compilation)","SuperFastMode"],"gold_per_floor":[113,113,188,205,224,237,251,251,251,251,251,262,276,201,201,201,201],"floor_reached":16,"language":"KOR","playtime":561,"items_purged":["Strike_G"],"score":118,"play_id":"44ea0f5a-4cd6-4da5-ac0b-cd2566aa59ae","local_time":"20210217050942","is_ascension_mode":true,"campfire_choices":[{"floor":8,"key":"REST"},{"data":"Neutralize","floor":15,"key":"SMITH"}],"circlet_count":0,"master_deck":["Strike_G","Strike_G+1","Strike_G","Strike_G","Defend_G+1","Defend_G","Defend_G","Defend_G","Defend_G","Survivor","Neutralize+1","Cloak And Dagger","Blur","Backstab","Bullet Time","Dagger Spray"],"relics":["Velvet Choker","Bag of Marbles"],"acts_visited":["Exordium"],"potions_floor_usage":[16],"damage_taken":[{"damage":2,"enemies":"Small Slimes","floor":1,"turns":4},{"damage":7,"enemies":"2 Louse","floor":4,"turns":3},{"damage":0,"enemies":"Jaw Worm","floor":5,"turns":6},{"damage":4,"enemies":"Large Slime","floor":6,"turns":7},{"damage":1,"enemies":"Looter","floor":7,"turns":3},{"damage":3,"enemies":"Blue Slaver","floor":12,"turns":2},{"damage":0,"enemies":"Large Slime","floor":13,"turns":8},{"damage":67,"enemies":"Slime Boss","floor":16,"turns":14}],"seed_played":"44040433970823144","potions_obtained":[{"floor":6,"key":"Strength Potion"},{"floor":7,"key":"GhostInAJar"},{"floor":12,"key":"Swift Potion"}],"is_trial":false,"path_per_floor":["M","?","?","M","M","M","M","R","T","?","?","M","M","$","R","B"],"character_chosen":"THE_SILENT","items_purchased":[],"campfire_rested":1,"item_purchase_floors":[],"current_hp_per_floor":[68,54,43,36,36,32,31,52,52,52,70,67,67,67,67,0,0],"gold":201,"neow_bonus":"BOSS_RELIC","is_daily":false,"chose_seed":false,"campfire_upgraded":1,"win_rate":0.0,"timestamp":1613506182,"path_taken":["M","?","?","M","?","M","M","R","T","?","?","M","M","?","R","BOSS"],"items_purchased_type":[],"build_version":"2020-12-22","purchased_purges":1,"victory":false,"max_hp_per_floor":[70,70,70,70,70,70,70,70,70,70,70,70,70,70,70,70,70],"card_choices":[{"not_picked":["Bane","Dodge and Roll","Flechettes"],"picked":"SKIP","floor":1},{"not_picked":["Heel Hook","Prepared"],"picked":"Cloak And Dagger","floor":4},{"not_picked":["Sucker Punch","Acrobatics"],"picked":"Blur","floor":5},{"not_picked":["PiercingWail","Prepared"],"picked":"Backstab","floor":6},{"not_picked":["Acrobatics","Underhanded Strike","Slice"],"picked":"SKIP","floor":7},{"not_picked":["Sucker Punch","Reflex"],"picked":"Bullet Time","floor":12},{"not_picked":["Calculated Gamble","Infinite Blades"],"picked":"Dagger Spray","floor":13}],"player_experience":394569,"relics_obtained":[{"floor":9,"key":"Bag of Marbles"}],"event_choices":[{"damage_healed":0,"gold_gain":0,"player_choice":"Entered Light","damage_taken":14,"max_hp_gain":0,"max_hp_loss":0,"event_name":"Shining Light","floor":2,"gold_loss":0,"cards_upgraded":["Defend_G","Strike_G"]},{"damage_healed":0,"gold_gain":75,"player_choice":"Gather Gold","damage_taken":11,"max_hp_gain":0,"max_hp_loss":0,"event_name":"World of Goop","floor":3,"gold_loss":0},{"damage_healed":0,"gold_gain":0,"player_choice":"Searched \u00270\u0027 times","damage_taken":0,"max_hp_gain":0,"max_hp_loss":0,"event_name":"Dead Adventurer","floor":10,"gold_loss":0},{"damage_healed":23,"gold_gain":0,"player_choice":"Banana","damage_taken":0,"max_hp_gain":0,"max_hp_loss":0,"event_name":"Big Fish","floor":11,"gold_loss":0}],"is_beta":false,"boss_relics":[],"items_purged_floors":[14],"is_endless":false,"potions_floor_spawned":[6,7,12],"killed_by":"Slime Boss","ascension_level":5}}