{"host":"kcg3v0hgymzitgl9","time":1613434745,"event":{"mods":["BaseMod","Colored Map","DeckTracker","Minty Spire (QoL Compilation)","Relic Stats","Weighted Paths"],"gold_per_floor":[114,114,129,139,154,154,166,166,191,226,242,257,12,31,31,136,136,147,167,167,180,191,191,206,206,276,201,21,21,21,53,53,149,149,165,180,190,45,45,45,80,130,206,222,236,249,267,267,267],"floor_reached":48,"language":"ENG","playtime":3477,"items_purged":["Strike_G","Strike_G"],"score":515,"play_id":"dd539940-087e-4445-b2b0-5adf7c8b98f1","local_time":"20210216111905","is_ascension_mode":false,"campfire_choices":[{"data":"Blade Dance","floor":6.0,"key":"SMITH"},{"data":"Catalyst","floor":8.0,"key":"SMITH"},{"floor":15.0,"key":"REST"},{"data":"Burst","floor":23.0,"key":"SMITH"},{"data":"Cloak And Dagger","floor":25.0,"key":"SMITH"},{"data":"Accuracy","floor":30.0,"key":"SMITH"},{"floor":32.0,"key":"REST"},{"data":"Adrenaline","floor":40.0,"key":"SMITH"}],"circlet_count":0,"master_deck":["Survivor","Neutralize","Quick Slash+1","Deflect","Dash","Blade Dance+1","Catalyst+1","Deadly Poison","PiercingWail","Poisoned Stab","Cloak And Dagger","Accuracy+1","Good Instincts","Cloak And Dagger+1","Burst+1","Quick Slash+1","Sucker Punch","After Image","Backflip","Acrobatics+1","Pain","Noxious Fumes","Good Instincts","Escape Plan+1","A Thousand Cuts","Adrenaline+1","Sucker Punch","Eviscerate","Envenom","Blur","Sucker Punch","Pain","Deflect","Parasite","Parasite","Prepared+1","Prepared+1","Poisoned Stab"],"relics":["Ring of the Snake","NeowsBlessing","Oddly Smooth Stone","Centennial Puzzle","Cursed Key","Pear","Bag of Marbles","Pandora\u0027s Box","Happy Flower","Paper Crane","Incense Burner","StoneCalendar"],"acts_visited":["Exordium","TheCity","TheBeyond"],"potions_floor_usage":[47],"damage_taken":[{"damage":0.0,"enemies":"Jaw Worm","floor":1.0,"turns":1.0},{"damage":0.0,"enemies":"Cultist","floor":3.0,"turns":1.0},{"damage":0.0,"enemies":"2 Louse","floor":4.0,"turns":1.0},{"damage":3.0,"enemies":"2 Fungi Beasts","floor":5.0,"turns":4.0},{"damage":3.0,"enemies":"Exordium Wildlife","floor":7.0,"turns":3.0},{"damage":12.0,"enemies":"3 Sentries","floor":10.0,"turns":8.0},{"damage":4.0,"enemies":"Lots of Slimes","floor":11.0,"turns":3.0},{"damage":0.0,"enemies":"Looter","floor":12.0,"turns":2.0},{"damage":0.0,"enemies":"2 Fungi Beasts","floor":14.0,"turns":3.0},{"damage":5.0,"enemies":"Hexaghost","floor":16.0,"turns":9.0},{"damage":7.0,"enemies":"2 Thieves","floor":18.0,"turns":5.0},{"damage":0.0,"enemies":"Shell Parasite","floor":19.0,"turns":4.0},{"damage":0.0,"enemies":"Shelled Parasite and Fungi","floor":21.0,"turns":5.0},{"damage":11.0,"enemies":"Sentry and Sphere","floor":22.0,"turns":6.0},{"damage":4.0,"enemies":"3 Cultists","floor":24.0,"turns":5.0},{"damage":9.0,"enemies":"Slavers","floor":31.0,"turns":6.0},{"damage":43.0,"enemies":"Automaton","floor":33.0,"turns":12.0},{"damage":11.0,"enemies":"Orb Walker","floor":35.0,"turns":5.0},{"damage":7.0,"enemies":"3 Shapes","floor":36.0,"turns":6.0},{"damage":0.0,"enemies":"Sphere and 2 Shapes","floor":37.0,"turns":5.0},{"damage":24.0,"enemies":"Nemesis","floor":41.0,"turns":9.0},{"damage":6,"enemies":"Mind Bloom Boss Battle","floor":42,"turns":9},{"damage":7,"enemies":"Writhing Mass","floor":44,"turns":7},{"damage":8,"enemies":"4 Shapes","floor":45,"turns":5},{"damage":6,"enemies":"Sphere and 2 Shapes","floor":46,"turns":6},{"damage":7,"enemies":"Spire Growth","floor":47,"turns":6},{"damage":0,"enemies":"Giant Head","floor":48,"turns":1}],"seed_played":"7390324181273781309","potions_obtained":[{"floor":3.0,"key":"DuplicationPotion"},{"floor":4.0,"key":"Explosive Potion"},{"floor":10.0,"key":"AttackPotion"},{"floor":18.0,"key":"LiquidMemories"},{"floor":41.0,"key":"CultistPotion"},{"floor":42,"key":"Fire Potion"},{"floor":46,"key":"SkillPotion"},{"floor":47,"key":"AttackPotion"}],"is_trial":false,"path_per_floor":["M","?","M","M","M","R","M","R","T","E","M","M","$","M","R","B",null,"M","M","?","M","M","R","M","R","T","?","$","?","R","E","R","B",null,"M","M","M","$","T","R","E","?","T","M","M","M","M","E"],"character_chosen":"THE_SILENT","items_purchased":["Cloak And Dagger","Accuracy","Good Instincts","Noxious Fumes","Happy Flower"],"campfire_rested":2,"item_purchase_floors":[13,13,13,28,38],"current_hp_per_floor":[70,70,70,70,67,67,64,64,64,52,48,48,48,48,69,64,70,63,63,63,63,52,52,48,48,58,58,58,58,58,49,73,30,80,69,62,62,62,62,62,38,32,32,25,17,11,4,4,4],"gold":267,"neow_bonus":"THREE_ENEMY_KILL","is_daily":false,"chose_seed":false,"campfire_upgraded":6,"win_rate":0.0,"timestamp":1613434745,"path_taken":["M","?","M","M","M","R","?","R","T","E","M","M","$","M","R","BOSS","M","M","?","M","M","R","M","R","T","?","$","?","R","E","R","BOSS","M","M","M","$","?","R","E","?","T","M","M","M","M","E"],"items_purchased_type":["Card","Card","Card","Card","Relic"],"build_version":"2020-12-22","purchased_purges":2,"victory":false,"max_hp_per_floor":[70,70,70,70,70,70,70,70,70,70,70,70,70,70,70,70,70,70,70,70,70,70,70,70,70,80,80,80,80,80,80,80,80,80,80,80,80,80,80,80,80,80,80,80,80,80,80,80,80],"relic_stats":{"Centennial Puzzle":[45],"Happy Flower":[14],"counters":[27,137],"Pandora\u0027s Box":["A Thousand Cuts","Adrenaline","Sucker Punch","Eviscerate","Envenom","Blur","Sucker Punch"],"StoneCalendar":[36],"Cursed Key":3,"obtain_stats":[{"Centennial Puzzle":10,"Pear":26,"NeowsBlessing":0,"Happy Flower":38,"Oddly Smooth Stone":9,"Pandora\u0027s Box":34,"StoneCalendar":42,"Bag of Marbles":31,"Incense Burner":41,"Paper Crane":39,"Cursed Key":17,"Ring of the Snake":0},{"Centennial Puzzle":6,"Pear":15,"NeowsBlessing":0,"Happy Flower":20,"Oddly Smooth Stone":5,"Pandora\u0027s Box":17,"StoneCalendar":22,"Bag of Marbles":16,"Incense Burner":21,"Paper Crane":20,"Cursed Key":10,"Ring of the Snake":0},{"Centennial Puzzle":18,"Pear":60,"NeowsBlessing":0,"Happy Flower":94,"Oddly Smooth Stone":10,"Pandora\u0027s Box":78,"StoneCalendar":112,"Bag of Marbles":66,"Incense Burner":103,"Paper Crane":94,"Cursed Key":35,"Ring of the Snake":0}],"Ring of the Snake":[54]},"card_choices":[{"not_picked":["Outmaneuver","Deflect"],"picked":"Quick Slash","floor":1.0},{"not_picked":["Flying Knee","Dagger Throw"],"picked":"Deflect","floor":3.0},{"not_picked":["Heel Hook","Dodge and Roll"],"picked":"Dash","floor":4.0},{"not_picked":["Cloak And Dagger","Outmaneuver"],"picked":"Blade Dance","floor":5.0},{"not_picked":["Underhanded Strike","Grand Finale"],"picked":"Catalyst","floor":7.0},{"not_picked":["Bane","Dagger Throw"],"picked":"Deadly Poison","floor":10.0},{"not_picked":["Dodge and Roll","Deadly Poison"],"picked":"PiercingWail","floor":11.0},{"not_picked":["Flechettes","Dagger Spray"],"picked":"Poisoned Stab","floor":12.0},{"not_picked":["Prepared","Sucker Punch"],"picked":"Cloak And Dagger","floor":14.0},{"not_picked":["Doppelganger","Storm of Steel"],"picked":"Burst","floor":16.0},{"not_picked":["Setup","Cloak And Dagger"],"picked":"Quick Slash+1","floor":18.0},{"not_picked":["Dagger Throw","Quick Slash"],"picked":"Sucker Punch","floor":19.0},{"not_picked":["Quick Slash+1","Masterful Stab","Underhanded Strike"],"picked":"SKIP","floor":21.0},{"not_picked":["Reflex","Outmaneuver"],"picked":"Backflip","floor":22.0},{"not_picked":["Bane","Setup"],"picked":"Acrobatics+1","floor":24.0},{"not_picked":["Concentrate+1","Flechettes"],"picked":"Escape Plan+1","floor":31.0},{"not_picked":["Dagger Throw","Acrobatics","Dodge and Roll+1"],"picked":"SKIP","floor":35.0},{"not_picked":["Skewer+1","Dagger Spray","Choke+1"],"picked":"SKIP","floor":36.0},{"not_picked":["Outmaneuver+1","Endless Agony+1","Flechettes+1"],"picked":"SKIP","floor":37.0},{"not_picked":["Outmaneuver","Dodge and Roll"],"picked":"Deflect","floor":41.0},{"not_picked":["Underhanded Strike+1","Flechettes+1","Outmaneuver"],"picked":"SKIP","floor":44},{"not_picked":["Burst","Slice"],"picked":"Prepared+1","floor":45},{"not_picked":["Distraction","Acrobatics+1"],"picked":"Prepared+1","floor":46},{"not_picked":["Dagger Spray+1","Outmaneuver+1"],"picked":"Poisoned Stab","floor":47}],"player_experience":323194,"relics_obtained":[{"floor":9.0,"key":"Oddly Smooth Stone"},{"floor":10.0,"key":"Centennial Puzzle"},{"floor":26.0,"key":"Pear"},{"floor":31.0,"key":"Bag of Marbles"},{"floor":39.0,"key":"Paper Crane"},{"floor":41.0,"key":"Incense Burner"},{"floor":42,"key":"StoneCalendar"}],"event_choices":[{"damage_healed":0.0,"max_hp_gain":0.0,"max_hp_loss":0.0,"gold_gain":0.0,"event_name":"Accursed Blacksmith","player_choice":"Forge","floor":2.0,"gold_loss":0.0,"damage_taken":0.0,"cards_upgraded":["Quick Slash"]},{"damage_healed":0.0,"max_hp_gain":0.0,"max_hp_loss":0.0,"gold_gain":0.0,"event_name":"The Library","player_choice":"Read","floor":20.0,"gold_loss":0.0,"damage_taken":0.0,"cards_obtained":["After Image"]},{"cards_removed":["Strike_G"],"damage_healed":0.0,"max_hp_gain":0.0,"max_hp_loss":0.0,"gold_gain":0.0,"event_name":"Beggar","player_choice":"Gave Gold","floor":27.0,"gold_loss":75.0,"damage_taken":0.0},{"damage_healed":0.0,"max_hp_gain":0.0,"max_hp_loss":0.0,"gold_gain":0.0,"event_name":"Match and Keep!","player_choice":"1 cards matched","floor":29.0,"gold_loss":0.0,"damage_taken":0.0,"cards_obtained":["Good Instincts"]},{"damage_healed":0,"gold_gain":0,"player_choice":"Fight","damage_taken":0,"max_hp_gain":0,"max_hp_loss":0,"event_name":"MindBloom","floor":42,"gold_loss":0}],"is_beta":false,"boss_relics":[{"not_picked":["Runic Dome","Astrolabe"],"picked":"Cursed Key"},{"not_picked":["Sozu","Calling Bell"],"picked":"Pandora\u0027s Box"}],"items_purged_floors":[13,28],"is_endless":false,"potions_floor_spawned":[3,4,10,18,19,21,41,42,46,47],"killed_by":"Giant Head","ascension_level":0}}