{"host":"k7udt7atmcuzf6l0","time":1613440806,"event":{"mods":["AchievementEnabler","Act Like it!","BaseMod","BetterRewards","Colored Map","Colored Powertips","Highlight Path","Minty Spire (QoL Compilation)","Quick Restart","Rare Cards Sparkle","StSLib","The Bug Knight","UnlockEverythingMod"],"gold_per_floor":[112,126,3,3,3,3,16,16,62,27,27,43,43,43,43,142,142,153,166,166,179,179,207,220,250,250,281,293,316,356,385,397,512,524,556,583,614,72,90,124,124,142,166,182,14,40,0,20,20,20],"floor_reached":51,"language":"ZHS","playtime":1673,"items_purged":[],"score":811,"play_id":"6d735a04-98ee-4394-b97b-be824b87f33b","local_time":"20210216100006","is_ascension_mode":false,"campfire_choices":[{"data":"Trip","floor":6.0,"key":"SMITH"},{"data":"Whirlwind","floor":8.0,"key":"SMITH"},{"data":"Inflame","floor":13.0,"key":"SMITH"},{"data":"Flame Barrier","floor":15.0,"key":"SMITH"},{"floor":28.0,"key":"REST"},{"data":"Flex","floor":32.0,"key":"SMITH"},{"data":"Sword Boomerang","floor":41,"key":"SMITH"},{"data":"Offering","floor":49,"key":"SMITH"}],"circlet_count":0,"master_deck":["Strike_R","Strike_R+1","Defend_R","Defend_R","Defend_R+1","Defend_R","Bash+1","Flame Barrier+1","Whirlwind+1","Trip+1","Havoc","Inflame+1","Offering+1","Clothesline+1","Flex+1","Reaper+1","Writhe","Sword Boomerang+1","Thunderclap+1","Dual Wield+1","Intimidate+1","Double Tap+1","Pommel Strike+1","Iron Wave+1","Armaments+1","Flex+1","Warcry+1","True Grit+1","Carnage+1","Warcry+1","Uppercut+1","Shockwave+1","Jack Of All Trades+1","Rage+1","Impervious+1"],"relics":["Burning Blood","Dream Catcher","Black Star","Mercury Hourglass","Vajra","Dead Branch","Regal Pillow","Matryoshka","Toxic Egg 2","MawBank","Anchor","PreservedInsect","Mango","SacredBark","Chemical X","Lantern","Strawberry","Pen Nib","Juzu Bracelet","Bottled Tornado","Whetstone","The Courier","InkBottle","Red Mask"],"acts_visited":["Exordium","TheCity","TheBeyond"],"potions_floor_usage":[39,50,50],"damage_taken":[{"damage":9.0,"enemies":"Small Slimes","floor":1.0,"turns":4.0},{"damage":8.0,"enemies":"Jaw Worm","floor":2.0,"turns":4.0},{"damage":0.0,"enemies":"Cultist","floor":7.0,"turns":3.0},{"damage":0.0,"enemies":"2 Fungi Beasts","floor":12.0,"turns":3.0},{"damage":35.0,"enemies":"The Guardian","floor":16.0,"turns":10.0},{"damage":16.0,"enemies":"Shell Parasite","floor":18.0,"turns":3.0},{"damage":11.0,"enemies":"2 Thieves","floor":19.0,"turns":3.0},{"damage":6.0,"enemies":"Snecko","floor":21.0,"turns":4.0},{"damage":46.0,"enemies":"Slavers","floor":23.0,"turns":4.0},{"damage":6.0,"enemies":"Snake Plant","floor":24.0,"turns":2.0},{"damage":30.0,"enemies":"HollowMod:Nosk","floor":25.0,"turns":5.0},{"damage":18.0,"enemies":"Centurion and Healer","floor":27.0,"turns":4.0},{"damage":21.0,"enemies":"Snecko","floor":29.0,"turns":3.0},{"damage":54.0,"enemies":"Book of Stabbing","floor":30.0,"turns":6.0},{"damage":0.0,"enemies":"Cultist and Chosen","floor":31.0,"turns":3.0},{"damage":71.0,"enemies":"Collector","floor":33.0,"turns":8.0},{"damage":14,"enemies":"3 Shapes","floor":35,"turns":3},{"damage":10,"enemies":"Orb Walker","floor":36,"turns":3},{"damage":49,"enemies":"Transient","floor":37,"turns":5},{"damage":27,"enemies":"Sphere and 2 Shapes","floor":39,"turns":2},{"damage":57,"enemies":"Nemesis","floor":40,"turns":5},{"damage":7,"enemies":"3 Darklings","floor":42,"turns":3},{"damage":22,"enemies":"Spire Growth","floor":44,"turns":3},{"damage":12,"enemies":"Reptomancer","floor":46,"turns":4},{"damage":10,"enemies":"Transient","floor":48,"turns":5},{"damage":140,"enemies":"Awakened One","floor":50,"turns":10}],"seed_played":"-7597349090923389044","potions_obtained":[{"floor":2.0,"key":"SteroidPotion"},{"floor":7.0,"key":"SpeedPotion"},{"floor":16.0,"key":"Weak Potion"},{"floor":18.0,"key":"LiquidBronze"},{"floor":23.0,"key":"LiquidBronze"},{"floor":25.0,"key":"BlessingOfTheForge"},{"floor":30.0,"key":"AttackPotion"},{"floor":37,"key":"SkillPotion"},{"floor":42,"key":"BlessingOfTheForge"},{"floor":44,"key":"BloodPotion"},{"floor":48,"key":"SteroidPotion"}],"is_trial":false,"path_per_floor":["M","M","$","?","?","R","M","R","T","?","$","M","R","?","R","B",null,"M","M","T","M","?","E","M","E","T","M","R","M","E","M","R","B",null,"M","M","M","$","M","E","R","M","T","M","$","E","?","M","R","B",null],"character_chosen":"IRONCLAD","items_purchased":["Whirlwind","Trip","Chemical X","Lantern","Strawberry","Flex+1","Warcry+1","Shockwave+1","Jack Of All Trades+1"],"campfire_rested":1,"item_purchase_floors":[3,3,38,38,38,38,38,45,45],"current_hp_per_floor":[77,75,75,68,52,52,58,58,58,78,78,80,80,80,80,51,80,70,65,65,65,65,26,26,15,15,15,54,51,38,58,58,29,94,94,90,63,70,101,62,62,61,61,45,45,81,81,99,99,21],"gold":20,"neow_bonus":"REMOVE_CARD","is_daily":false,"chose_seed":false,"campfire_upgraded":7,"win_rate":0.0,"timestamp":1613440806,"path_taken":["M","M","$","?","?","R","M","R","T","?","$","?","R","?","R","BOSS","BOSS","M","M","?","?","?","E","M","E","T","M","R","M","E","M","R","BOSS","M","M","M","$","M","E","R","M","T","M","$","E","?","M","R","BOSS"],"items_purchased_type":["Card","Card","Relic","Relic","Relic","Card","Card","Card","Card"],"build_version":"2020-12-22","purchased_purges":0,"victory":true,"max_hp_per_floor":[80,80,80,80,80,80,80,80,80,80,80,80,80,80,80,80,80,80,80,80,80,80,80,80,80,80,80,80,80,94,94,94,94,94,94,94,94,101,101,101,101,101,101,101,101,101,101,101,101,101],"card_choices":[{"not_picked":["Clothesline","Perfected Strike","Sentinel"],"picked":"SKIP","floor":1.0},{"not_picked":["Clothesline","Rupture"],"picked":"Flame Barrier","floor":2.0},{"not_picked":["Shrug It Off","True Grit"],"picked":"Havoc","floor":7.0},{"not_picked":["Blood for Blood","Iron Wave"],"picked":"Inflame","floor":12.0},{"not_picked":["Feed","Exhume"],"picked":"Offering","floor":16.0},{"not_picked":["Intimidate","True Grit+1"],"picked":"Clothesline+1","floor":18.0},{"not_picked":["Iron Wave+1","Disarm+1"],"picked":"Flex","floor":19.0},{"not_picked":["Infernal Blade","Shrug It Off"],"picked":"Reaper","floor":21.0},{"not_picked":["Feel No Pain","Rupture+1","Wild Strike"],"picked":"SKIP","floor":23.0},{"not_picked":["Twin Strike","Headbutt","Shrug It Off"],"picked":"SKIP","floor":24.0},{"not_picked":["Rampage","Dropkick"],"picked":"Sword Boomerang","floor":25.0},{"not_picked":["Dark Embrace","Twin Strike","Fire Breathing"],"picked":"SKIP","floor":27.0},{"not_picked":["Uppercut","Impervious+1"],"picked":"Thunderclap+1","floor":29.0},{"not_picked":["Evolve","Reckless Charge"],"picked":"Dual Wield+1","floor":30.0},{"not_picked":["Spot Weakness+1","Blood for Blood+1"],"picked":"Intimidate+1","floor":31.0},{"not_picked":["Bludgeon","Barricade"],"picked":"Double Tap+1","floor":33.0},{"not_picked":["Headbutt+1","Perfected Strike"],"picked":"Pommel Strike+1","floor":35},{"not_picked":["Entrench+1","Clothesline"],"picked":"Iron Wave+1","floor":36},{"not_picked":["Anger+1","Wild Strike"],"picked":"Armaments+1","floor":37},{"not_picked":["Armaments+1","Heavy Blade"],"picked":"True Grit+1","floor":39},{"not_picked":["Pommel Strike","Anger"],"picked":"Carnage+1","floor":40},{"not_picked":["Body Slam","Clothesline+1"],"picked":"Warcry+1","floor":42},{"not_picked":["True Grit+1","Combust"],"picked":"Uppercut+1","floor":44},{"not_picked":["Spot Weakness+1","Disarm+1"],"picked":"Rage+1","floor":46},{"not_picked":["Sever Soul+1","Sentinel+1"],"picked":"Impervious+1","floor":48}],"player_experience":127159,"relics_obtained":[{"floor":9.0,"key":"Dream Catcher"},{"floor":20.0,"key":"Mercury Hourglass"},{"floor":23.0,"key":"Dead Branch"},{"floor":23.0,"key":"Regal Pillow"},{"floor":25.0,"key":"Matryoshka"},{"floor":25.0,"key":"Toxic Egg 2"},{"floor":26.0,"key":"MawBank"},{"floor":26.0,"key":"Anchor"},{"floor":30.0,"key":"PreservedInsect"},{"floor":30.0,"key":"Mango"},{"floor":40,"key":"Pen Nib"},{"floor":40,"key":"Juzu Bracelet"},{"floor":43,"key":"Bottled Tornado"},{"floor":43,"key":"Whetstone"},{"floor":46,"key":"The Courier"},{"floor":46,"key":"InkBottle"}],"event_choices":[{"cards_removed":["Strike_R"],"damage_healed":0.0,"max_hp_gain":0.0,"max_hp_loss":0.0,"gold_gain":0.0,"event_name":"Golden Wing","player_choice":"Card Removal","floor":4.0,"gold_loss":0.0,"damage_taken":7.0},{"damage_healed":0.0,"max_hp_gain":0.0,"max_hp_loss":0.0,"gold_gain":0.0,"event_name":"Shining Light","player_choice":"Entered Light","floor":5.0,"gold_loss":0.0,"damage_taken":16.0,"cards_upgraded":["Strike_R","Defend_R"]},{"damage_healed":20.0,"max_hp_gain":0.0,"max_hp_loss":0.0,"gold_gain":0.0,"event_name":"The Cleric","player_choice":"Healed","floor":10.0,"gold_loss":35.0,"damage_taken":0.0},{"cards_removed":["Strike_R"],"damage_healed":0.0,"max_hp_gain":0.0,"max_hp_loss":0.0,"gold_gain":0.0,"event_name":"Bonfire Elementals","player_choice":"Offered Basic","floor":14.0,"gold_loss":0.0,"damage_taken":0.0},{"damage_healed":0.0,"max_hp_gain":0.0,"max_hp_loss":0.0,"gold_gain":0.0,"event_name":"The Mausoleum","player_choice":"Opened","floor":22.0,"gold_loss":0.0,"damage_taken":0.0,"relics_obtained":["Vajra"],"cards_obtained":["Writhe"]},{"damage_healed":0,"gold_gain":0,"player_choice":"Paid","damage_taken":0,"relics_obtained":["Red Mask"],"max_hp_gain":0,"max_hp_loss":0,"event_name":"Tomb of Lord Red Mask","floor":47,"gold_loss":40}],"is_beta":false,"boss_relics":[{"not_picked":["Runic Cube","Snecko Eye"],"picked":"Black Star"},{"not_picked":["Pandora\u0027s Box","Fusion Hammer"],"picked":"SacredBark"}],"items_purged_floors":[],"is_endless":false,"potions_floor_spawned":[2,7,16,18,23,25,30,37,42,44,48],"ascension_level":0}}