{"host":"r3islh0l1a1ykxfu","time":1613511450,"event":{"mods":["BaseMod","Bestiary","Colored Map","Colored Powertips","Highlight Path","Minty Spire (QoL Compilation)","Relic Stats","Slay-I"],"gold_per_floor":[16,26,26,2,22,22,56,119,142,183,183,133,169,189,189,308,308,328,328,328,328,378,418,418,418,418,443,443,466,466,491,491,491,491],"floor_reached":33,"language":"ENG","playtime":3248,"items_purged":[],"score":376,"play_id":"ba0759b1-c668-4a98-a93c-e339087bacac","local_time":"20210216153730","is_ascension_mode":true,"campfire_choices":[{"data":"Whirlwind","floor":6,"key":"SMITH"},{"floor":11,"key":"REST"},{"floor":15,"key":"REST"},{"floor":25,"key":"REST"},{"data":"Bash","floor":28,"key":"SMITH"},{"floor":30,"key":"REST"},{"floor":32,"key":"REST"}],"circlet_count":0,"master_deck":["Strike_R","Strike_R","Strike_R","Strike_R","Defend_R","Defend_R","Bash+1","Wild Strike","Iron Wave","Whirlwind+1","Headbutt","Sword Boomerang+1","Flex","Flex","Flex","Inflame","Armaments","Reaper+1","Twin Strike","Seeing Red","Sword Boomerang","Armaments+1","Flex+1"],"relics":["Burning Blood","Golden Idol","Juzu Bracelet","Kunai","Bag of Preparation","Toy Ornithopter","MealTicket","SacredBark","MutagenicStrength","Thread and Needle","FaceOfCleric","Whetstone"],"acts_visited":["Exordium","TheCity"],"potions_floor_usage":[10,16,23],"damage_taken":[{"damage":2.0,"enemies":"Jaw Worm","floor":1.0,"turns":3.0},{"damage":2.0,"enemies":"2 Louse","floor":2.0,"turns":2.0},{"damage":0.0,"enemies":"Small Slimes","floor":5.0,"turns":2.0},{"damage":16,"enemies":"Gremlin Nob","floor":7,"turns":3},{"damage":25,"enemies":"3 Sentries","floor":8,"turns":5},{"damage":20,"enemies":"Lagavulin","floor":10,"turns":5},{"damage":20,"enemies":"3 Sentries","floor":13,"turns":4},{"damage":3,"enemies":"Blue Slaver","floor":14,"turns":3},{"damage":64,"enemies":"The Guardian","floor":16,"turns":11},{"damage":42,"enemies":"Shell Parasite","floor":18,"turns":4},{"damage":65,"enemies":"Slavers","floor":23,"turns":6},{"damage":3,"enemies":"Chosen","floor":27,"turns":4},{"damage":51,"enemies":"Shelled Parasite and Fungi","floor":29,"turns":5},{"damage":45,"enemies":"Snecko","floor":31,"turns":6},{"damage":41,"enemies":"Automaton","floor":33,"turns":4}],"seed_played":"5590705029038636332","potions_obtained":[{"floor":5.0,"key":"Weak Potion"},{"floor":8,"key":"Swift Potion"},{"floor":13,"key":"Dexterity Potion"},{"floor":14,"key":"GamblersBrew"},{"floor":29,"key":"BlessingOfTheForge"},{"floor":31,"key":"Explosive Potion"}],"is_trial":false,"path_per_floor":["M","M","?","$","M","R","E","?","T","E","R","?","E","M","R","B",null,"M","?","?","?","?","E","?","R","T","M","R","M","R","M","R","B"],"character_chosen":"IRONCLAD","items_purchased":["Sword Boomerang"],"campfire_rested":5,"item_purchase_floors":[4],"current_hp_per_floor":[80,80,80,80,80,80,70,51,51,37,61,61,47,50,74,21,65,29,29,55,55,55,26,26,50,50,64,64,20,44,16,40,0,0],"gold":491,"neow_bonus":"TRANSFORM_TWO_CARDS","is_daily":false,"chose_seed":false,"campfire_upgraded":2,"win_rate":0.0,"timestamp":1613511450,"path_taken":["M","M","?","$","M","R","E","?","T","E","R","?","E","M","R","BOSS","M","?","?","?","?","E","?","R","T","M","R","M","R","M","R","BOSS"],"items_purchased_type":["Card"],"build_version":"2020-12-22","purchased_purges":0,"victory":false,"max_hp_per_floor":[80,80,80,80,80,80,80,80,80,80,80,80,80,80,80,80,80,80,80,80,80,80,80,80,80,80,81,81,82,82,83,83,83,83],"relic_stats":{"FaceOfCleric":3,"counters":[15,67],"Golden Idol":88,"MealTicket":0,"Juzu Bracelet":2,"Bag of Preparation":[20],"Kunai":[9],"Whetstone":["Sword Boomerang","Reaper"],"obtain_stats":[{"FaceOfCleric":24,"Golden Idol":3,"SacredBark":17,"MutagenicStrength":19,"MealTicket":13,"Thread and Needle":23,"Juzu Bracelet":7,"Bag of Preparation":9,"Kunai":8,"Whetstone":26,"Burning Blood":0,"Toy Ornithopter":10},{"FaceOfCleric":11,"Golden Idol":2,"SacredBark":9,"MutagenicStrength":10,"MealTicket":7,"Thread and Needle":11,"Juzu Bracelet":4,"Bag of Preparation":5,"Kunai":5,"Whetstone":11,"Burning Blood":0,"Toy Ornithopter":6},{"FaceOfCleric":48,"Golden Idol":5,"SacredBark":38,"MutagenicStrength":42,"MealTicket":24,"Thread and Needle":48,"Juzu Bracelet":10,"Bag of Preparation":15,"Kunai":15,"Whetstone":48,"Burning Blood":0,"Toy Ornithopter":20}],"Burning Blood":70,"Toy Ornithopter":10},"card_choices":[{"not_picked":["Perfected Strike","Rupture"],"picked":"Whirlwind","floor":1.0},{"not_picked":["Warcry","Twin Strike"],"picked":"Headbutt","floor":2.0},{"not_picked":["True Grit","Second Wind"],"picked":"Flex","floor":5.0},{"not_picked":["Pommel Strike","Metallicize"],"picked":"Flex","floor":7},{"not_picked":["Exhume","Anger"],"picked":"Flex","floor":10},{"not_picked":["Second Wind","Thunderclap"],"picked":"Inflame","floor":13},{"not_picked":["Clothesline","Headbutt"],"picked":"Armaments","floor":14},{"not_picked":["Brutality","Fiend Fire"],"picked":"Reaper","floor":16},{"not_picked":["Wild Strike","Perfected Strike"],"picked":"Twin Strike","floor":18},{"not_picked":["Body Slam","Shockwave"],"picked":"Seeing Red","floor":23},{"not_picked":["Warcry","Perfected Strike"],"picked":"Sword Boomerang","floor":27},{"not_picked":["Warcry+1","Inflame"],"picked":"Armaments+1","floor":29},{"not_picked":["Flame Barrier","Iron Wave"],"picked":"Flex+1","floor":31}],"player_experience":1293085,"relics_obtained":[{"floor":7,"key":"Juzu Bracelet"},{"floor":8,"key":"Kunai"},{"floor":9,"key":"Bag of Preparation"},{"floor":10,"key":"Toy Ornithopter"},{"floor":13,"key":"MealTicket"},{"floor":23,"key":"Thread and Needle"},{"floor":26,"key":"Whetstone"}],"event_choices":[{"damage_healed":0.0,"max_hp_gain":0.0,"max_hp_loss":0.0,"gold_gain":0.0,"event_name":"Golden Idol","player_choice":"Take Wound","floor":3.0,"gold_loss":0.0,"damage_taken":0.0,"relics_obtained":["Golden Idol"],"cards_obtained":["Injury"]},{"damage_healed":0,"gold_gain":30,"player_choice":"Searched \u00273\u0027 times","damage_taken":0,"max_hp_gain":0,"max_hp_loss":0,"event_name":"Dead Adventurer","floor":8,"gold_loss":0},{"cards_removed":["Injury"],"damage_healed":0,"gold_gain":0,"player_choice":"Card Removal","damage_taken":0,"max_hp_gain":0,"max_hp_loss":0,"event_name":"The Cleric","floor":12,"gold_loss":50},{"damage_healed":0,"gold_gain":0,"player_choice":"Inject Mutagens","damage_taken":0,"relics_obtained":["MutagenicStrength"],"max_hp_gain":0,"max_hp_loss":0,"event_name":"Drug Dealer","floor":19,"gold_loss":0},{"damage_healed":26,"gold_gain":0,"player_choice":"Heal","damage_taken":0,"max_hp_gain":0,"max_hp_loss":0,"event_name":"The Library","floor":20,"gold_loss":0},{"cards_removed":["Defend_R"],"damage_healed":0,"gold_gain":0,"player_choice":"Card Removal","damage_taken":0,"max_hp_gain":0,"max_hp_loss":0,"event_name":"Wheel of Change","floor":21,"gold_loss":0},{"damage_healed":0,"gold_gain":100,"player_choice":"Bet on Murderer","damage_taken":0,"max_hp_gain":0,"max_hp_loss":0,"event_name":"The Joust","floor":22,"gold_loss":50},{"damage_healed":0,"gold_gain":0,"player_choice":"Trade","damage_taken":0,"relics_obtained":["FaceOfCleric"],"max_hp_gain":0,"max_hp_loss":0,"event_name":"FaceTrader","floor":24,"gold_loss":0}],"is_beta":false,"boss_relics":[{"not_picked":["Cursed Key","Sozu"],"picked":"SacredBark"}],"items_purged_floors":[],"is_endless":false,"potions_floor_spawned":[5,8,13,14,29,31],"killed_by":"Automaton","ascension_level":5}}