{"host":"w5thk1acqacem6ba","time":1613505597,"event":{"mods":["AchievementEnabler","BaseMod","Colored Map","KOR Keyword Fix","Minty Spire (QoL Compilation)","SuperFastMode"],"gold_per_floor":[115,115,115,115,134,170,195,195,195,218,232,256,53,53,53,176,176,189,204,204,204,227,227,270,270,270,270,270,286,302,302,302,302,302],"floor_reached":33,"language":"KOR","playtime":1192,"items_purged":["Strike_G"],"score":340,"play_id":"37fa8fed-e558-4f85-a950-7656b0a744ec","local_time":"20210217045957","is_ascension_mode":true,"campfire_choices":[{"data":"Neutralize","floor":8.0,"key":"SMITH"},{"floor":15.0,"key":"REST"},{"floor":23.0,"key":"REST"},{"floor":25.0,"key":"REST"},{"data":"Bouncing Flask","floor":27.0,"key":"SMITH"},{"data":"Noxious Fumes","floor":32.0,"key":"SMITH"}],"circlet_count":0,"master_deck":["Strike_G","Strike_G","Defend_G","Defend_G","Defend_G","Defend_G","Defend_G","Survivor","Neutralize+1","Dagger Spray","Backflip","Slice+1","Flying Knee+1","Corpse Explosion","Bane+1","Slice+1","Backflip","Poisoned Stab+1","Bane+1","Die Die Die+1","CurseOfTheBell","Reflex","Poisoned Stab+1","Noxious Fumes+1","Bouncing Flask+1","Dagger Throw+1"],"relics":["Ring of the Snake","NeowsBlessing","Bloody Idol","Molten Egg 2","Snake Skull","Calling Bell","Nunchaku","Sundial","Ginger","Red Mask","Pantograph"],"acts_visited":["Exordium","TheCity"],"potions_floor_usage":[33],"damage_taken":[{"damage":0.0,"enemies":"2 Louse","floor":1.0,"turns":1.0},{"damage":0.0,"enemies":"Small Slimes","floor":5.0,"turns":1.0},{"damage":0.0,"enemies":"Gremlin Nob","floor":6.0,"turns":1.0},{"damage":0.0,"enemies":"Jaw Worm","floor":7.0,"turns":4.0},{"damage":3.0,"enemies":"Blue Slaver","floor":10.0,"turns":3.0},{"damage":0.0,"enemies":"3 Louse","floor":11.0,"turns":2.0},{"damage":0.0,"enemies":"2 Fungi Beasts","floor":12.0,"turns":1.0},{"damage":25.0,"enemies":"Slime Boss","floor":16.0,"turns":9.0},{"damage":6.0,"enemies":"Spheric Guardian","floor":18.0,"turns":3.0},{"damage":21.0,"enemies":"Chosen","floor":19.0,"turns":5.0},{"damage":26.0,"enemies":"Snake Plant","floor":22.0,"turns":4.0},{"damage":9.0,"enemies":"Masked Bandits","floor":24.0,"turns":3.0},{"damage":11.0,"enemies":"Colosseum Slavers","floor":28.0,"turns":2.0},{"damage":0.0,"enemies":"3 Cultists","floor":29.0,"turns":4.0},{"damage":0.0,"enemies":"Snecko","floor":30.0,"turns":2.0},{"damage":56,"enemies":"Champ","floor":33,"turns":8}],"seed_played":"377975573050241152","potions_obtained":[{"floor":6.0,"key":"Fruit Juice"},{"floor":10.0,"key":"Explosive Potion"},{"floor":11.0,"key":"Regen Potion"},{"floor":22.0,"key":"EntropicBrew"},{"floor":29.0,"key":"Swift Potion"}],"is_trial":false,"path_per_floor":["M","?","?","?","M","E","M","R","T","M","M","M","$","?","R","B",null,"M","M","?","?","M","R","?","R","T","R","?","M","M","?","R","B"],"character_chosen":"THE_SILENT","items_purchased":["Backflip","Poisoned Stab+1","Bane+1"],"campfire_rested":3,"item_purchase_floors":[13,13,13],"current_hp_per_floor":[70,63,63,46,46,51,51,51,51,48,48,48,48,48,70,45,68,62,41,41,41,27,49,40,62,62,62,51,51,51,51,51,19,19],"gold":302,"neow_bonus":"THREE_ENEMY_KILL","is_daily":false,"chose_seed":false,"campfire_upgraded":3,"win_rate":0.0,"timestamp":1613505597,"path_taken":["M","?","?","?","M","E","M","R","T","M","M","M","$","?","R","BOSS","M","M","?","?","?","R","?","R","T","R","?","M","M","?","R","BOSS"],"items_purchased_type":["Card","Card","Card"],"build_version":"2020-12-22","purchased_purges":1,"victory":false,"max_hp_per_floor":[70,70,70,70,70,75,75,75,75,75,75,75,75,75,75,75,75,75,75,75,75,75,75,75,75,75,75,75,75,75,75,75,75,75],"card_choices":[{"not_picked":["Outmaneuver","Caltrops"],"picked":"Dagger Spray","floor":1.0},{"not_picked":["Deflect","Underhanded Strike"],"picked":"Backflip","floor":5.0},{"not_picked":["Deflect","Acrobatics"],"picked":"Slice+1","floor":6.0},{"not_picked":["Accuracy","Underhanded Strike+1"],"picked":"Flying Knee+1","floor":7.0},{"not_picked":["Sucker Punch+1","Outmaneuver"],"picked":"Corpse Explosion","floor":10.0},{"not_picked":["Deflect","Dagger Throw+1"],"picked":"Bane+1","floor":11.0},{"not_picked":["Backflip","Dash+1"],"picked":"Slice+1","floor":12.0},{"not_picked":["Bullet Time","Tools of the Trade"],"picked":"Die Die Die+1","floor":16.0},{"not_picked":["PiercingWail","Skewer+1"],"picked":"Reflex","floor":18.0},{"not_picked":["Leg Sweep+1","Riddle With Holes+1"],"picked":"Poisoned Stab+1","floor":19.0},{"not_picked":["Infinite Blades","All Out Attack+1"],"picked":"Noxious Fumes","floor":22.0},{"not_picked":["Deflect+1","Skewer+1"],"picked":"Bouncing Flask","floor":24.0},{"not_picked":["Flechettes+1","Deflect"],"picked":"Dagger Throw+1","floor":29.0},{"not_picked":["Eviscerate+1","Dagger Spray+1","Blade Dance+1"],"picked":"SKIP","floor":30.0}],"player_experience":393377,"relics_obtained":[{"floor":6.0,"key":"Molten Egg 2"},{"floor":9.0,"key":"Snake Skull"},{"floor":17.0,"key":"Nunchaku"},{"floor":17.0,"key":"Sundial"},{"floor":17.0,"key":"Ginger"},{"floor":24.0,"key":"Red Mask"},{"floor":26.0,"key":"Pantograph"}],"event_choices":[{"cards_removed":["Strike_G"],"damage_healed":0.0,"max_hp_gain":0.0,"max_hp_loss":0.0,"gold_gain":0.0,"event_name":"Golden Wing","player_choice":"Card Removal","floor":2.0,"gold_loss":0.0,"damage_taken":7.0},{"damage_healed":0.0,"max_hp_gain":0.0,"max_hp_loss":0.0,"gold_gain":0.0,"event_name":"Liars Game","player_choice":"Ignored","floor":3.0,"gold_loss":0.0,"damage_taken":0.0},{"damage_healed":0.0,"max_hp_gain":0.0,"max_hp_loss":0.0,"gold_gain":0.0,"event_name":"Golden Idol","player_choice":"Take Damage","floor":4.0,"gold_loss":0.0,"damage_taken":17.0,"relics_obtained":["Golden Idol"]},{"damage_healed":0.0,"max_hp_gain":0.0,"max_hp_loss":0.0,"gold_gain":0.0,"event_name":"Dead Adventurer","player_choice":"Searched \u00270\u0027 times","floor":14.0,"gold_loss":0.0,"damage_taken":0.0},{"damage_healed":0.0,"max_hp_gain":0.0,"max_hp_loss":0.0,"gold_gain":0.0,"event_name":"Vampires","player_choice":"Ignored","floor":20.0,"gold_loss":0.0,"damage_taken":0.0},{"cards_removed":["Strike_G"],"damage_healed":0.0,"max_hp_gain":0.0,"max_hp_loss":0.0,"gold_gain":0.0,"event_name":"Back to Basics","player_choice":"Elegance","floor":21.0,"gold_loss":0.0,"damage_taken":0.0},{"damage_healed":0.0,"max_hp_gain":0.0,"max_hp_loss":0.0,"gold_gain":0.0,"event_name":"Masked Bandits","player_choice":"Fought Bandits","floor":24.0,"gold_loss":0.0,"damage_taken":0.0},{"damage_healed":0.0,"max_hp_gain":0.0,"max_hp_loss":0.0,"gold_gain":0.0,"event_name":"Colosseum","player_choice":"Fight","floor":28.0,"gold_loss":0.0,"damage_taken":0.0},{"damage_healed":0.0,"max_hp_gain":0.0,"max_hp_loss":0.0,"gold_gain":0.0,"event_name":"Colosseum","player_choice":"Fled From Nobs","floor":28.0,"gold_loss":0.0,"damage_taken":0.0},{"damage_healed":0.0,"max_hp_gain":0.0,"max_hp_loss":0.0,"gold_gain":0.0,"event_name":"Forgotten Altar","player_choice":"Gave Idol","floor":31.0,"relics_lost":["Golden Idol"],"gold_loss":0.0,"damage_taken":0.0,"relics_obtained":["Bloody Idol"]}],"is_beta":false,"boss_relics":[{"not_picked":["SacredBark","Tiny House"],"picked":"Calling Bell"}],"items_purged_floors":[13],"is_endless":false,"potions_floor_spawned":[6,10,11,22,29],"killed_by":"Champ","ascension_level":5}}