{"host":"7e6a7vfmtx61a48y","time":1613489334,"event":{"mods":["BaseMod","Better Note","BetterRewards","Block Reminder","Colored Powertips","Curses Come First","Gremlin Skip","Hubris","Minty Spire (QoL Compilation)","Quick Restart","Rare Cards Sparkle","Reliquary","StSLib","SuperFastMode"],"gold_per_floor":[109,129,141,141,156,156,171,201,201,201,211,257,288,304,304,403,403,420,98,23,23,39,67,80,80,80],"floor_reached":25,"language":"ENG","playtime":1390,"items_purged":["Strike_R"],"score":376,"play_id":"42e31887-eb30-426c-b05e-d2d8f3f4c4ac","local_time":"20210216232854","is_ascension_mode":true,"campfire_choices":[{"data":"Armaments","floor":6.0,"key":"SMITH"},{"floor":10.0,"key":"REST"},{"data":"Bash","floor":15,"key":"SMITH"}],"circlet_count":0,"master_deck":["AscendersBane","Strike_R","Strike_R","Strike_R","Defend_R","Defend_R","Defend_R","Defend_R","Bash+1","Heavy Blade","Dropkick","Armaments+1","Anger","hubris:ReadiedAction","Thunderclap","Feed","Intimidate","Cleave","Iron Wave","Seeing Red"],"relics":["Burning Blood","reliquary:TatteredRug","Lantern","Boot","reliquary:QuartzCube","hubris:GrandSneckoEye","reliquary:Knoch","Frozen Egg 2","Kunai"],"acts_visited":["Exordium","TheCity"],"potions_floor_usage":[16],"damage_taken":[{"damage":1.0,"enemies":"Cultist","floor":1.0,"turns":4.0},{"damage":13.0,"enemies":"Small Slimes","floor":2.0,"turns":4.0},{"damage":3.0,"enemies":"2 Louse","floor":3.0,"turns":3.0},{"damage":26.0,"enemies":"Gremlin Gang","floor":5.0,"turns":7.0},{"damage":10.0,"enemies":"Red Slaver","floor":7.0,"turns":3.0},{"damage":37.0,"enemies":"3 Sentries","floor":8.0,"turns":9.0},{"damage":8.0,"enemies":"2 Fungi Beasts","floor":11.0,"turns":4.0},{"damage":2.0,"enemies":"Gremlin Nob","floor":13.0,"turns":3.0},{"damage":11,"enemies":"Gremlin Gang","floor":14,"turns":5},{"damage":36,"enemies":"Slime Boss","floor":16,"turns":11},{"damage":0,"enemies":"3 Byrds","floor":18,"turns":4},{"damage":8,"enemies":"Chosen","floor":22,"turns":4},{"damage":16,"enemies":"Slavers","floor":23,"turns":8},{"damage":48,"enemies":"Sentry and Sphere","floor":24,"turns":6},{"damage":45,"enemies":"Gremlin Leader","floor":25,"turns":5}],"seed_played":"-7754568739297535205","potions_obtained":[{"floor":2.0,"key":"Energy Potion"},{"floor":5.0,"key":"Explosive Potion"},{"floor":11.0,"key":"DistilledChaos"},{"floor":13.0,"key":"BlessingOfTheForge"},{"floor":18,"key":"Energy Potion"},{"floor":23,"key":"SneckoOil"},{"floor":24,"key":"SmokeBomb"}],"is_trial":false,"path_per_floor":["M","M","M","?","M","R","M","E","T","R","M","T","E","M","R","B",null,"M","$","?","?","M","E","M","E"],"character_chosen":"IRONCLAD","items_purchased":["reliquary:Knoch","FairyPotion"],"campfire_rested":1,"item_purchase_floors":[19,19],"current_hp_per_floor":[85,78,81,81,61,61,57,26,26,52,50,50,54,52,52,22,74,83,83,83,83,88,78,36,21,21],"gold":80,"neow_bonus":"TEN_PERCENT_HP_BONUS","is_daily":false,"chose_seed":false,"campfire_upgraded":2,"win_rate":0.0,"timestamp":1613489334,"path_taken":["M","M","M","?","?","R","M","E","T","R","M","?","E","M","R","BOSS","M","$","?","?","M","E","M","E"],"items_purchased_type":["Relic","Potion"],"build_version":"2020-12-22","purchased_purges":1,"victory":false,"max_hp_per_floor":[88,88,88,88,88,88,88,88,88,88,88,88,88,91,91,91,91,94,94,94,94,94,94,94,94,94],"card_choices":[{"not_picked":["Havoc","Dual Wield"],"picked":"Heavy Blade","floor":1.0},{"not_picked":["Metallicize","Blood for Blood"],"picked":"Dropkick","floor":2.0},{"not_picked":["Headbutt","Havoc"],"picked":"Armaments","floor":3.0},{"not_picked":["Warcry","Cleave"],"picked":"Anger","floor":5.0},{"not_picked":["Whirlwind","Warcry"],"picked":"hubris:ReadiedAction","floor":7.0},{"not_picked":["Sword Boomerang","Blood for Blood","Warcry"],"picked":"SKIP","floor":8.0},{"not_picked":["Anger","Dropkick"],"picked":"Thunderclap","floor":11.0},{"not_picked":["Clash","Rupture"],"picked":"Feed","floor":13.0},{"not_picked":["Perfected Strike","Shrug It Off"],"picked":"Intimidate","floor":14},{"not_picked":["Combust","Reckless Charge","Body Slam"],"picked":"SKIP","floor":18},{"not_picked":["Clash","Dual Wield"],"picked":"Cleave","floor":22},{"not_picked":["Clothesline","Searing Blow"],"picked":"Iron Wave","floor":23},{"not_picked":["Shockwave","Twin Strike"],"picked":"Seeing Red","floor":24}],"player_experience":360181,"relics_obtained":[{"floor":8.0,"key":"reliquary:TatteredRug"},{"floor":9.0,"key":"Lantern"},{"floor":12.0,"key":"Boot"},{"floor":13.0,"key":"reliquary:QuartzCube"},{"floor":23,"key":"Kunai"}],"event_choices":[{"cards_removed":["Strike_R"],"damage_healed":0,"gold_gain":0,"player_choice":"Gave Gold","damage_taken":0,"max_hp_gain":0,"max_hp_loss":0,"event_name":"Beggar","floor":20,"gold_loss":75},{"damage_healed":0,"gold_gain":0,"player_choice":"Gave Potion","damage_taken":0,"relics_obtained":["Frozen Egg 2"],"max_hp_gain":0,"max_hp_loss":0,"event_name":"WeMeetAgain","floor":21,"gold_loss":0}],"is_beta":false,"boss_relics":[{"not_picked":["Fusion Hammer","hubris:Stopwatch"],"picked":"hubris:GrandSneckoEye"}],"items_purged_floors":[19],"is_endless":false,"potions_floor_spawned":[2,5,11,13,18,23,24],"killed_by":"Gremlin Leader","ascension_level":12}}