{"host":"prxrhpgaxnj4om9r","time":1613460023,"event":{"mods":["AchievementEnabler","BaseMod","Colored Map","DeckTracker","Minty Spire (QoL Compilation)"],"gold_per_floor":[20,37,47,47,61,61,87,87,111,111,141,154,179,193,193,297,297,314,328,47,47,47,47,73,86,86,5,5,5],"floor_reached":28,"language":"KOR","playtime":1057,"items_purged":[],"score":353,"play_id":"c7a2cf21-372f-47d3-bfc8-b26d9436aa82","local_time":"20210216162023","is_ascension_mode":true,"campfire_choices":[{"data":"Fire Breathing","floor":6,"key":"SMITH"},{"data":"Hemokinesis","floor":8,"key":"SMITH"},{"data":"Whirlwind","floor":15,"key":"SMITH"},{"data":"Infernal Blade","floor":23,"key":"SMITH"}],"circlet_count":0,"master_deck":["Bash","Perfected Strike","Thunderclap","Wild Strike","Clash","Carnage","Fire Breathing+1","Hemokinesis+1","Finesse","Armaments","Flex","Whirlwind+1","Offering","Bloodletting","Searing Blow","Anger","Barricade","Double Tap","Rage","Hemokinesis","Armaments","Ghostly Armor","Brutality","Armaments","Shrug It Off","Dark Embrace","Flame Barrier+1","Wild Strike+1","Infernal Blade+1","Pommel Strike","Body Slam","Immolate","Shame","Heavy Blade","True Grit+1","Juggernaut+1","Metallicize+1"],"relics":["Burning Blood","Prayer Wheel","Dream Catcher","Whetstone","Lantern","Odd Mushroom","Pandora\u0027s Box","Frozen Egg 2","InkBottle","Ornamental Fan","Ice Cream"],"acts_visited":["Exordium","TheCity"],"potions_floor_usage":[7,12,16,19,19,25,28,28],"damage_taken":[{"damage":6,"enemies":"Cultist","floor":1,"turns":3},{"damage":12,"enemies":"Jaw Worm","floor":2,"turns":2},{"damage":0,"enemies":"2 Louse","floor":3,"turns":1},{"damage":16,"enemies":"Lots of Slimes","floor":5,"turns":4},{"damage":2,"enemies":"Gremlin Nob","floor":7,"turns":2},{"damage":22,"enemies":"3 Sentries","floor":11,"turns":5},{"damage":9,"enemies":"2 Fungi Beasts","floor":12,"turns":2},{"damage":0,"enemies":"The Mushroom Lair","floor":13,"turns":2},{"damage":1,"enemies":"Looter","floor":14,"turns":2},{"damage":52,"enemies":"The Guardian","floor":16,"turns":8},{"damage":2,"enemies":"Spheric Guardian","floor":18,"turns":1},{"damage":14,"enemies":"3 Byrds","floor":19,"turns":4},{"damage":15,"enemies":"Gremlin Leader","floor":24,"turns":4},{"damage":22,"enemies":"Shelled Parasite and Fungi","floor":25,"turns":3},{"damage":56,"enemies":"Book of Stabbing","floor":28,"turns":4}],"seed_played":"-4498556994446996579","potions_obtained":[{"floor":1,"key":"GamblersBrew"},{"floor":5,"key":"Energy Potion"},{"floor":12,"key":"Fruit Juice"},{"floor":13,"key":"HeartOfIron"},{"floor":16,"key":"Weak Potion"},{"floor":18,"key":"LiquidBronze"},{"floor":24,"key":"SkillPotion"},{"floor":25,"key":"Explosive Potion"}],"is_trial":false,"path_per_floor":["M","M","M","?","M","R","E","R","T","?","E","M","?","M","R","B",null,"M","M","$","?","?","R","E","M","T","$","E"],"character_chosen":"IRONCLAD","items_purchased":["Frozen Egg 2","Body Slam","Metallicize+1"],"campfire_rested":0,"item_purchase_floors":[20,20,27],"current_hp_per_floor":[80,74,80,80,70,70,74,74,74,74,58,60,66,71,71,25,85,85,77,77,77,77,77,68,52,52,52,0,0],"gold":5,"neow_bonus":"ONE_RARE_RELIC","is_daily":false,"chose_seed":false,"campfire_upgraded":4,"win_rate":0.0,"timestamp":1613460023,"path_taken":["M","?","M","?","M","R","E","R","T","?","E","?","?","M","R","BOSS","M","M","$","?","?","R","E","M","T","$","E"],"items_purchased_type":["Relic","Card","Card"],"build_version":"2020-12-22","purchased_purges":0,"victory":false,"max_hp_per_floor":[80,80,80,80,80,80,80,80,80,80,80,85,85,85,85,85,85,85,85,85,85,85,85,85,85,85,85,85,85],"card_choices":[{"not_picked":["Shockwave","Thunderclap"],"picked":"Perfected Strike","floor":1},{"not_picked":["True Grit","Perfected Strike"],"picked":"Thunderclap","floor":1},{"not_picked":["Heavy Blade","Seeing Red"],"picked":"Wild Strike","floor":2},{"not_picked":["Anger","Searing Blow"],"picked":"Clash","floor":2},{"not_picked":["Heavy Blade","Dropkick"],"picked":"Carnage","floor":3},{"not_picked":["Sword Boomerang","Ghostly Armor","Combust"],"picked":"SKIP","floor":3},{"not_picked":["Entrench","Feel No Pain"],"picked":"Fire Breathing","floor":5},{"not_picked":["Clash","Clothesline"],"picked":"Hemokinesis","floor":5},{"not_picked":["Sword Boomerang","Dual Wield","Iron Wave"],"picked":"SKIP","floor":7},{"not_picked":["Armaments","Cleave"],"picked":"Flex","floor":11},{"not_picked":["Inflame","Cleave"],"picked":"Whirlwind","floor":12},{"not_picked":["Disarm","Armaments"],"picked":"Offering","floor":12},{"not_picked":["Whirlwind","Twin Strike"],"picked":"Bloodletting","floor":13},{"not_picked":["Hemokinesis","Havoc"],"picked":"Searing Blow","floor":14},{"not_picked":["Carnage","Dual Wield"],"picked":"Anger","floor":14},{"not_picked":["Demon Form","Juggernaut"],"picked":"Barricade","floor":16},{"not_picked":["Cleave+1","Metallicize"],"picked":"Flame Barrier+1","floor":18},{"not_picked":["Searing Blow+1","Havoc"],"picked":"Wild Strike+1","floor":18},{"not_picked":["True Grit+1","Rupture"],"picked":"Infernal Blade","floor":19},{"not_picked":["Sever Soul","Hemokinesis+1"],"picked":"Pommel Strike","floor":19},{"not_picked":["True Grit","Rage+1"],"picked":"Heavy Blade","floor":24},{"not_picked":["Shrug It Off","Whirlwind"],"picked":"True Grit+1","floor":25},{"not_picked":["Warcry","Clothesline+1"],"picked":"Juggernaut+1","floor":25}],"player_experience":478880,"relics_obtained":[{"floor":7,"key":"Dream Catcher"},{"floor":9,"key":"Whetstone"},{"floor":11,"key":"Lantern"},{"floor":13,"key":"Odd Mushroom"},{"floor":24,"key":"Ornamental Fan"},{"floor":26,"key":"Ice Cream"}],"event_choices":[{"damage_healed":0,"gold_gain":0,"player_choice":"Ignored","damage_taken":0,"max_hp_gain":0,"max_hp_loss":0,"event_name":"Liars Game","floor":4,"gold_loss":0},{"damage_healed":0,"gold_gain":0,"player_choice":"2 cards matched","damage_taken":0,"max_hp_gain":0,"max_hp_loss":0,"event_name":"Match and Keep!","floor":10,"gold_loss":0,"cards_obtained":["Finesse","Armaments"]},{"damage_healed":0,"gold_gain":0,"player_choice":"Fought Mushrooms","damage_taken":0,"max_hp_gain":0,"max_hp_loss":0,"event_name":"Mushrooms","floor":13,"gold_loss":0},{"damage_healed":0,"gold_gain":0,"player_choice":"Read","damage_taken":0,"max_hp_gain":0,"max_hp_loss":0,"event_name":"The Library","floor":21,"gold_loss":0,"cards_obtained":["Immolate"]},{"damage_healed":0,"gold_gain":0,"player_choice":"Stole Relic","damage_taken":0,"relics_obtained":["InkBottle"],"max_hp_gain":0,"max_hp_loss":0,"event_name":"Addict","floor":22,"gold_loss":0,"cards_obtained":["Shame"]}],"is_beta":false,"boss_relics":[{"not_picked":["Tiny House","Runic Pyramid"],"picked":"Pandora\u0027s Box"}],"items_purged_floors":[],"is_endless":false,"potions_floor_spawned":[1,5,12,13,16,18,24,25],"killed_by":"Book of Stabbing","ascension_level":4}}