{"host":"8zzc9mdnfkdiyxma","time":1613494105,"event":{"mods":["2.2 Compatiblity","BaseMod","Better Altar","Better Match","Better Note","Better Sensory Stone","Better Skull","Better Third Choice","Better Vampires","Colored Map","Colored Powertips","Emptier Cage","Minty Spire (QoL Compilation)","Permanent Neow","Rare Cards Sparkle","Relic Filter","Reliquary","SacredBarkPlus","StSLib","Waifu the Spire"],"gold_per_floor":[14,25,25,41,41,41,60,60,60,85,28,58,58,69,69,69,69],"floor_reached":16,"language":"ENG","playtime":764,"items_purged":[],"score":220,"play_id":"b9caae66-d133-43db-9b9a-65ba990bf550","local_time":"20210216114825","is_ascension_mode":true,"campfire_choices":[{"data":"Rage","floor":6,"key":"SMITH"},{"floor":8,"key":"RECALL"},{"data":"Bash","floor":13,"key":"SMITH"},{"data":"Clothesline","floor":15,"key":"SMITH"}],"circlet_count":0,"master_deck":["AscendersBane","Strike_R","Strike_R","Strike_R","Strike_R","Defend_R","Defend_R","Defend_R","Defend_R","Bash+1","Rage+1","Battle Trance","Ghostly Armor","Limit Break","Clothesline+1"],"relics":["Burning Blood","Lizard Tail","reliquary:JackalopeAntler","PreservedInsect","Bag of Preparation"],"acts_visited":["Exordium"],"potions_floor_usage":[10,12,12,16],"damage_taken":[{"damage":2,"enemies":"Cultist","floor":1,"turns":4},{"damage":18,"enemies":"Jaw Worm","floor":2,"turns":5},{"damage":1,"enemies":"2 Louse","floor":4,"turns":2},{"damage":3,"enemies":"Blue Slaver","floor":7,"turns":4},{"damage":65,"enemies":"Gremlin Nob","floor":10,"turns":6},{"damage":20,"enemies":"3 Sentries","floor":12,"turns":7},{"damage":0,"enemies":"2 Fungi Beasts","floor":14,"turns":4},{"damage":52,"enemies":"Hexaghost","floor":16,"turns":11}],"seed_played":"531900095216706888","potions_obtained":[{"floor":4,"key":"SneckoOil"},{"floor":7,"key":"Swift Potion"},{"floor":14,"key":"FearPotion"}],"is_trial":false,"path_per_floor":["M","M","?","M","?","R","M","R","T","E","$","E","R","M","R","B"],"character_chosen":"IRONCLAD","items_purchased":["PowerPotion"],"campfire_rested":0,"item_purchase_floors":[11],"current_hp_per_floor":[72,60,60,65,70,70,73,73,73,14,14,41,41,47,47,0,0],"gold":69,"neow_bonus":"ONE_RARE_RELIC","is_daily":false,"chose_seed":false,"campfire_upgraded":3,"win_rate":0.0,"timestamp":1613494105,"path_taken":["M","?","?","?","?","R","M","R","T","E","?","E","R","M","R","BOSS"],"items_purchased_type":["Potion"],"build_version":"2020-12-22","purchased_purges":0,"victory":false,"max_hp_per_floor":[75,75,75,75,80,80,80,80,80,80,80,80,80,80,80,80,80],"card_choices":[{"not_picked":["Warcry","Anger"],"picked":"Rage","floor":1},{"not_picked":["Metallicize","Hemokinesis"],"picked":"Battle Trance","floor":2},{"not_picked":["Body Slam","Perfected Strike"],"picked":"Ghostly Armor","floor":4},{"not_picked":["Dual Wield","Combust","Warcry"],"picked":"SKIP","floor":7},{"not_picked":["Battle Trance","Entrench"],"picked":"Limit Break","floor":10},{"not_picked":["Battle Trance","Seeing Red","Dropkick"],"picked":"SKIP","floor":12},{"not_picked":["Perfected Strike","Searing Blow"],"picked":"Clothesline","floor":14}],"player_experience":1002573,"relics_obtained":[{"floor":9,"key":"reliquary:JackalopeAntler"},{"floor":10,"key":"PreservedInsect"},{"floor":12,"key":"Bag of Preparation"}],"event_choices":[{"cards_removed":["Strike_R"],"damage_healed":0,"gold_gain":0,"player_choice":"Purged","damage_taken":0,"max_hp_gain":0,"max_hp_loss":0,"event_name":"Purifier","floor":3,"gold_loss":0},{"damage_healed":0,"gold_gain":0,"player_choice":"Donut","damage_taken":0,"max_hp_gain":5,"max_hp_loss":0,"event_name":"Big Fish","floor":5,"gold_loss":0}],"is_beta":false,"boss_relics":[],"items_purged_floors":[],"is_endless":false,"potions_floor_spawned":[4,7,14],"killed_by":"Hexaghost","ascension_level":20}}