{"host":"nlbr7nnijupf3yfg","time":1613498009,"event":{"mods":["AchievementEnabler","BaseMod","BetterRewards","Card Forge","Colored Powertips","DeckTracker","Downfall","Hubris","Infinite Spire","Minty Spire (QoL Compilation)","Quick Restart","Relic Stats","Replay The Spire","Shop Mod","StSLib","SuperFastMode"],"gold_per_floor":[114,114,133,183,183,183,183,183,206,232,232,242,269,7,7,79,79,93,107,107,121,135,166,166,178,259,272,272,304,304,316,316,393,393,413,429,429,440,458,486,486,486,486,501,528,541,541,573,573,593,593,593],"floor_reached":53,"language":"ENG","playtime":778,"items_purged":[],"score":1460,"play_id":"4bcf6e50-e415-44d3-86ce-4387053ea647","local_time":"20210216125329","is_ascension_mode":true,"campfire_choices":[{"data":"hubris:InfiniteBlow+6","floor":6.0,"key":"SMITH"},{"data":"hubris:InfiniteBlow+7","floor":8.0,"key":"SMITH"},{"data":"hubris:InfiniteBlow+8","floor":11.0,"key":"SMITH"},{"data":"hubris:InfiniteBlow+9","floor":15.0,"key":"SMITH"},{"data":"hubris:InfiniteBlow+10","floor":24.0,"key":"SMITH"},{"data":"hubris:InfiniteBlow+11","floor":30.0,"key":"SMITH"},{"data":"hubris:InfiniteBlow+12","floor":32.0,"key":"SMITH"},{"data":"hubris:InfiniteBlow+17","floor":41,"key":"SMITH"},{"data":"hubris:InfiniteBlow+18","floor":49,"key":"SMITH"},{"data":"hubris:InfiniteBlow+19","floor":51,"key":"SMITH"}],"circlet_count":0,"master_deck":["AscendersBane","Defend_R+1","Defend_R+1","Bash+1","hubris:InfiniteBlow+20","infinitespire:Punishment+1","infinitespire:FutureSight+1","hubris:Fate+1","hubris:Fate+1","Shrug It Off+1"],"relics":["Burning Blood","Hammer of Thor","Seething Fire","Anvil of the Gods","Membership Card","Anchor","Prayer Wheel","hubris:PeanutButter","infinitespire:Joker Card","Blue Doll","The Courier","infinitespire:Golems Mask","Paper Frog","Oddly Smooth Stone","ReplayTheSpireMod:Ninjato","hubris:VirtuousBlindfold","hubris:CrystalStatue","Toxic Egg 2","hubris:Icosahedron","Counterbalance","hubris:GrandSneckoEye","ReplayTheSpireMod:Ring of Addiction","ReplayTheSpireMod:Ring of Challenge","SacredBark","White Beast Statue","Blood Vial","Boot","TungstenRod","ReplayFunnel"],"acts_visited":["Exordium","TheCity","TheBeyond"],"potions_floor_usage":[],"damage_taken":[{"damage":0.0,"enemies":"2 Louse","floor":1.0,"turns":2.0},{"damage":0.0,"enemies":"Jaw Worm","floor":3.0,"turns":1.0},{"damage":0.0,"enemies":"Gremlin Nob","floor":10.0,"turns":2.0},{"damage":0.0,"enemies":"Cultist","floor":12.0,"turns":1.0},{"damage":0.0,"enemies":"3 Sentries","floor":13.0,"turns":1.0},{"damage":0.0,"enemies":"Slime Boss","floor":16.0,"turns":1.0},{"damage":0.0,"enemies":"Shell Parasite","floor":18.0,"turns":2.0},{"damage":0.0,"enemies":"Chosen","floor":19.0,"turns":2.0},{"damage":0.0,"enemies":"Snake Plant","floor":21.0,"turns":1.0},{"damage":0.0,"enemies":"Centurion and Healer","floor":22.0,"turns":2.0},{"damage":0.0,"enemies":"Slavers","floor":23.0,"turns":1.0},{"damage":0.0,"enemies":"3 Cultists","floor":25.0,"turns":4.0},{"damage":0.0,"enemies":"Snake Plant","floor":27.0,"turns":1.0},{"damage":0.0,"enemies":"Gremlin Leader","floor":29.0,"turns":1.0},{"damage":0.0,"enemies":"Sentry and Sphere","floor":31.0,"turns":1.0},{"damage":0.0,"enemies":"Champ","floor":33.0,"turns":4.0},{"damage":0,"enemies":"3 Darklings","floor":35,"turns":2},{"damage":0,"enemies":"3 Shapes","floor":36,"turns":1},{"damage":0,"enemies":"Sphere and 2 Shapes","floor":38,"turns":2},{"damage":0,"enemies":"Spire Growth","floor":39,"turns":1},{"damage":0,"enemies":"R_Hoarder","floor":40,"turns":3},{"damage":0,"enemies":"3 Darklings","floor":44,"turns":3},{"damage":0,"enemies":"Maw","floor":46,"turns":2},{"damage":0,"enemies":"Reptomancer","floor":48,"turns":1},{"damage":0,"enemies":"Jaw Worm Horde","floor":50,"turns":2},{"damage":0,"enemies":"Replay:Hell Engine","floor":52,"turns":1}],"seed_played":"7778510030322421480","potions_obtained":[{"floor":1.0,"key":"ColorlessPotion"},{"floor":37,"key":"BloodPotion"},{"floor":38,"key":"Death Potion"}],"is_trial":false,"path_per_floor":["M","$","M","?","?","R","?","R","T","E","R","M","E","$","R","B",null,"M","M","?","M","M","E","R","M","T","M","?","E","R","M","R","B",null,"M","M","?","M","M","E","R","PTL","PTL","M","T","M","AVR","E","R","M","R","B",null],"character_chosen":"IRONCLAD","items_purchased":["Membership Card","Anchor","Strength Potion","Paper Frog","Oddly Smooth Stone","ReplayTheSpireMod:Ninjato"],"campfire_rested":0,"item_purchase_floors":[0,0,0,14,14,14],"current_hp_per_floor":[70,70,76,76,76,76,51,51,51,72,72,78,80,80,80,80,80,80,80,80,80,80,80,80,80,80,80,80,80,80,80,80,80,80,80,80,80,80,80,80,78,78,78,76,76,76,74,74,74,72,72,72],"gold":593,"neow_bonus":"","is_daily":false,"chose_seed":false,"campfire_upgraded":10,"win_rate":0.0,"timestamp":1613498009,"path_taken":["M","$","M","?","?","R","?","R","T","E","R","M","E","$","R","BOSS","M","M","?","M","?","E","R","M","T","M","?","E","R","M","R","BOSS","M","M","?","M","M","E","R","PTL","PTL","M","T","M","AVR","E","R","M","R","BOSS"],"items_purchased_type":["Relic","Relic","Potion","Relic","Relic","Relic"],"build_version":"2020-12-22","purchased_purges":0,"victory":true,"max_hp_per_floor":[80,80,80,80,80,80,80,80,80,80,80,80,80,80,80,80,80,80,80,80,80,80,80,80,80,80,80,80,80,80,80,80,80,80,80,80,80,80,80,80,78,78,78,76,76,76,74,74,74,72,72,72],"relic_stats":{"Blood Vial":0,"counters":[61,202],"Prayer Wheel":17,"Boot":[20],"obtain_stats":[{"Calipers":42,"hubris:CrystalStatue":23,"hubris:VirtuousBlindfold":17,"Hammer of Thor":0,"infinitespire:Cubic Diamond":12,"Boot":45,"Blood Vial":40,"Replay:Ringing Soul":10,"DollysMirror":4,"Replay:Bronze Core":34,"Philosopher\u0027s Stone":37,"Prayer Wheel":0,"infinitespire:Golems Mask":13,"Toxic Egg 2":26,"Counterbalance":29,"ReplayTheSpireMod:Ring of Addiction":37,"Oddly Smooth Stone":14,"Pen Nib":9,"Ring of Chaos":17,"Anvil of the Gods":0,"Shuriken":6,"infinitespire:Lychee Nut":0,"Bronze Scales":26,"hubris:PeanutButter":0,"ReplayTheSpireMod:TigerMarble":6,"hubris:TenFootPole":9,"m_BronzeBlood":12,"Grinning Jar":22,"infinitespire:PuzzleCube":0,"Abe\u0027s Treasure":27,"ReplayFunnel":48,"SacredBark":37,"Blue Doll":9,"expansioncontent:StudyCardRelic":17,"Replay:Multitool":37,"Burning Blood":0,"Replay:Rubber Ducky":0,"Replay:Bandana":41,"Nunchaku":44,"Matryoshka":29,"hubris:Icosahedron":28,"Red Mask":19,"Paper Frog":14,"Gremlin Food":5,"Potion Belt":47,"ReplayTheSpireMod:Ninjato":14,"NeowsBlessing":0,"Guide Book":22,"bronze:DecasWashers":11,"Replay:WaspNest":22,"infinitespire:Joker Card":7,"The Courier":10,"Seething Fire":0,"White Beast Statue":37,"bronze:BronzeIdol":41,"sneckomod:BabySnecko":19,"Anchor":43,"Garlic":23,"Art of War":24,"hubris:GrandSneckoEye":34,"Bottled Lightning":27,"Membership Card":0,"hexamod:BolsterEngine":26,"ReplayTheSpireMod:Ring of Challenge":37,"hubris:Potato":39,"TungstenRod":47},{"Calipers":21,"hubris:CrystalStatue":46,"hubris:VirtuousBlindfold":41,"Hammer of Thor":0,"infinitespire:Cubic Diamond":29,"Boot":57,"Blood Vial":56,"Replay:Ringing Soul":5,"DollysMirror":2,"Replay:Bronze Core":16,"Philosopher\u0027s Stone":18,"Prayer Wheel":35,"infinitespire:Golems Mask":40,"Toxic Egg 2":47,"Counterbalance":49,"ReplayTheSpireMod:Ring of Addiction":53,"Oddly Smooth Stone":40,"Pen Nib":4,"Ring of Chaos":32,"Anvil of the Gods":0,"Shuriken":3,"infinitespire:Lychee Nut":24,"Bronze Scales":12,"hubris:PeanutButter":35,"ReplayTheSpireMod:TigerMarble":28,"hubris:TenFootPole":28,"m_BronzeBlood":29,"Grinning Jar":33,"infinitespire:PuzzleCube":24,"Abe\u0027s Treasure":34,"ReplayFunnel":59,"SacredBark":53,"Blue Doll":37,"expansioncontent:StudyCardRelic":8,"Replay:Multitool":18,"Burning Blood":0,"Replay:Rubber Ducky":24,"Replay:Bandana":20,"Nunchaku":22,"Matryoshka":14,"hubris:Icosahedron":48,"Red Mask":10,"Paper Frog":40,"Gremlin Food":2,"Potion Belt":22,"ReplayTheSpireMod:Ninjato":40,"NeowsBlessing":0,"Guide Book":11,"bronze:DecasWashers":29,"Replay:WaspNest":11,"infinitespire:Joker Card":37,"The Courier":38,"Seething Fire":0,"White Beast Statue":53,"bronze:BronzeIdol":20,"sneckomod:BabySnecko":33,"Anchor":21,"Garlic":12,"Art of War":34,"hubris:GrandSneckoEye":51,"Bottled Lightning":34,"Membership Card":35,"hexamod:BolsterEngine":34,"ReplayTheSpireMod:Ring of Challenge":53,"hubris:Potato":20,"TungstenRod":58},{"Calipers":95,"hubris:CrystalStatue":173,"hubris:VirtuousBlindfold":165,"Hammer of Thor":0,"infinitespire:Cubic Diamond":133,"Boot":196,"Blood Vial":193,"Replay:Ringing Soul":11,"DollysMirror":3,"Replay:Bronze Core":67,"Philosopher\u0027s Stone":75,"Prayer Wheel":157,"infinitespire:Golems Mask":164,"Toxic Egg 2":177,"Counterbalance":179,"ReplayTheSpireMod:Ring of Addiction":187,"Oddly Smooth Stone":164,"Pen Nib":7,"Ring of Chaos":144,"Anvil of the Gods":0,"Shuriken":4,"infinitespire:Lychee Nut":115,"Bronze Scales":45,"hubris:PeanutButter":157,"ReplayTheSpireMod:TigerMarble":128,"hubris:TenFootPole":128,"m_BronzeBlood":133,"Grinning Jar":147,"infinitespire:PuzzleCube":115,"Abe\u0027s Treasure":151,"ReplayFunnel":199,"SacredBark":187,"Blue Doll":160,"expansioncontent:StudyCardRelic":28,"Replay:Multitool":75,"Burning Blood":0,"Replay:Rubber Ducky":115,"Replay:Bandana":88,"Nunchaku":99,"Matryoshka":56,"hubris:Icosahedron":178,"Red Mask":37,"Paper Frog":164,"Gremlin Food":3,"Potion Belt":99,"ReplayTheSpireMod:Ninjato":164,"NeowsBlessing":0,"Guide Book":42,"bronze:DecasWashers":133,"Replay:WaspNest":42,"infinitespire:Joker Card":160,"The Courier":162,"Seething Fire":0,"White Beast Statue":187,"bronze:BronzeIdol":88,"sneckomod:BabySnecko":147,"Anchor":95,"Garlic":45,"Art of War":151,"hubris:GrandSneckoEye":184,"Bottled Lightning":151,"Membership Card":157,"hexamod:BolsterEngine":151,"ReplayTheSpireMod:Ring of Challenge":187,"hubris:Potato":88,"TungstenRod":198}],"Burning Blood":26,"TungstenRod":0},"card_choices":[{"not_picked":["ReplayTheSpireMod:Strike From Hell","Wild Strike","Replay:Undeath\u0027s Touch"],"picked":"SKIP","floor":1.0},{"not_picked":["Carnage","Sentinel","Rampage"],"picked":"SKIP","floor":1.0},{"not_picked":["ReplayTheSpireMod:Limb From Limb","Cleave"],"picked":"Clash","floor":3.0},{"not_picked":["ReplayReversal","Combust","Shockwave"],"picked":"SKIP","floor":3.0},{"not_picked":["Sword Boomerang","Replay:Undeath\u0027s Touch","Headbutt"],"picked":"SKIP","floor":10.0},{"not_picked":["Uppercut","Shrug It Off","Fire Breathing"],"picked":"SKIP","floor":12.0},{"not_picked":["Sever Soul","ReplayTheSpireMod:Stacked","Armaments"],"picked":"SKIP","floor":12.0},{"not_picked":["Flame Barrier","Bloodletting","Power Through"],"picked":"SKIP","floor":13.0},{"not_picked":["Pommel Strike","Inflame","Body Slam"],"picked":"SKIP","floor":18.0},{"not_picked":["Clothesline","Infernal Blade","Blood for Blood"],"picked":"SKIP","floor":18.0},{"not_picked":["Uppercut","ReplayReversal","Thunderclap"],"picked":"SKIP","floor":19.0},{"not_picked":["Carnage","Pommel Strike","Clothesline"],"picked":"SKIP","floor":19.0},{"not_picked":["Fire Breathing","Cleave","ReplayTheSpireMod:Strike From Hell"],"picked":"SKIP","floor":21.0},{"not_picked":["Impervious","Sever Soul","Cleave"],"picked":"SKIP","floor":21.0},{"not_picked":["Blood for Blood","Armaments","Havoc"],"picked":"SKIP","floor":22.0},{"not_picked":["Hemogenesis","Warcry+1","Heavy Blade"],"picked":"SKIP","floor":22.0},{"not_picked":["Rage","Power Through+1","ReplayTheSpireMod:Strike From Hell"],"picked":"SKIP","floor":23.0},{"not_picked":["Run Through","ReplayTheSpireMod:Muscle Training","Thunderclap"],"picked":"SKIP","floor":25.0},{"not_picked":["Twin Strike","Uppercut+1","Clothesline"],"picked":"SKIP","floor":25.0},{"not_picked":["Cleave+1","Ghostly Armor+1","Heavy Blade"],"picked":"SKIP","floor":27.0},{"not_picked":["Spot Weakness+1","Pommel Strike","Heavy Blade"],"picked":"SKIP","floor":27.0},{"not_picked":["Blood for Blood","Anger","ReplayTheSpireMod:Strike From Hell"],"picked":"SKIP","floor":29.0},{"not_picked":["Battle Trance+1","Sever Soul","Power Through+1"],"picked":"SKIP","floor":31.0},{"not_picked":["Seeing Red+1","Evolve","Massacre"],"picked":"SKIP","floor":31.0},{"not_picked":["Armaments+1","Run Through","Anger"],"picked":"SKIP","floor":35},{"not_picked":["Uppercut","ReplayTheSpireMod:Strike From Hell","Sword Boomerang"],"picked":"SKIP","floor":35},{"not_picked":["ReplayReversal+1","Sword Boomerang","Clash"],"picked":"SKIP","floor":36},{"not_picked":["Power Through+1","ReplayTheSpireMod:Limb From Limb","Perfected Strike"],"picked":"SKIP","floor":36},{"not_picked":["Shockwave+1","Heavy Blade","infinitespire:OneForAll+1"],"picked":"SKIP","floor":38},{"not_picked":["Warcry+1","Twin Strike","Sword Boomerang+1"],"picked":"SKIP","floor":38},{"not_picked":["Warcry+1","Sword Boomerang","Shrug It Off+1"],"picked":"SKIP","floor":39},{"not_picked":["Fire Breathing","Bloodletting+1","Impervious+1"],"picked":"SKIP","floor":39},{"not_picked":["hubris:ReadiedAction+1","Replay:Undeath\u0027s Touch"],"picked":"Shrug It Off+1","floor":40},{"not_picked":["Sword Boomerang+1","Rage+1","Cleave"],"picked":"SKIP","floor":44},{"not_picked":["Uppercut","Pommel Strike+1","Disarm+1"],"picked":"SKIP","floor":44},{"not_picked":["Havoc+1","Dropkick+1","Abandon+1"],"picked":"SKIP","floor":46},{"not_picked":["Twin Strike+1","Pommel Strike","Evolve"],"picked":"SKIP","floor":46},{"not_picked":["Defy Death+1","Metallicize+1","Feel No Pain"],"picked":"SKIP","floor":48},{"not_picked":["Wild Strike","hubris:CleavingFinish","Blood for Blood"],"picked":"SKIP","floor":50},{"not_picked":["Whirlwind","Thunderclap+1","Uppercut"],"picked":"SKIP","floor":50}],"player_experience":85597,"relics_obtained":[{"floor":9.0,"key":"Blue Doll"},{"floor":10.0,"key":"The Courier"},{"floor":13.0,"key":"infinitespire:Golems Mask"},{"floor":23.0,"key":"hubris:CrystalStatue"},{"floor":26.0,"key":"Toxic Egg 2"},{"floor":29.0,"key":"Counterbalance"},{"floor":37,"key":"ReplayTheSpireMod:Ring of Addiction"},{"floor":37,"key":"ReplayTheSpireMod:Ring of Challenge"},{"floor":37,"key":"SacredBark"},{"floor":37,"key":"White Beast Statue"},{"floor":40,"key":"Blood Vial"},{"floor":45,"key":"Boot"},{"floor":48,"key":"ReplayFunnel"}],"event_choices":[{"damage_healed":0.0,"max_hp_gain":0.0,"max_hp_loss":0.0,"gold_gain":50.0,"event_name":"Golden Wing","player_choice":"Gained Gold","floor":4.0,"gold_loss":0.0,"damage_taken":0.0},{"damage_healed":0.0,"max_hp_gain":0.0,"max_hp_loss":0.0,"gold_gain":0.0,"event_name":"Scrap Ooze","player_choice":"Success","floor":7.0,"gold_loss":0.0,"damage_taken":25.0,"relics_obtained":["infinitespire:Joker Card"]},{"damage_healed":0.0,"max_hp_gain":0.0,"max_hp_loss":0.0,"gold_gain":0.0,"cards_transformed":["Defend_R"],"event_name":"Transmorgrifier","player_choice":"Transformed","floor":20.0,"gold_loss":0.0,"damage_taken":0.0,"cards_obtained":["Searing Blow"]}],"is_beta":false,"boss_relics":[{"not_picked":["Cursed Key","expansioncontent:StudyCardRelic"],"picked":"hubris:VirtuousBlindfold"},{"not_picked":["Abe\u0027s Treasure","hubris:CrackedHourglass"],"picked":"hubris:GrandSneckoEye"}],"items_purged_floors":[],"is_endless":false,"potions_floor_spawned":[1,3,12,16,19,21,23,27,31,38,39,40,44,46,48,50],"ascension_level":13}}