{"host":"7zq0fgva91iwgkd5","time":1613519280,"event":{"mods":["AchievementEnabler","BaseMod","Bestiary","Colored Map","Curses Come First","DeckTracker","Minty Spire (QoL Compilation)","Rare Cards Sparkle","StSLib","Unceasing Turn Reminder"],"gold_per_floor":[116,130,130,130,130,130,160,160,160,160,25,54,65,75,75,149,149,149,149,104,104,104,104,104,104,104,104,104,104,29,29,29,29,29],"floor_reached":33,"language":"ENG","playtime":823,"items_purged":["Decay"],"score":600,"play_id":"ff5820fe-6dc7-4777-bf2f-e31bfb4c6c55","local_time":"20210217004800","is_ascension_mode":true,"campfire_choices":[{"floor":6,"key":"REST"},{"data":"Immolate","floor":10,"key":"SMITH"},{"data":"Dramatic Entrance","floor":15,"key":"SMITH"},{"floor":24,"key":"REST"},{"floor":29,"key":"REST"},{"floor":32,"key":"REST"}],"circlet_count":0,"master_deck":["AscendersBane","Strike_R+1","Strike_R+1","Strike_R+1","Strike_R+1","Strike_R+1","Defend_R+1","Defend_R+1","Defend_R+1","Defend_R+1","Bash","Iron Wave","Inflame","Hemokinesis","Clothesline","Bash","Immolate+1","Dramatic Entrance+1","Headbutt","Whirlwind","Twin Strike","Barricade","Shrug It Off","Perfected Strike","Dramatic Entrance+1","Carnage+1","Blood for Blood","Armaments","Flame Barrier"],"relics":["Burning Blood","NeowsBlessing","Ancient Tea Set","Pantograph","Question Card","Ectoplasm","Dead Branch","Anchor","White Beast Statue"],"acts_visited":["Exordium","TheCity"],"potions_floor_usage":[12,18,27,27,33,33],"damage_taken":[{"damage":0,"enemies":"Small Slimes","floor":1,"turns":1},{"damage":0,"enemies":"2 Louse","floor":2,"turns":1},{"damage":0,"enemies":"Gremlin Nob","floor":7,"turns":1},{"damage":2,"enemies":"3 Sentries","floor":12,"turns":1},{"damage":2,"enemies":"Cultist","floor":13,"turns":2},{"damage":1,"enemies":"Exordium Thugs","floor":14,"turns":3},{"damage":75,"enemies":"The Guardian","floor":16,"turns":11},{"damage":3,"enemies":"Spheric Guardian","floor":18,"turns":3},{"damage":27,"enemies":"2 Thieves","floor":20,"turns":3},{"damage":4,"enemies":"3 Cultists","floor":22,"turns":3},{"damage":40,"enemies":"Slavers","floor":23,"turns":4},{"damage":15,"enemies":"Snecko","floor":25,"turns":4},{"damage":24,"enemies":"Gremlin Leader","floor":27,"turns":6},{"damage":0,"enemies":"Centurion and Healer","floor":31,"turns":3},{"damage":84,"enemies":"Champ","floor":33,"turns":10}],"seed_played":"-8762060448146663571","potions_obtained":[{"floor":1,"key":"GamblersBrew"},{"floor":7,"key":"GamblersBrew"},{"floor":16,"key":"BlessingOfTheForge"},{"floor":23,"key":"SpeedPotion"},{"floor":27,"key":"BloodPotion"},{"floor":31,"key":"Ancient Potion"}],"is_trial":false,"path_per_floor":["M","M","?","?","?","R","E","?","T","R","$","E","M","M","R","B",null,"M","?","M","?","M","E","R","M","T","E","?","R","$","M","R","B"],"character_chosen":"IRONCLAD","items_purchased":["Dramatic Entrance","Fire Potion"],"campfire_rested":4,"item_purchase_floors":[11,11],"current_hp_per_floor":[74,75,75,80,56,80,80,80,80,80,80,80,80,80,80,11,63,66,66,45,45,47,13,37,28,28,26,26,50,50,56,80,0,0],"gold":29,"neow_bonus":"THREE_ENEMY_KILL","is_daily":false,"chose_seed":false,"campfire_upgraded":2,"win_rate":0.0,"timestamp":1613519280,"path_taken":["M","M","?","?","?","R","E","?","T","R","$","E","?","M","R","BOSS","M","?","M","?","?","E","R","M","T","E","?","R","$","M","R","BOSS"],"items_purchased_type":["Card","Potion"],"build_version":"2020-12-22","purchased_purges":1,"victory":false,"max_hp_per_floor":[75,75,75,80,80,80,80,80,80,80,80,80,80,80,80,80,80,80,80,80,80,80,80,80,80,80,80,80,80,80,80,80,80,80],"card_choices":[{"not_picked":["Power Through","Wild Strike"],"picked":"Iron Wave","floor":1},{"not_picked":["Reckless Charge","Infernal Blade"],"picked":"Inflame","floor":2},{"not_picked":["True Grit","Intimidate"],"picked":"Hemokinesis","floor":7},{"not_picked":["Hemokinesis","Feel No Pain"],"picked":"Headbutt","floor":12},{"not_picked":["Blood for Blood","Burning Pact","Clothesline"],"picked":"Whirlwind","floor":13},{"not_picked":["Infernal Blade","Power Through","Wild Strike"],"picked":"Twin Strike","floor":14},{"not_picked":["Corruption","Impervious","Brutality"],"picked":"Barricade","floor":16},{"not_picked":["Iron Wave","Pommel Strike","Searing Blow"],"picked":"Shrug It Off","floor":18},{"not_picked":["Shrug It Off","Second Wind","Rupture"],"picked":"Perfected Strike","floor":20},{"not_picked":["Rage","Havoc","Clothesline"],"picked":"Carnage+1","floor":22},{"not_picked":["Corruption","Perfected Strike","Clash+1"],"picked":"Blood for Blood","floor":23},{"not_picked":["Uppercut","Perfected Strike","Clash"],"picked":"Armaments","floor":25},{"not_picked":["Wild Strike","Metallicize","Rupture+1"],"picked":"Flame Barrier","floor":27},{"not_picked":["Twin Strike","Whirlwind","Reckless Charge","Clothesline"],"picked":"SKIP","floor":31}],"player_experience":169593,"relics_obtained":[{"floor":7,"key":"Ancient Tea Set"},{"floor":9,"key":"Pantograph"},{"floor":12,"key":"Question Card"},{"floor":23,"key":"Dead Branch"},{"floor":26,"key":"Anchor"},{"floor":27,"key":"White Beast Statue"}],"event_choices":[{"damage_healed":0,"gold_gain":0,"player_choice":"Leave","damage_taken":0,"max_hp_gain":0,"max_hp_loss":0,"event_name":"The Cleric","floor":3,"gold_loss":0},{"damage_healed":0,"gold_gain":0,"player_choice":"Donut","damage_taken":0,"max_hp_gain":5,"max_hp_loss":0,"event_name":"Big Fish","floor":4,"gold_loss":0},{"damage_healed":0,"gold_gain":0,"player_choice":"Entered Light","damage_taken":24,"max_hp_gain":0,"max_hp_loss":0,"event_name":"Shining Light","floor":5,"gold_loss":0,"cards_upgraded":["Strike_R","Strike_R"]},{"damage_healed":0,"gold_gain":0,"player_choice":"3 cards matched","damage_taken":0,"max_hp_gain":0,"max_hp_loss":0,"event_name":"Match and Keep!","floor":8,"gold_loss":0,"cards_obtained":["Clothesline","Bash","Immolate"]},{"damage_healed":0,"gold_gain":0,"player_choice":"Simplicity","damage_taken":0,"max_hp_gain":0,"max_hp_loss":0,"event_name":"Back to Basics","floor":19,"gold_loss":0,"cards_upgraded":["Strike_R","Strike_R","Strike_R","Defend_R","Defend_R","Defend_R","Defend_R"]},{"damage_healed":0,"gold_gain":0,"player_choice":"Copied","damage_taken":0,"max_hp_gain":0,"max_hp_loss":0,"event_name":"Duplicator","floor":21,"gold_loss":0,"cards_obtained":["Dramatic Entrance"]},{"damage_healed":0,"gold_gain":0,"player_choice":"Smashed Altar","damage_taken":0,"max_hp_gain":0,"max_hp_loss":0,"event_name":"Forgotten Altar","floor":28,"gold_loss":0,"cards_obtained":["Decay"]}],"is_beta":false,"boss_relics":[{"not_picked":["SacredBark","SlaversCollar"],"picked":"Ectoplasm"}],"items_purged_floors":[30],"is_endless":false,"potions_floor_spawned":[1,7,16,23,27,31],"killed_by":"Champ","ascension_level":15}}