{"host":"w1l5t0a1l2lkq6my","time":1613461996,"event":{"mods":["Bartender","BaseMod","Lobotomy","LobotomyExtend","Magitek Elite","Minty Spire (QoL Compilation)","StSLib","The Gatherer","Yuyuko"],"gold_per_floor":[109,38,38,38,17,17,17,17,17],"floor_reached":7,"language":"ENG","playtime":178,"items_purged":[],"score":37,"play_id":"76a787f3-3e0d-4166-a6d0-1a521070d71c","local_time":"20210216005316","is_ascension_mode":false,"metric_token":593,"campfire_choices":[{"data":"Gatherer:Centralize","floor":6,"key":"SMITH"}],"circlet_count":0,"master_deck":["Gatherer:Strike_Gatherer+1","Gatherer:Strike_Gatherer","Gatherer:Strike_Gatherer","Gatherer:Strike_Gatherer","Gatherer:Strike_Gatherer+1","Gatherer:Defend_Gatherer","Gatherer:Defend_Gatherer","Gatherer:Defend_Gatherer","Gatherer:Defend_Gatherer","Gatherer:Defend_Gatherer","Gatherer:Centralize+1","Gatherer:FlowerWhip","SpiderBud","Gatherer:FlowerFalling","Gatherer:ScherryThrow","Gatherer:QuickSynthesis","Gatherer:AlchemyTrial"],"relics":["Gatherer:AlchemyBag","CogitoBucket","LetterFromLob","MawBank"],"acts_visited":["Exordium"],"potions_floor_usage":[],"damage_taken":[{"damage":1,"enemies":"Cultist","floor":1,"turns":3},{"damage":54,"enemies":"Gremlin Nob","floor":7,"turns":4}],"seed_played":"8084641835621559285","potions_obtained":[],"is_trial":false,"path_per_floor":["M","$","?","?","$","R","E"],"character_chosen":"THE_GATHERER","items_purchased":["Gatherer:ScherryThrow","Gatherer:QuickSynthesis","Gatherer:AlchemyTrial"],"campfire_rested":0,"item_purchase_floors":[2,2,5],"current_hp_per_floor":[71,71,57,50,50,50,0,0,0],"gold":17,"neow_bonus":"","is_daily":false,"chose_seed":false,"campfire_upgraded":1,"win_rate":0.0,"timestamp":1613461996,"path_taken":["M","$","?","?","$","R","E"],"items_purchased_type":["Card","Card","Card"],"build_version":"2020-12-22","purchased_purges":0,"victory":false,"max_hp_per_floor":[72,72,72,72,72,72,72,72,72],"card_choices":[{"not_picked":["WallGazer","Bloodbath"],"picked":"SpiderBud","floor":1},{"not_picked":["Gatherer:TreeGrowth","Gatherer:AcidicSpray"],"picked":"Gatherer:FlowerFalling","floor":1}],"player_experience":106113,"relics_obtained":[{"floor":1,"key":"LetterFromLob"}],"event_choices":[{"damage_healed":0,"gold_gain":0,"player_choice":"Entered Light","damage_taken":14,"max_hp_gain":0,"max_hp_loss":0,"event_name":"Shining Light","floor":3,"gold_loss":0,"cards_upgraded":["Gatherer:Strike_Gatherer","Gatherer:Strike_Gatherer"]},{"damage_healed":0,"gold_gain":0,"player_choice":"Success","damage_taken":7,"relics_obtained":["MawBank"],"max_hp_gain":0,"max_hp_loss":0,"event_name":"Scrap Ooze","floor":4,"gold_loss":0}],"is_beta":false,"boss_relics":[],"items_purged_floors":[],"is_endless":false,"potions_floor_spawned":[],"killed_by":"Gremlin Nob","ascension_level":0}}