{"host":"bwbfdoghql0wyr8b","time":1613481884,"event":{"mods":["Act Like it!","BaseMod","Friendly Minions","Gensokyo","GifTheSpireLib","KinomotoSakuraMod(木之本樱)","Marisa（F雨　魔理沙）","Minty Spire (QoL Compilation)","Remilia（蕾米莉亚）","StSLib","The Servant 0.9.4"],"gold_per_floor":[112,130,130,147,72,72,23,36,36,56,90,90,90,106,106,211,211,226,236,236,136,136,136,152,184,260,260,260,279,279,296,296,391,391,402,402,402,402,419,448,448,465,465,465,83,93,93,93,93,93],"floor_reached":51,"language":"ZHS","playtime":4608,"items_purged":["Strike_MRS","GravityBeat+1","Singularity+1"],"score":884,"play_id":"5a7f0899-7dd3-4ad0-bec5-1352f80fbedc","local_time":"20210216212444","is_ascension_mode":true,"campfire_choices":[{"data":"1","floor":6.0,"key":"LIFT"},{"data":"2","floor":15.0,"key":"LIFT"},{"data":"3","floor":23.0,"key":"LIFT"},{"data":"AsteroidBelt","floor":27.0,"key":"SMITH"},{"data":"PropBag","floor":32.0,"key":"SMITH"},{"data":"MasterSpark","floor":41.0,"key":"SMITH"},{"data":"JA","floor":44.0,"key":"SMITH"},{"floor":49,"key":"REST"}],"circlet_count":0,"master_deck":["Defend_MRS+1","MasterSpark+1","UpSweep","6A","DeepEcoloBomb","AsteroidBelt+1","MagicAbsorber","UltimateShortwave+1","JA+1","Singularity+1","CasketOfStar+1","ShootTheMoon+1","EarthLightRay+1","OortCloud+1","PropBag","PropBag+1","Gensokyo:RPG","FairyDestructionRay+1","AsteroidBelt+1","EnergyRecoil","Magnetism+1"],"relics":["MiniHakkero","Girya","Gensokyo:Justice","Frozen Egg 2","Pear","Pen Nib","Astrolabe","MagicBroom","Pantograph","Busted Crown","Gensokyo:EmptyGrave","Ancient Tea Set","Regal Pillow","Ornamental Fan"],"acts_visited":["Exordium","TheCity","TheCity"],"potions_floor_usage":[46],"damage_taken":[{"damage":7.0,"enemies":"Gensokyo:Python","floor":1.0,"turns":3.0},{"damage":2.0,"enemies":"Gensokyo:2_Kodama","floor":2.0,"turns":3.0},{"damage":0.0,"enemies":"Gensokyo:3_Fairies","floor":4.0,"turns":3.0},{"damage":0.0,"enemies":"Gensokyo:VengefulSpirit","floor":8.0,"turns":3.0},{"damage":2.0,"enemies":"Gensokyo:Python_and_Kodama","floor":10.0,"turns":4.0},{"damage":10.0,"enemies":"Gensokyo:Aya","floor":11.0,"turns":6.0},{"damage":0.0,"enemies":"Gensokyo:Gryphon_and_Rabbit","floor":14.0,"turns":3.0},{"damage":11.0,"enemies":"Gensokyo:Reimu","floor":16.0,"turns":8.0},{"damage":13.0,"enemies":"Shell Parasite","floor":18.0,"turns":4.0},{"damage":0.0,"enemies":"Spheric Guardian","floor":19.0,"turns":3.0},{"damage":11.0,"enemies":"Snecko","floor":24.0,"turns":5.0},{"damage":32.0,"enemies":"Book of Stabbing","floor":25.0,"turns":5.0},{"damage":4.0,"enemies":"Sentry and Sphere","floor":29.0,"turns":5.0},{"damage":9.0,"enemies":"Shelled Parasite and Fungi","floor":31.0,"turns":5.0},{"damage":4.0,"enemies":"Champ","floor":33.0,"turns":7.0},{"damage":2.0,"enemies":"Gensokyo:3_Bats","floor":35.0,"turns":2.0},{"damage":13.0,"enemies":"Gensokyo:AncientGuardian","floor":39.0,"turns":4.0},{"damage":45.0,"enemies":"Gensokyo:Kasen","floor":40.0,"turns":6.0},{"damage":10.0,"enemies":"Gensokyo:4_Bats","floor":42.0,"turns":3.0},{"damage":14,"enemies":"Gensokyo:Rafflesia","floor":46,"turns":6},{"damage":0,"enemies":"Gensokyo:Yuyuko","floor":50,"turns":6}],"seed_played":"-7785366585693747784","potions_obtained":[{"floor":2.0,"key":"SpeedPotion"},{"floor":10.0,"key":"AttackPotion"},{"floor":14.0,"key":"GamblersBrew"},{"floor":16.0,"key":"Strength Potion"},{"floor":19.0,"key":"CultistPotion"},{"floor":25.0,"key":"GamblersBrew"},{"floor":31.0,"key":"LiquidBronze"},{"floor":35.0,"key":"FairyPotion"},{"floor":40.0,"key":"ShroomBrew"},{"floor":42.0,"key":"SneckoOil"}],"is_trial":false,"path_per_floor":["M","M","?","M","$","R","COS","M","T","M","E","?","?","M","R","B",null,"M","M","?","$","?","R","M","E","T","R","?","M","?","M","R","B",null,"M","?","?","?","M","E","R","M","T","R","$","M","T","?","R","B",null],"character_chosen":"MARISA","items_purchased":["EnergyRecoil","Magnetism+1"],"campfire_rested":1,"item_purchase_floors":[45,45],"current_hp_per_floor":[61,59,59,59,59,59,59,59,59,57,57,57,57,57,57,46,70,63,69,69,69,62,62,51,25,25,25,25,27,27,24,24,51,71,75,72,72,72,59,32,32,28,28,28,28,20,20,20,56,56],"gold":93,"neow_bonus":"ONE_RARE_RELIC","is_daily":false,"chose_seed":false,"campfire_upgraded":4,"win_rate":0.0,"timestamp":1613481884,"path_taken":["M","M","?","M","$","R","COS","M","T","?","E","?","?","M","R","BOSS","M","?","?","?","?","R","?","E","T","R","?","?","?","M","R","BOSS","M","?","?","?","M","E","R","M","T","R","$","M","?","?","R","BOSS"],"items_purchased_type":["Card","Card"],"build_version":"2020-12-22","purchased_purges":3,"victory":true,"max_hp_per_floor":[68,68,68,68,68,68,68,68,68,68,78,78,78,78,78,78,78,78,78,78,78,78,78,78,78,78,78,78,78,78,78,78,78,78,78,72,72,72,72,72,72,72,72,72,72,72,72,72,72,72],"card_choices":[{"not_picked":["MilkyWay","MysteriousBeam"],"picked":"MagicChant","floor":1.0},{"not_picked":["Robbery","PowerUp"],"picked":"6A","floor":2.0},{"not_picked":["Robbery","IllusionStar"],"picked":"DeepEcoloBomb","floor":4.0},{"not_picked":["MilkyWay","6A"],"picked":"AsteroidBelt","floor":8.0},{"not_picked":["LuminesStrike","ShootingEcho"],"picked":"MagicAbsorber","floor":10.0},{"not_picked":["WitchOfGreed+1","OrrerysSun+1"],"picked":"UltimateShortwave","floor":11.0},{"not_picked":["ShootingEcho","UnstableBomb"],"picked":"Singularity+1","floor":14.0},{"not_picked":["BigCrunch","FinalSpark"],"picked":"CasketOfStar+1","floor":16.0},{"not_picked":["SporeBomb","ChargeUpSpray"],"picked":"OortCloud+1","floor":18.0},{"not_picked":["UnstableBomb","ShootingEcho","MysteriousBeam"],"picked":"SKIP","floor":19.0},{"not_picked":["NonDirectionalLaser+1","Acceleration"],"picked":"PropBag","floor":24.0},{"not_picked":["MachineGunSpark","GasGiant"],"picked":"PropBag","floor":25.0},{"not_picked":["LuminesStrike","PowerUp","WitchOfGreed+1"],"picked":"SKIP","floor":29.0},{"not_picked":["ChargeUpSpray","StarDustReverie","GalacticHalo"],"picked":"SKIP","floor":31.0},{"not_picked":["ChargeUpSpray","StarDustReverie","GalacticHalo"],"picked":"SKIP","floor":31.0},{"not_picked":["GalacticHalo"],"picked":"SKIP","floor":35.0},{"not_picked":["ShootingEcho"],"picked":"SKIP","floor":39.0},{"not_picked":[],"picked":"FairyDestructionRay+1","floor":40.0},{"not_picked":[],"picked":"AsteroidBelt+1","floor":42.0},{"not_picked":["MilkyWay+1"],"picked":"SKIP","floor":46}],"player_experience":488653,"relics_obtained":[{"floor":9.0,"key":"Frozen Egg 2"},{"floor":11.0,"key":"Pen Nib"},{"floor":25.0,"key":"MagicBroom"},{"floor":26.0,"key":"Pantograph"},{"floor":40.0,"key":"Ancient Tea Set"},{"floor":43.0,"key":"Regal Pillow"},{"floor":47,"key":"Ornamental Fan"}],"event_choices":[{"damage_healed":0.0,"max_hp_gain":0.0,"max_hp_loss":0.0,"gold_gain":0.0,"event_name":"Upgrade Shrine","player_choice":"Upgraded","floor":20.0,"gold_loss":0.0,"damage_taken":0.0,"cards_upgraded":["UltimateShortwave"]},{"damage_healed":0.0,"max_hp_gain":0.0,"max_hp_loss":0.0,"gold_gain":0.0,"event_name":"Wheel of Change","player_choice":"Damaged","floor":22.0,"gold_loss":0.0,"damage_taken":7.0},{"damage_healed":0.0,"max_hp_gain":0.0,"max_hp_loss":0.0,"gold_gain":0.0,"cards_transformed":["Defend_MRS"],"event_name":"Transmorgrifier","player_choice":"Transformed","floor":28.0,"gold_loss":0.0,"damage_taken":0.0,"cards_obtained":["Singularity"]},{"damage_healed":0.0,"max_hp_gain":0.0,"max_hp_loss":0.0,"gold_gain":0.0,"event_name":"Back to Basics","player_choice":"Simplicity","floor":30.0,"gold_loss":0.0,"damage_taken":0.0,"cards_upgraded":["Defend_MRS"]}],"is_beta":false,"boss_relics":[{"not_picked":["Velvet Choker","SacredBark"],"picked":"Astrolabe"},{"not_picked":["Empty Cage","Calling Bell"],"picked":"Busted Crown"}],"items_purged_floors":[5,21,45],"is_endless":false,"potions_floor_spawned":[2,10,14,16,19,25,31,35,40,42],"ascension_level":5}}