{"host":"fc4hh3zaz3zk8cya","time":1613448330,"event":{"mods":["BaseMod","BetterRewards","Colored Map","Colored Powertips","Downfall","GifTheSpireLib","Highlight Path","Infinite Spire","Minty Spire (QoL Compilation)","Permanent Neow","Quick Restart","Replay The Spire","Shop Mod","StSLib","slay the spire mod where everything is the same but ironclad has a cowboy hat"],"gold_per_floor":[99,112,112,112,124,136,185,56,56,81,96,96,109,134,152,248,248,148,158,212,212,212,238,284,284,299,199,32,47,47,60,78,176,176,176,186,197,197,216,216,216,216,230,243,66,79,79,79,90,90],"floor_reached":51,"language":"ENG","playtime":2763,"items_purged":["Pain","Guardian:Strike_Guardian"],"score":781,"play_id":"fda1328a-655b-440b-bda9-e0c43ab29beb","local_time":"20210215230530","is_ascension_mode":false,"campfire_choices":[{"floor":1,"key":"RECALL"},{"floor":12,"key":"REST"},{"data":"Guardian:PiercingHide","floor":18,"key":"SMITH"},{"data":"infinitespire:TheBestDefense","floor":27,"key":"SMITH"},{"data":"Guardian:Defend_Guardian","floor":35,"key":"SMITH"},{"data":"Guardian:Defend_Guardian","floor":40,"key":"SMITH"}],"circlet_count":0,"master_deck":["Guardian:Strike_Guardian","Guardian:Strike_Guardian","Guardian:Strike_Guardian","Guardian:Defend_Guardian","Guardian:Defend_Guardian","Guardian:Defend_Guardian","Guardian:CurlUp+1","CurseOfTheBell","Guardian:CrystalBeam+1","Guardian:Reroute+1","Guardian:EvasiveProtocol","Guardian:ChargeCore+1","Guardian:PiercingHide+1","Guardian:ExploitGems+1","Guardian:WalkerClaw+1","Guardian:CrystalBeam+1","infinitespire:Oblivion+1","Guardian:ExploitGems+1","infinitespire:TheBestDefense+1","Guardian:WalkerClaw+1","Guardian:RollAttack+1","Guardian:RefractedBeam+1","Guardian:MultiBeam+1","Guardian:PolyBeam+1","Guardian:DonusPower+1","Guardian:ChargeCore+1","Guardian:Reroute+1","Guardian:RollAttack+1","Guardian:Gem_Red","Guardian:Gem_Red","Defend_R+1"],"relics":["Calling Bell","Orichalcum","Molten Egg 2","Incense Burner","Oddly Smooth Stone","WarpedTongs","Bronze Scales","PreservedInsect","ReplayFunnel","Replay:Grab Bag","Sozu","Philosopher\u0027s Stone","Ring of Chaos","downfall:HeartBlessingRed","infinitespire:Satchel","Vajra","Simple Rune","Replay:Ringing Soul","downfall:HeartBlessingGreen","Guide Book","Replay:Ringing Soul","Empty Cage","MerchantsRug"],"acts_visited":["Exordium","TheCity","TheBeyond"],"potions_floor_usage":[],"damage_taken":[{"damage":5,"enemies":"Jaw Worm","floor":2,"turns":5},{"damage":4,"enemies":"2 Louse","floor":5,"turns":3},{"damage":1,"enemies":"Cultist","floor":6,"turns":3},{"damage":4,"enemies":"downfall:FleeingMerchant","floor":8,"turns":4},{"damage":6,"enemies":"3 Sentries","floor":10,"turns":6},{"damage":5,"enemies":"Exordium Wildlife","floor":11,"turns":4},{"damage":7,"enemies":"Lots of Slimes","floor":13,"turns":3},{"damage":0,"enemies":"Gremlin Nob","floor":14,"turns":3},{"damage":1,"enemies":"Blue Slaver","floor":15,"turns":2},{"damage":16,"enemies":"IC_STATUS_ARCHETYPE","floor":16,"turns":7},{"damage":0,"enemies":"Spheric Guardian","floor":19,"turns":3},{"damage":12,"enemies":"Replay:Snechameleon","floor":23,"turns":3},{"damage":6,"enemies":"Chosen","floor":26,"turns":3},{"damage":0,"enemies":"downfall:FleeingMerchant","floor":28,"turns":4},{"damage":0,"enemies":"3 Cultists","floor":29,"turns":4},{"damage":0,"enemies":"Centurion and Healer","floor":31,"turns":3},{"damage":4,"enemies":"Shelled Parasite and Fungi","floor":32,"turns":3},{"damage":0,"enemies":"WA_ARCHETYPE_CALM","floor":33,"turns":5},{"damage":20,"enemies":"3 Darklings","floor":36,"turns":3},{"damage":15,"enemies":"3 Shapes","floor":37,"turns":2},{"damage":2,"enemies":"Maw","floor":39,"turns":5},{"damage":15,"enemies":"3 Darklings","floor":43,"turns":2},{"damage":12,"enemies":"Jaw Worm Horde","floor":44,"turns":3},{"damage":1,"enemies":"Transient","floor":46,"turns":5},{"damage":0,"enemies":"3 Darklings","floor":49,"turns":2},{"damage":22,"enemies":"DF_ARCHETYPE_ORBS","floor":50,"turns":7}],"seed_played":"6936431868305986795","potions_obtained":[{"floor":10,"key":"Death Potion"},{"floor":11,"key":"AttackPotion"},{"floor":14,"key":"DistilledChaos"}],"is_trial":false,"path_per_floor":["R","M","?","?","M","M","T","$","?","E","M","R","M","E","M","B",null,"R","M","?","?","?","E","T","AVR","M","R","$","M","?","M","M","B",null,"R","M","M","?","M","R","T","?","M","M","$","M","?","?","M","B",null],"character_chosen":"GUARDIAN","items_purchased":["Guardian:Gem_Red","Guide Book","Replay:Ringing Soul","MerchantsRug","Guardian:Gem_Cyan"],"campfire_rested":1,"item_purchase_floors":[8,28,28,45,45],"current_hp_per_floor":[80,75,63,63,59,58,58,54,54,48,43,67,60,60,59,43,80,80,80,80,59,59,47,47,47,44,44,47,53,53,59,61,61,104,104,90,81,104,108,108,108,100,91,85,91,96,102,108,108,86],"gold":90,"neow_bonus":"BOSS_RELIC","is_daily":false,"chose_seed":false,"campfire_upgraded":4,"win_rate":0.0,"timestamp":1613448330,"path_taken":["R","M","?","?","?","M","T","$","?","E","M","R","?","E","M","BOSS","R","M","?","?","?","E","T","AVR","M","R","$","M","?","M","M","BOSS","R","M","M","?","M","R","T","?","M","?","$","M","?","?","M","BOSS"],"items_purchased_type":["Card","Relic","Relic","Relic","Card"],"build_version":"2020-12-22","purchased_purges":2,"victory":true,"max_hp_per_floor":[80,80,80,80,80,80,80,80,80,80,80,80,80,80,80,80,80,80,80,80,80,80,80,80,80,83,83,86,92,92,98,104,104,104,104,110,116,139,145,145,145,145,151,157,163,169,175,181,181,181],"card_choices":[{"not_picked":["Guardian:ChargeCore+1","Guardian:ShieldSpikes"],"picked":"Guardian:CrystalBeam+1","floor":2},{"not_picked":["Guardian:Suspension","Guardian:WalkerClaw+1"],"picked":"Guardian:BodySlam+1","floor":5},{"not_picked":["Guardian:GuardianWhirl+1","Guardian:TimeCapacitor"],"picked":"Guardian:Gem_Red","floor":6},{"not_picked":["Guardian:RollAttack+1","Guardian:VentSteam"],"picked":"Guardian:Reroute+1","floor":8},{"not_picked":["Guardian:FloatingOrbs","Guardian:Gem_Purple"],"picked":"Guardian:EvasiveProtocol","floor":10},{"not_picked":["Guardian:Preprogram","Guardian:Gem_Cyan"],"picked":"Guardian:ChargeCore+1","floor":11},{"not_picked":["Guardian:FloatingOrbs","Guardian:TemporalShield"],"picked":"Guardian:Gem_Orange","floor":13},{"not_picked":["Guardian:Repulse","Guardian:Gem_Crimson"],"picked":"Guardian:ShieldCharger","floor":14},{"not_picked":["Guardian:DonusPower","Guardian:Planning"],"picked":"Guardian:PiercingHide","floor":15},{"not_picked":["Guardian:TimeSifter","Guardian:Gem_Orange"],"picked":"Guardian:ExploitGems","floor":16},{"not_picked":["Guardian:TemporalShield+1","Guardian:ShieldCharger+1"],"picked":"Guardian:WalkerClaw+1","floor":19},{"not_picked":["Guardian:Gem_Green","Guardian:Gem_Lightblue"],"picked":"Guardian:CrystalBeam+1","floor":20},{"not_picked":["Guardian:Harden","Guardian:RollAttack+1"],"picked":"Guardian:CrystalBeam+1","floor":20},{"not_picked":["infinitespire:UltimateForm","infinitespire:SealOfDarkness+"],"picked":"infinitespire:Oblivion","floor":21},{"not_picked":["Guardian:WalkerClaw+1","Guardian:TemporalStrike+1"],"picked":"Guardian:ExploitGems","floor":23},{"not_picked":["Guardian:CrystalBeam+1","Guardian:TimeBomb+1"],"picked":"Guardian:WalkerClaw+1","floor":26},{"not_picked":["Guardian:TimeBomb","Guardian:FastForward"],"picked":"Guardian:RollAttack+1","floor":28},{"not_picked":["Guardian:CrystalBeam+1","Guardian:Reroute+1"],"picked":"Guardian:RefractedBeam+1","floor":29},{"not_picked":["Guardian:Gem_Red","Guardian:PrimingBeam+1"],"picked":"Guardian:MultiBeam+1","floor":31},{"not_picked":["Guardian:Suspension","Guardian:TemporalStrike+1"],"picked":"Guardian:PolyBeam+1","floor":32},{"not_picked":["Guardian:Planning+1","Guardian:TemporalStrike+1"],"picked":"Guardian:DonusPower+1","floor":36},{"not_picked":["Guardian:Repulse","Guardian:VentSteam+1"],"picked":"Guardian:ChargeCore+1","floor":37},{"not_picked":["Guardian:Harden","Guardian:PrismaticBeam+1"],"picked":"Guardian:Reroute+1","floor":39},{"not_picked":["Guardian:ChargeCore+1","Guardian:Suspension"],"picked":"Guardian:Gem_Lightblue","floor":43},{"not_picked":["Guardian:TemporalStrike+1","Guardian:Suspension"],"picked":"Guardian:RollAttack+1","floor":44},{"not_picked":["Guardian:TemporalShield","Guardian:SpikerProtocol"],"picked":"Guardian:Gem_Cyan","floor":46},{"not_picked":["Guardian:RollAttack+1","Guardian:SphericShield","Guardian:TemporalShield+1"],"picked":"SKIP","floor":49}],"player_experience":81461,"relics_obtained":[{"floor":0,"key":"Orichalcum"},{"floor":0,"key":"Molten Egg 2"},{"floor":0,"key":"Incense Burner"},{"floor":7,"key":"Bronze Scales"},{"floor":10,"key":"PreservedInsect"},{"floor":14,"key":"ReplayFunnel"},{"floor":20,"key":"infinitespire:Satchel"},{"floor":23,"key":"Vajra"},{"floor":24,"key":"Simple Rune"}],"event_choices":[{"damage_healed":0,"gold_gain":0,"player_choice":"Success","damage_taken":12,"relics_obtained":["Oddly Smooth Stone"],"max_hp_gain":0,"max_hp_loss":0,"event_name":"Scrap Ooze","floor":3,"gold_loss":0},{"cards_removed":["Guardian:Defend_Guardian"],"damage_healed":0,"gold_gain":0,"player_choice":"Took Card","damage_taken":0,"max_hp_gain":0,"max_hp_loss":0,"event_name":"NoteForYourself","floor":48,"gold_loss":0,"cards_obtained":["Defend_R"]}],"is_beta":false,"boss_relics":[{"not_picked":["Honey Jar","Tiny House"],"picked":"Replay:Grab Bag"},{"not_picked":["Painkiller Herb","Replay:Bronze Core"],"picked":"Sozu"},{"not_picked":["ReplayTheSpireMod:DimensionalGlitch","Busted Crown"],"picked":"Philosopher\u0027s Stone"},{"not_picked":["Astrolabe","ReplayTheSpireMod:SealedPack"],"picked":"Ring of Chaos"},{"not_picked":["Guardian:StasisSlotReductionRelic","Coffee Dripper"],"picked":"Empty Cage"}],"items_purged_floors":[8,28],"is_endless":false,"potions_floor_spawned":[10,11,14,15,16,19,29,43,46,49],"ascension_level":0}}