{"host":"ox77rn1xcurm2t5a","time":1613437477,"event":{"mods":["2.2 Compatiblity","AchievementEnabler","Act Like it!","Aspiration","BaseMod","Best Route Mod","Better Match","Better Note","Better Sensory Stone","Block Reminder","Colored Map","Colored Powertips","Conjunction","Conspire","Custom Start","Energized Spire","GifTheSpireLib","Gold Saver","Gremlin Skip","Halation","Highlight Path","Hubris","Infinite Spire","Minty Spire (QoL Compilation)","Pale of the Ancients","Quick Restart","Replay The Spire","Reworked Bosses","ShortenTheSpire","Spire Exporter","StSLib","Stuff the Spire","Wandering Minibosses"],"gold_per_floor":[856,734,734,734,734,768,768,802,825,825,238,252,266,14,14,111,111,123,23,23,23,33,62,62,62,62,90,90,421,421,453,453,558,558,569,589,639,315,315,315,340,340,340,340,365,365,365,365,365],"floor_reached":48,"language":"ENG","playtime":1188,"items_purged":["Defend_R","Defend_R"],"score":685,"play_id":"461517f5-f079-41e8-a3c9-cbdb4c977254","local_time":"20210216030437","is_ascension_mode":true,"campfire_choices":[{"floor":7.0,"key":"RECALL"},{"data":"Bash","floor":10.0,"key":"SMITH"},{"data":"Spot Weakness","floor":15.0,"key":"SMITH"},{"floor":25.0,"key":"REST"},{"data":"Limit Break","floor":28.0,"key":"SMITH"},{"data":"Limit Break","floor":32.0,"key":"SMITH"},{"data":"Flame Barrier","floor":40,"key":"SMITH"},{"data":"Clash","floor":42,"key":"SMITH"},{"data":"Anger","floor":44,"key":"SMITH"},{"data":"Thunderclap","floor":47,"key":"SMITH"}],"circlet_count":0,"master_deck":["Strike_R","Strike_R","Strike_R","Strike_R","Defend_R","Defend_R","Bash+1","Thunderclap+1","Flame Barrier+1","Spot Weakness+1","Anger+1","Clash+1","Limit Break+1","Clash+1","Limit Break+1","Clothesline+1","Twin Strike","Shrug It Off+1","Twin Strike+1","Pommel Strike+1","Flex+1","Headbutt+1","Heavy Blade+1","Iron Wave+1"],"relics":["Burning Blood","ReplayTheSpireMod:TigerMarble","Replay:Baseball","Potion Belt","Replay:Mystery Machine","Gremlin Horn","aspiration:Nostalgia","Replay:M_SmolderingBlood","infinitespire:BottledMercury","Juzu Bracelet","aspiration:RitualStick","conspire:Flyswatter","conspire:Boomerang","Old Coin","Red Mask","SacredBark","Magic Flower","Nunchaku","infinitespire:EmpoweringShard","halation:LettersToHer"],"acts_visited":["Exordium","TheCity","TheBeyond"],"potions_floor_usage":[33,36,41,45,48,48],"damage_taken":[{"damage":4.0,"enemies":"Jaw Worm","floor":1.0,"turns":3.0},{"damage":20.0,"enemies":"Gremlin Nob","floor":6.0,"turns":4.0},{"damage":23.0,"enemies":"Lagavulin","floor":8.0,"turns":6.0},{"damage":0.0,"enemies":"Small Slimes","floor":12.0,"turns":1.0},{"damage":0.0,"enemies":"2 Louse","floor":13.0,"turns":3.0},{"damage":9.0,"enemies":"Hexaghost","floor":16.0,"turns":6.0},{"damage":22.0,"enemies":"3 Byrds","floor":18.0,"turns":4.0},{"damage":14.0,"enemies":"2 Thieves","floor":22.0,"turns":2.0},{"damage":30.0,"enemies":"Book of Stabbing","floor":23.0,"turns":4.0},{"damage":33.0,"enemies":"Slavers","floor":27.0,"turns":5.0},{"damage":0.0,"enemies":"Gremlin Leader","floor":29.0,"turns":6.0},{"damage":0.0,"enemies":"Sentry and Sphere","floor":30.0,"turns":1.0},{"damage":5.0,"enemies":"Masked Bandits","floor":31.0,"turns":2.0},{"damage":24,"enemies":"bossMod:newChamp","floor":33,"turns":5},{"damage":6,"enemies":"3 Shapes","floor":35,"turns":3},{"damage":14,"enemies":"3 Darklings","floor":36,"turns":4},{"damage":0,"enemies":"Mind Bloom Boss Battle","floor":37,"turns":3},{"damage":27,"enemies":"Nemesis","floor":41,"turns":5},{"damage":13,"enemies":"Giant Head","floor":45,"turns":5},{"damage":58,"enemies":"Nightmare","floor":48,"turns":7}],"seed_played":"4173811340255899360","potions_obtained":[{"floor":1.0,"key":"Block Potion"},{"floor":6.0,"key":"LifebloodPotion"},{"floor":12.0,"key":"Languid Potion"},{"floor":18.0,"key":"Swift Potion"},{"floor":27.0,"key":"SmokeBomb"},{"floor":31.0,"key":"FearPotion"},{"floor":35,"key":"EssenceOfSteel"},{"floor":36,"key":"infinitespire:BlackPotion"},{"floor":45,"key":"EssenceOfSteel"}],"is_trial":false,"path_per_floor":["M","$","?","T","?","E","R","E","T","R","$","M","M","$","R","B",null,"M","$","?","?","M","E","?","R","T","E","R","E","M","?","R","B",null,"M","M","?","$","?","R","E","R","T","R","E","?","R","NM"],"character_chosen":"IRONCLAD","items_purchased":["Thunderclap","Gremlin Horn","Spot Weakness","aspiration:Nostalgia","infinitespire:BottledMercury","HeartOfIron","Nunchaku","Inflame","Block Potion","Fire Potion"],"campfire_rested":1,"item_purchase_floors":[2,11,11,11,14,19,38,38,38,38],"current_hp_per_floor":[80,80,80,80,80,66,66,49,49,49,49,55,61,61,61,58,80,64,64,64,64,56,32,16,40,40,13,13,19,25,26,26,8,80,80,72,78,78,78,78,60,60,60,60,56,56,56,0,0],"gold":365,"neow_bonus":"RANDOM_COMMON_RELIC","is_daily":false,"chose_seed":false,"campfire_upgraded":8,"win_rate":0.0,"timestamp":1613437477,"path_taken":["M","$","?","?","?","E","R","E","T","R","$","M","M","$","R","BOSS","M","$","?","?","?","E","?","R","T","E","R","E","M","?","R","BOSS","M","M","?","$","?","R","E","R","T","R","E","?","R","NM"],"items_purchased_type":["Card","Relic","Card","Relic","Relic","Potion","Relic","Card","Potion","Potion"],"build_version":"2020-12-22","purchased_purges":2,"victory":false,"max_hp_per_floor":[80,80,80,80,80,80,80,80,80,80,80,80,80,80,80,80,80,80,80,80,80,80,80,80,80,80,80,80,80,80,80,80,80,80,80,80,80,80,80,80,80,80,80,80,80,80,80,80,80],"card_choices":[{"not_picked":["StuffTheSpire:Slingshot","Rage","Life Link"],"picked":"SKIP","floor":1.0},{"not_picked":["Headbutt","Replay:Many Hands","conspire:HitWhereItHurts"],"picked":"SKIP","floor":6.0},{"not_picked":["Flex","Dropkick"],"picked":"Flame Barrier","floor":8.0},{"not_picked":["Flex","Infernal Blade"],"picked":"Anger","floor":12.0},{"not_picked":["Perfected Strike","StuffTheSpire:Slingshot"],"picked":"Clash","floor":13.0},{"not_picked":["conspire:HitWhereItHurts","Demon Form"],"picked":"Limit Break","floor":16.0},{"not_picked":["Bloodletting+1","conspire:Charge"],"picked":"Clash+1","floor":18.0},{"not_picked":["Iron Wave","Replay:Undeath\u0027s Touch+1"],"picked":"Clothesline+1","floor":22.0},{"not_picked":["Flex","Burning Pact"],"picked":"Twin Strike","floor":23.0},{"not_picked":["Sentinel","Demonic Infusion"],"picked":"Shrug It Off+1","floor":27.0},{"not_picked":["Combust+1","infinitespire:OneForAll"],"picked":"Twin Strike+1","floor":29.0},{"not_picked":["StuffTheSpire:RockThrow","Clothesline+1"],"picked":"Pommel Strike+1","floor":35},{"not_picked":["Sentinel+1","StuffTheSpire:RagingBull"],"picked":"Flex+1","floor":36},{"not_picked":["Dual Wield","StuffTheSpire:Incineration+1"],"picked":"Headbutt+1","floor":37},{"not_picked":["Disarm+1","Pommel Strike+1"],"picked":"Heavy Blade+1","floor":41},{"not_picked":["Cleave","Flex"],"picked":"Iron Wave+1","floor":45}],"player_experience":3106248,"relics_obtained":[{"floor":6.0,"key":"Replay:Baseball"},{"floor":8.0,"key":"Potion Belt"},{"floor":9.0,"key":"Replay:Mystery Machine"},{"floor":23.0,"key":"Juzu Bracelet"},{"floor":26.0,"key":"conspire:Flyswatter"},{"floor":27.0,"key":"conspire:Boomerang"},{"floor":29.0,"key":"Old Coin"},{"floor":31.0,"key":"Red Mask"},{"floor":37,"key":"Magic Flower"},{"floor":41,"key":"infinitespire:EmpoweringShard"},{"floor":43,"key":"halation:LettersToHer"}],"event_choices":[{"damage_healed":0.0,"max_hp_gain":0.0,"max_hp_loss":0.0,"gold_gain":0.0,"event_name":"conspire:LoneGhost","player_choice":"Disagree","floor":3.0,"gold_loss":0.0,"damage_taken":0.0},{"damage_healed":0.0,"max_hp_gain":0.0,"max_hp_loss":0.0,"gold_gain":0.0,"event_name":"Golden Idol","player_choice":"Ignored","floor":5.0,"gold_loss":0.0,"damage_taken":0.0},{"damage_healed":0.0,"max_hp_gain":0.0,"max_hp_loss":0.0,"gold_gain":0.0,"event_name":"Duplicator","player_choice":"Copied","floor":20.0,"gold_loss":0.0,"damage_taken":0.0,"cards_obtained":["Limit Break"]},{"damage_healed":0.0,"max_hp_gain":0.0,"max_hp_loss":0.0,"gold_gain":0.0,"event_name":"betterNote:BetterNote","player_choice":"Ignored","floor":21.0,"gold_loss":0.0,"damage_taken":0.0,"cards_obtained":["Strike_P"]},{"damage_healed":0.0,"max_hp_gain":0.0,"max_hp_loss":0.0,"gold_gain":0.0,"event_name":"Masked Bandits","player_choice":"Fought Bandits","floor":31.0,"gold_loss":0.0,"damage_taken":0.0},{"damage_healed":0,"gold_gain":0,"player_choice":"Fight","damage_taken":0,"max_hp_gain":0,"max_hp_loss":0,"event_name":"MindBloom","floor":37,"gold_loss":0},{"cards_removed":["Inflame"],"damage_healed":0,"gold_gain":0,"player_choice":"Removed Power","damage_taken":0,"max_hp_gain":0,"max_hp_loss":0,"event_name":"Falling","floor":39,"gold_loss":0}],"is_beta":false,"boss_relics":[{"not_picked":["halation:ForbiddenBikini","halation:CatFaceCupcake","hubris:CrackedHourglass"]},{"not_picked":["conspire:RoyalGoblet","halation:SmartPhone"],"picked":"SacredBark"}],"items_purged_floors":[2,11],"is_endless":false,"potions_floor_spawned":[1,6,12,18,27,31,35,36,45],"killed_by":"Nightmare","ascension_level":4}}