{"host":"j2zti408atcvju3x","time":1613447868,"event":{"mods":["BaseMod","Minty Spire (QoL Compilation)","Quick Restart","StSLib"],"gold_per_floor":[119,139,14,26,36,64,14,28,99,111,127,140,140,140,140,140,140],"floor_reached":16,"language":"ZHS","playtime":563,"items_purged":["Defend_R","Strike_R"],"score":106,"play_id":"ba15bd0c-d6b1-46e9-8acc-3d4b262d51bd","local_time":"20210216115748","is_ascension_mode":false,"campfire_choices":[{"data":"Combust","floor":15,"key":"SMITH"}],"circlet_count":0,"master_deck":["Strike_R","Strike_R","Strike_R","Strike_R","Defend_R+1","Defend_R+1","Defend_R","Bash","Pommel Strike","Flex","Thunderclap","Cleave","Combust+1","Shame","Dropkick"],"relics":["Cursed Key","Smiling Mask","Mercury Hourglass"],"acts_visited":["Exordium"],"potions_floor_usage":[6,16,16],"damage_taken":[{"damage":0,"enemies":"Cultist","floor":1,"turns":3},{"damage":0,"enemies":"Small Slimes","floor":2,"turns":3},{"damage":0,"enemies":"2 Louse","floor":4,"turns":2},{"damage":9,"enemies":"Blue Slaver","floor":5,"turns":3},{"damage":16,"enemies":"Lagavulin","floor":6,"turns":5},{"damage":0,"enemies":"2 Fungi Beasts","floor":8,"turns":2},{"damage":5,"enemies":"3 Louse","floor":10,"turns":2},{"damage":3,"enemies":"Exordium Thugs","floor":11,"turns":3},{"damage":0,"enemies":"Looter","floor":12,"turns":2},{"damage":57,"enemies":"The Guardian","floor":16,"turns":6}],"seed_played":"1069212558651264089","potions_obtained":[{"floor":1,"key":"SkillPotion"},{"floor":5,"key":"Block Potion"},{"floor":6,"key":"FearPotion"},{"floor":11,"key":"LiquidMemories"}],"is_trial":false,"path_per_floor":["M","M","$","M","M","E","$","M","T","M","M","M","?","?","R","B"],"character_chosen":"IRONCLAD","items_purchased":["Flex"],"campfire_rested":0,"item_purchase_floors":[3],"current_hp_per_floor":[80,80,80,80,71,55,55,55,55,50,47,47,73,57,57,0,0],"gold":140,"neow_bonus":"BOSS_RELIC","is_daily":false,"chose_seed":false,"campfire_upgraded":1,"win_rate":0.0,"timestamp":1613447868,"path_taken":["M","M","$","M","M","E","$","M","T","M","M","?","?","?","R","BOSS"],"items_purchased_type":["Card"],"build_version":"2020-12-22","purchased_purges":2,"victory":false,"max_hp_per_floor":[80,80,80,80,80,80,80,80,80,80,80,80,80,80,80,80,80],"card_choices":[{"not_picked":["Perfected Strike","Pommel Strike","Rupture"],"picked":"SKIP","floor":1},{"not_picked":["Shrug It Off","Body Slam"],"picked":"Pommel Strike","floor":2},{"not_picked":["Dark Embrace","Metallicize","Burning Pact"],"picked":"SKIP","floor":4},{"not_picked":["True Grit","Disarm"],"picked":"Thunderclap","floor":5},{"not_picked":["Clash","Warcry"],"picked":"Cleave","floor":6},{"not_picked":["Power Through","Dark Embrace"],"picked":"Combust","floor":8},{"not_picked":["Combust","Iron Wave"],"picked":"Dropkick","floor":10},{"not_picked":["Flame Barrier","Dual Wield","Sword Boomerang"],"picked":"SKIP","floor":11},{"not_picked":["Bludgeon","Perfected Strike","Armaments"],"picked":"SKIP","floor":12}],"player_experience":9896,"relics_obtained":[{"floor":6,"key":"Smiling Mask"},{"floor":9,"key":"Mercury Hourglass"}],"event_choices":[{"damage_healed":26,"gold_gain":0,"player_choice":"Banana","damage_taken":0,"max_hp_gain":0,"max_hp_loss":0,"event_name":"Big Fish","floor":13,"gold_loss":0},{"damage_healed":0,"gold_gain":0,"player_choice":"Entered Light","damage_taken":16,"max_hp_gain":0,"max_hp_loss":0,"event_name":"Shining Light","floor":14,"gold_loss":0,"cards_upgraded":["Defend_R","Defend_R"]}],"is_beta":false,"boss_relics":[],"items_purged_floors":[3,7],"is_endless":false,"potions_floor_spawned":[1,5,6,11],"killed_by":"The Guardian","ascension_level":0}}