{"host":"ifd7sfhtlbe34qll","time":1613447498,"event":{"mods":["2.2 Compatiblity","Act Like it!","Ascension Unlocker","BaseMod","Block Reminder","Colored Map","Curses Come First","Downfall","Highlight Path","Minty Spire (QoL Compilation)","Potion Indicator Mod","Quick Restart","Random Character Button","Relic Stats","StSLib","SuperFastMode"],"gold_per_floor":[99,99,99,99,99,99,99,99,133,158,158,193,311,337,364,472,472,472,494,522,493,504,515,541,562,601,620,658,685,585,594,620,727,727,727,746,796,796,812,828,828,869,917,932,967,986,786,369,384,384,384,418,131,131,131,131],"floor_reached":57,"language":"ENG","playtime":5389,"items_purged":["Slimebound:Tackle","Slimebound:Defend_Slimebound","Slimebound:Defend_Slimebound"],"score":1793,"play_id":"2c3b9b1f-e637-4c34-b0b8-3d7dcbbb984f","local_time":"20210215215138","is_ascension_mode":true,"campfire_choices":[{"data":"Slimebound:Split","floor":1.0,"key":"SMITH"},{"data":"Slimebound:CorrosiveSpit","floor":8.0,"key":"SMITH"},{"data":"Slimebound:DouseInSlime","floor":11.0,"key":"SMITH"},{"data":"Slimebound:Equalize","floor":18.0,"key":"SMITH"},{"data":"Slimebound:ServeAndProtect","floor":30.0,"key":"SMITH"},{"floor":35.0,"key":"RECALL"},{"data":"Slimebound:AcidTongue","floor":47,"key":"SMITH"},{"data":"Slimebound:AcidTongue","floor":54,"key":"SMITH"}],"circlet_count":0,"master_deck":["AscendersBane","Slimebound:Defend_Slimebound","Slimebound:Defend_Slimebound+1","Slimebound:Split+1","Slimebound:CorrosiveSpit+1","Slimebound:Equalize+1","Slimebound:ComboTackle+1","Slimebound:Split+1","Slimebound:Prepare+1","Slimebound:DouseInSlime+1","Slimebound:DuplicatedForm+1","Slimebound:SplitSpecialist","Slimebound:ServeAndProtect+1","Slimebound:ViciousTackle+1","Slimebound:SlimeTap","Slimebound:LeechLife","Slimebound:ViciousTackle","Slimebound:ComboTackle+1","Slimebound:SlimeBrawl","Slimebound:WasteNot","Slimebound:Recycling","Slimebound:FinishingTackle+1","Slimebound:SpikyOuterGoop","Slimebound:LeechingTouch","Slimebound:TagTeam","Slimebound:Prepare+1","Slimebound:Prepare+1","Slimebound:LeadByExample+1","Slimebound:AcidTongue+1","Slimebound:MassRepurpose","Slimebound:MinionMaster","Slimebound:AcidTongue+1","expansioncontent:QuickStudy","expansioncontent:QuickStudy"],"relics":["Slimebound:AbsorbEndCombat","downfall:HeartsMalice","Slimebound:AggressiveSlimeRelic","Mercury Hourglass","CeramicFish","War Paint","Snecko Eye","Orrery","Orichalcum","TungstenRod","downfall:HeartBlessingBlue","Coffee Dripper","Dead Branch","sneckomod:SuperSneckoEye","White Beast Statue","Whetstone","Oddly Smooth Stone","downfall:HeartBlessingRed","downfall:HeartBlessingGreen","Membership Card","Gremlin Horn","Torii","Vajra","ClockworkSouvenir"],"acts_visited":["Exordium","TheCity","TheBeyond","TheEnding"],"potions_floor_usage":[56],"damage_taken":[{"damage":0.0,"enemies":"Small Slimes","floor":2.0,"turns":1.0},{"damage":0.0,"enemies":"Cultist","floor":3.0,"turns":1.0},{"damage":0.0,"enemies":"Jaw Worm","floor":6.0,"turns":1.0},{"damage":12.0,"enemies":"Lagavulin","floor":9.0,"turns":6.0},{"damage":11.0,"enemies":"Gremlin Nob","floor":12.0,"turns":3.0},{"damage":18.0,"enemies":"downfall:Heads","floor":13.0,"turns":4.0},{"damage":0.0,"enemies":"3 Louse","floor":14.0,"turns":4.0},{"damage":9.0,"enemies":"Exordium Wildlife","floor":15.0,"turns":4.0},{"damage":43.0,"enemies":"IC_STATUS_ARCHETYPE","floor":16.0,"turns":5.0},{"damage":15.0,"enemies":"3 Byrds","floor":19.0,"turns":4.0},{"damage":24.0,"enemies":"Chosen","floor":20.0,"turns":3.0},{"damage":26.0,"enemies":"downfall:FleeingMerchant","floor":21.0,"turns":4.0},{"damage":6.0,"enemies":"Snake Plant","floor":22.0,"turns":1.0},{"damage":25.0,"enemies":"Cultist and Chosen","floor":23.0,"turns":3.0},{"damage":15.0,"enemies":"3 Cultists","floor":25.0,"turns":4.0},{"damage":36.0,"enemies":"Book of Stabbing","floor":26.0,"turns":3.0},{"damage":31.0,"enemies":"Shelled Parasite and Fungi","floor":27.0,"turns":3.0},{"damage":21.0,"enemies":"Gremlin Leader","floor":28.0,"turns":3.0},{"damage":14.0,"enemies":"Snecko","floor":29.0,"turns":3.0},{"damage":5.0,"enemies":"3 Cultists","floor":32.0,"turns":4.0},{"damage":47.0,"enemies":"DF_ARCHETYPE_CLAW","floor":33.0,"turns":5.0},{"damage":20.0,"enemies":"3 Darklings","floor":36.0,"turns":2.0},{"damage":18.0,"enemies":"3 Darklings","floor":37.0,"turns":3.0},{"damage":18,"enemies":"3 Shapes","floor":39,"turns":2},{"damage":14,"enemies":"Spire Growth","floor":40,"turns":3},{"damage":14,"enemies":"Nemesis","floor":42,"turns":3},{"damage":0,"enemies":"Jaw Worm Horde","floor":44,"turns":3},{"damage":16,"enemies":"Giant Head","floor":45,"turns":4},{"damage":14,"enemies":"Writhing Mass","floor":46,"turns":4},{"damage":14,"enemies":"Spire Growth","floor":49,"turns":2},{"damage":55,"enemies":"WA_ARCHETYPE_DIVINITY","floor":50,"turns":10},{"damage":20,"enemies":"downfall:CharBossMerchant","floor":52,"turns":5},{"damage":16,"enemies":"downfall:NeowBoss","floor":55,"turns":9},{"damage":40,"enemies":"downfall:NeowBossFinal","floor":56,"turns":11}],"seed_played":"4653804856978841750","potions_obtained":[{"floor":9.0,"key":"AttackPotion"},{"floor":12.0,"key":"sneckomod:MuddlingPotion"},{"floor":14.0,"key":"Slimebound:ThreeZeroPotion"},{"floor":19.0,"key":"Fire Potion"},{"floor":25.0,"key":"sneckomod:MuddlingPotion"},{"floor":46,"key":"bronze:BurnAndBuffPotion"},{"floor":52,"key":"Slimebound:SlimyTonguePotion"}],"is_trial":false,"path_per_floor":["R","M","M","?","?","M","T","R","E","T","R","E","?","M","M","B",null,"R","M","M","$","M","M","T","M","E","M","E","M","R","?","M","B",null,"R","M","?","?","M","M","T","E","T","M","E","M","R","$","M","B",null,"E","$","R","B","B",null],"character_chosen":"SLIMEBOUND","items_purchased":["Slimebound:SlimeBrawl","Orrery","Slimebound:SpikyOuterGoop","Membership Card","Gremlin Horn","expansioncontent:QuickStudy","expansioncontent:QuickStudy","Vajra","ClockworkSouvenir"],"campfire_rested":0,"item_purchase_floors":[21,21,21,48,48,48,53,53,53],"current_hp_per_floor":[59,59,59,59,59,59,59,59,60,60,60,57,45,47,46,36,58,58,65,65,65,63,59,59,65,65,65,63,65,75,75,75,53,70,70,75,75,75,75,75,75,75,75,75,75,75,75,75,75,38,66,75,75,75,75,55],"gold":131,"neow_bonus":"THREE_ENEMY_KILL","is_daily":false,"chose_seed":false,"campfire_upgraded":7,"win_rate":0.0,"timestamp":1613447498,"path_taken":["R","M","M","?","?","?","T","R","E","?","R","E","?","M","M","BOSS","R","M","M","$","M","M","T","M","E","M","E","M","R","?","M","BOSS","R","M","?","?","M","?","T","E","?","M","E","?","R","$","M","BOSS","E","$","R","BOSS","BOSS"],"items_purchased_type":["Card","Relic","Card","Relic","Relic","Card","Card","Relic","Relic"],"build_version":"2020-12-22","purchased_purges":3,"victory":true,"max_hp_per_floor":[65,65,65,65,65,65,65,65,65,65,65,65,65,65,65,65,65,65,65,65,65,65,65,65,65,65,65,65,65,75,75,75,75,75,75,75,75,75,75,75,75,75,75,75,75,75,75,75,75,75,75,75,75,75,75,75],"relic_stats":{"Gremlin Horn":[4,4],"Torii":3,"counters":[34,124],"CeramicFish":216,"Dead Branch":[219],"Snecko Eye":[221,231,209,191],"Whetstone":["Slimebound:ComboTackle","Slimebound:ViciousTackle"],"War Paint":["Slimebound:Prepare","Slimebound:Defend_Slimebound"],"Orichalcum":[30],"obtain_stats":[{"Slimebound:AggressiveSlimeRelic":7,"downfall:HeartBlessingRed":47,"Gremlin Horn":48,"Torii":52,"CeramicFish":10,"Dead Branch":37,"Oddly Smooth Stone":45,"Vajra":53,"downfall:HeartsMalice":0,"sneckomod:SuperSneckoEye":41,"downfall:HeartBlessingGreen":47,"Whetstone":43,"War Paint":12,"Orichalcum":26,"White Beast Statue":42,"Mercury Hourglass":9,"ClockworkSouvenir":53,"downfall:HeartBlessingBlue":30,"Snecko Eye":17,"Orrery":21,"Slimebound:AbsorbEndCombat":0,"Coffee Dripper":34,"Membership Card":48,"TungstenRod":28},{"Slimebound:AggressiveSlimeRelic":3,"downfall:HeartBlessingRed":29,"Gremlin Horn":29,"Torii":32,"CeramicFish":4,"Dead Branch":23,"Oddly Smooth Stone":28,"Vajra":32,"downfall:HeartsMalice":0,"sneckomod:SuperSneckoEye":25,"downfall:HeartBlessingGreen":29,"Whetstone":26,"War Paint":5,"Orichalcum":16,"White Beast Statue":26,"Mercury Hourglass":4,"ClockworkSouvenir":32,"downfall:HeartBlessingBlue":19,"Snecko Eye":9,"Orrery":12,"Slimebound:AbsorbEndCombat":0,"Coffee Dripper":21,"Membership Card":29,"TungstenRod":18},{"Slimebound:AggressiveSlimeRelic":0,"downfall:HeartBlessingRed":87,"Gremlin Horn":87,"Torii":104,"CeramicFish":6,"Dead Branch":68,"Oddly Smooth Stone":83,"Vajra":104,"downfall:HeartsMalice":0,"sneckomod:SuperSneckoEye":73,"downfall:HeartBlessingGreen":87,"Whetstone":76,"War Paint":9,"Orichalcum":45,"White Beast Statue":76,"Mercury Hourglass":6,"ClockworkSouvenir":104,"downfall:HeartBlessingBlue":54,"Snecko Eye":23,"Orrery":34,"Slimebound:AbsorbEndCombat":0,"Coffee Dripper":63,"Membership Card":87,"TungstenRod":51}],"TungstenRod":43,"Mercury Hourglass":[427]},"card_choices":[{"not_picked":["Slimebound:LeechingTouch","Slimebound:SplitAcid"],"picked":"Slimebound:Equalize","floor":2.0},{"not_picked":["Slimebound:Prepare","Slimebound:PressTheAttack"],"picked":"Slimebound:ComboTackle","floor":3.0},{"not_picked":["Slimebound:SplitLeeching","Slimebound:SplitMire"],"picked":"Slimebound:Prepare","floor":6.0},{"not_picked":["Slimebound:Chomp","Slimebound:GoopSpray"],"picked":"Slimebound:DouseInSlime","floor":9.0},{"not_picked":["Slimebound:RollThrough","Slimebound:AcidTongue"],"picked":"Slimebound:DuplicatedForm","floor":12.0},{"not_picked":["Slimebound:SlimeBarrage","Slimebound:ForwardTackle"],"picked":"Slimebound:ServeAndProtect","floor":13.0},{"not_picked":["Slimebound:RollThrough","Slimebound:LeechEnergy"],"picked":"Slimebound:ViciousTackle","floor":14.0},{"not_picked":["Slimebound:GoopSpray","Slimebound:SamplingLick"],"picked":"Slimebound:SlimeTap","floor":15.0},{"not_picked":["Slimebound:MinionMaster","Slimebound:FirmFortitude"],"picked":"Slimebound:LeechLife","floor":16.0},{"not_picked":["Slimebound:GoopTackle+1","Slimebound:HauntingLick"],"picked":"Slimebound:ViciousTackle","floor":19.0},{"not_picked":["Slimebound:RollThrough","Slimebound:Nibble"],"picked":"Slimebound:ComboTackle+1","floor":20.0},{"not_picked":["Slimebound:ViciousTackle","Slimebound:TongueLash+1","Slimebound:GoopTackle"],"picked":"SKIP","floor":21.0},{"not_picked":["Slimebound:SamplingLick+1","Slimebound:LivingWall"],"picked":"Slimebound:WasteNot","floor":21.0},{"not_picked":["Slimebound:FormOfPuddle","Slimebound:HauntingLick"],"picked":"Slimebound:Recycling","floor":21.0},{"not_picked":["Slimebound:ForwardTackle","Slimebound:PressTheAttack"],"picked":"Slimebound:FinishingTackle+1","floor":21.0},{"not_picked":["Slimebound:PressTheAttack+1","Slimebound:Grow","Slimebound:SplitMire"],"picked":"SKIP","floor":22.0},{"not_picked":["Slimebound:Schlurp","Slimebound:GoopSpray","Slimebound:SplitBruiser"],"picked":"SKIP","floor":23.0},{"not_picked":["Slimebound:Schlurp","Slimebound:Grow"],"picked":"Slimebound:LeechingTouch","floor":25.0},{"not_picked":["Slimebound:Recollect","Slimebound:SpikyOuterGoop+1"],"picked":"Slimebound:TagTeam","floor":26.0},{"not_picked":["Slimebound:LevelUp","Slimebound:FinishingTackle+1"],"picked":"Slimebound:Prepare+1","floor":27.0},{"not_picked":["Slimebound:Gluttony","Slimebound:FormOfPuddle"],"picked":"Slimebound:Prepare+1","floor":28.0},{"not_picked":["Slimebound:SplitBruiser+1","Slimebound:FlameTackle"],"picked":"Slimebound:LeadByExample+1","floor":29.0},{"not_picked":["Slimebound:SplitBruiser+1","Slimebound:LivingWall"],"picked":"Slimebound:MassRepurpose","floor":32.0},{"not_picked":["Slimebound:OneTwoCombo","Slimebound:CheckThePlaybook"],"picked":"Slimebound:MinionMaster","floor":33.0},{"not_picked":["Slimebound:Equalize+1","Slimebound:SplitLeeching+1","Slimebound:PressTheAttack"],"picked":"SKIP","floor":36.0},{"not_picked":["Slimebound:Schlurp","Slimebound:LeechEnergy+1","Slimebound:PressTheAttack+1"],"picked":"SKIP","floor":39},{"not_picked":["Slimebound:PressTheAttack+1","Slimebound:GoopSpray+1","Slimebound:LivingWall+1"],"picked":"SKIP","floor":40},{"not_picked":["Slimebound:ItLooksTasty","Slimebound:SplitMire"],"picked":"Slimebound:AcidTongue","floor":42},{"not_picked":["Slimebound:Recollect+1","Slimebound:MassFeed","Slimebound:SlimeSpikes"],"picked":"SKIP","floor":44},{"not_picked":["Slimebound:RejuvenatingLick","Slimebound:ForwardTackle","Slimebound:LeechEnergy"],"picked":"SKIP","floor":45},{"not_picked":["Slimebound:Schlurp+1","Slimebound:HungryTackle","Slimebound:Prepare"],"picked":"SKIP","floor":46},{"not_picked":["Slimebound:SplitLeeching+1","Slimebound:BestDefense+1","Slimebound:RollThrough"],"picked":"SKIP","floor":49},{"not_picked":["Slimebound:ServeAndProtect+1","Slimebound:HungryTackle","Slimebound:Repurpose"],"picked":"SKIP","floor":52}],"player_experience":1727222,"relics_obtained":[{"floor":7.0,"key":"Slimebound:AggressiveSlimeRelic"},{"floor":9.0,"key":"Mercury Hourglass"},{"floor":10.0,"key":"CeramicFish"},{"floor":12.0,"key":"War Paint"},{"floor":26.0,"key":"Orichalcum"},{"floor":28.0,"key":"TungstenRod"},{"floor":37.0,"key":"Dead Branch"},{"floor":41,"key":"sneckomod:SuperSneckoEye"},{"floor":42,"key":"White Beast Statue"},{"floor":43,"key":"Whetstone"},{"floor":45,"key":"Oddly Smooth Stone"},{"floor":52,"key":"Torii"}],"event_choices":[{"cards_removed":["Slimebound:Strike_Slimebound"],"damage_healed":0.0,"max_hp_gain":0.0,"max_hp_loss":0.0,"gold_gain":0.0,"event_name":"The Cleric","player_choice":"Card Removal","floor":4.0,"gold_loss":0.0,"damage_taken":0.0},{"damage_healed":0.0,"max_hp_gain":0.0,"max_hp_loss":0.0,"gold_gain":0.0,"event_name":"The Library","player_choice":"Read","floor":31.0,"gold_loss":0.0,"damage_taken":0.0,"cards_obtained":["Slimebound:AcidTongue"]},{"damage_healed":0.0,"max_hp_gain":0.0,"max_hp_loss":0.0,"gold_gain":0.0,"event_name":"NoteForYourself","player_choice":"Ignored","floor":38.0,"gold_loss":0.0,"damage_taken":0.0}],"is_beta":false,"boss_relics":[{"not_picked":["bronze:MakeshiftBattery","Slimebound:AbsorbEndCombatUpgraded"],"picked":"Snecko Eye"},{"not_picked":["Pandora\u0027s Box","sneckomod:SneckoTalon"],"picked":"Coffee Dripper"}],"items_purged_floors":[21,48,53],"is_endless":false,"potions_floor_spawned":[9,12,14,19,23,25,29,32,36,42,44,45,46,49,52],"ascension_level":10}}