{"host":"4nv61ujg37lx5d7m","time":1613478012,"event":{"mods":["BaseMod","Minty Spire (QoL Compilation)","Quick Restart"],"gold_per_floor":[114,127,143,157,172,197,215,215,269,286,286,58,83,97,97,193,193,211,243,260,83,83,111,111,143,166,201,301,318,39,39,39,142,142,162,162,180,16,27,57,69,94,119,119,119,153,173,184,184,184,184,184,34,63,63],"floor_reached":56,"language":"ZHS","playtime":3908,"items_purged":["Strike_R","Strike_R","Strike_R"],"score":1696,"play_id":"b92c61f6-0001-4bf8-9a91-73b10c4d1535","local_time":"20210216202012","is_ascension_mode":true,"campfire_choices":[{"floor":15.0,"key":"REST"},{"data":"Corruption","floor":24.0,"key":"SMITH"},{"floor":32.0,"key":"RECALL"},{"floor":44,"key":"REST"},{"floor":49,"key":"REST"},{"floor":52,"key":"REST"}],"circlet_count":0,"master_deck":["Strike_R","Defend_R","Defend_R","Defend_R","Defend_R","Bash","Disarm","Warcry","Feel No Pain","Reckless Charge","Second Wind","Sentinel","Armaments+1","Second Wind","Flash of Steel","Shockwave","Corruption+1","Pummel","Havoc","True Grit","Second Wind","Armaments+1","Infernal Blade","True Grit","Warcry+1","Fiend Fire","Body Slam+1","Apotheosis","Havoc","Havoc","Transmutation","Discovery","Magnetism","Flame Barrier","Shrug It Off+1"],"relics":["Burning Blood","Dead Branch","Gambling Chip","Juzu Bracelet","Bottled Lightning","Sozu","Red Mask","MealTicket","Ice Cream","Boot","Bottled Tornado","Happy Flower","Fusion Hammer","White Beast Statue","Ginger","PreservedInsect","InkBottle","Toolbox","Eternal Feather"],"acts_visited":["Exordium","TheCity","TheBeyond","TheEnding"],"potions_floor_usage":[55],"damage_taken":[{"damage":1.0,"enemies":"Cultist","floor":1.0,"turns":3.0},{"damage":4.0,"enemies":"2 Louse","floor":2.0,"turns":3.0},{"damage":11.0,"enemies":"Jaw Worm","floor":3.0,"turns":4.0},{"damage":20.0,"enemies":"Large Slime","floor":4.0,"turns":7.0},{"damage":4.0,"enemies":"Gremlin Gang","floor":5.0,"turns":2.0},{"damage":19.0,"enemies":"3 Sentries","floor":6.0,"turns":7.0},{"damage":10.0,"enemies":"Exordium Thugs","floor":7.0,"turns":4.0},{"damage":3.0,"enemies":"3 Louse","floor":10.0,"turns":6.0},{"damage":19.0,"enemies":"Gremlin Nob","floor":13.0,"turns":3.0},{"damage":6.0,"enemies":"Red Slaver","floor":14.0,"turns":4.0},{"damage":11.0,"enemies":"Hexaghost","floor":16.0,"turns":6.0},{"damage":5.0,"enemies":"Shell Parasite","floor":18.0,"turns":4.0},{"damage":10.0,"enemies":"Masked Bandits","floor":19.0,"turns":4.0},{"damage":17.0,"enemies":"3 Byrds","floor":20.0,"turns":5.0},{"damage":24.0,"enemies":"Gremlin Leader","floor":23.0,"turns":5.0},{"damage":9.0,"enemies":"Slavers","floor":25.0,"turns":8.0},{"damage":0.0,"enemies":"Book of Stabbing","floor":27.0,"turns":4.0},{"damage":3.0,"enemies":"Sentry and Sphere","floor":29.0,"turns":3.0},{"damage":0,"enemies":"Champ","floor":33,"turns":4},{"damage":0,"enemies":"3 Shapes","floor":35,"turns":2},{"damage":0,"enemies":"Orb Walker","floor":37,"turns":2},{"damage":4,"enemies":"Jaw Worm Horde","floor":39,"turns":2},{"damage":13,"enemies":"Giant Head","floor":40,"turns":2},{"damage":8,"enemies":"4 Shapes","floor":41,"turns":2},{"damage":20,"enemies":"Nemesis","floor":42,"turns":3},{"damage":0,"enemies":"Giant Head","floor":46,"turns":3},{"damage":12,"enemies":"Sphere and 2 Shapes","floor":47,"turns":2},{"damage":6,"enemies":"Spire Growth","floor":48,"turns":2},{"damage":25,"enemies":"Awakened One","floor":50,"turns":5},{"damage":9,"enemies":"Shield and Spear","floor":54,"turns":2},{"damage":9,"enemies":"The Heart","floor":55,"turns":4}],"seed_played":"8215781151989906787","potions_obtained":[{"floor":1.0,"key":"LiquidMemories"},{"floor":4.0,"key":"Swift Potion"},{"floor":14.0,"key":"SkillPotion"},{"floor":16.0,"key":"EssenceOfSteel"}],"is_trial":false,"path_per_floor":["M","M","M","M","M","E","M","?","T","M","?","$","E","M","R","B",null,"M","?","M","$","?","E","R","E","T","E","?","M","$","?","R","B",null,"M","?","M","$","M","E","M","E","T","R","?","E","M","M","R","B",null,"R","$","E","B",null],"character_chosen":"IRONCLAD","items_purchased":["Second Wind","Flash of Steel","Second Wind","Happy Flower","Apotheosis","Toolbox"],"campfire_rested":4,"item_purchase_floors":[12,12,21,30,38,53],"current_hp_per_floor":[72,72,67,53,55,42,38,31,31,34,31,31,18,18,39,34,72,72,68,57,57,57,39,39,36,36,42,42,45,60,60,60,66,72,72,72,72,72,72,65,63,49,49,70,60,66,60,60,72,53,72,72,72,69,66],"gold":63,"neow_bonus":"ONE_RARE_RELIC","is_daily":false,"chose_seed":false,"campfire_upgraded":1,"win_rate":0.0,"timestamp":1613478012,"path_taken":["M","?","M","M","M","E","M","?","T","M","?","$","E","M","R","BOSS","M","?","M","$","?","E","R","E","T","E","?","M","$","?","R","BOSS","M","?","M","$","M","E","M","E","T","R","?","E","M","M","R","BOSS","R","$","E","BOSS"],"items_purchased_type":["Card","Card","Card","Relic","Card","Relic"],"build_version":"2020-12-22","purchased_purges":3,"victory":true,"max_hp_per_floor":[72,72,72,72,72,72,72,72,72,72,72,72,72,72,72,72,72,72,72,72,72,72,72,72,72,72,72,72,72,72,72,72,72,72,72,72,72,72,72,72,72,72,72,72,72,72,72,72,72,72,72,72,72,72,72],"card_choices":[{"not_picked":["Fire Breathing","Flex"],"picked":"Disarm","floor":1.0},{"not_picked":["Thunderclap","Perfected Strike"],"picked":"Warcry","floor":2.0},{"not_picked":["Carnage","Pommel Strike"],"picked":"Feel No Pain","floor":3.0},{"not_picked":["Metallicize","Rage","Cleave"],"picked":"SKIP","floor":4.0},{"not_picked":["Wild Strike","Shrug It Off"],"picked":"Reckless Charge","floor":5.0},{"not_picked":["Pummel","Flame Barrier"],"picked":"Second Wind","floor":6.0},{"not_picked":["Cleave","Iron Wave"],"picked":"Sentinel","floor":7.0},{"not_picked":["Uppercut","Searing Blow"],"picked":"Armaments","floor":10.0},{"not_picked":["Clothesline","Clash"],"picked":"Shockwave","floor":13.0},{"not_picked":["Berserk","Clothesline","Flex"],"picked":"SKIP","floor":14.0},{"not_picked":["Impervious","Limit Break"],"picked":"Corruption","floor":16.0},{"not_picked":["Clash","Iron Wave"],"picked":"Pummel","floor":18.0},{"not_picked":["Searing Blow","Rampage+1"],"picked":"Havoc","floor":19.0},{"not_picked":["Infernal Blade","Perfected Strike"],"picked":"True Grit","floor":20.0},{"not_picked":["Metallicize+1","Hemokinesis"],"picked":"Armaments+1","floor":23.0},{"not_picked":["Wild Strike","Immolate"],"picked":"Infernal Blade","floor":25.0},{"not_picked":["Ghostly Armor","Clothesline"],"picked":"True Grit","floor":27.0},{"not_picked":["Flame Barrier+1","Evolve+1"],"picked":"Warcry+1","floor":29.0},{"not_picked":["Limit Break","Reaper"],"picked":"Fiend Fire","floor":33},{"not_picked":["Metallicize+1","Cleave"],"picked":"Body Slam+1","floor":35},{"not_picked":["Searing Blow","Sword Boomerang","Clash"],"picked":"SKIP","floor":37},{"not_picked":["Headbutt","Sever Soul+1","Iron Wave+1"],"picked":"SKIP","floor":39},{"not_picked":["Infernal Blade","Twin Strike+1"],"picked":"Havoc","floor":40},{"not_picked":["Bludgeon","Heavy Blade","Body Slam"],"picked":"SKIP","floor":41},{"not_picked":["Wild Strike+1","Pommel Strike+1"],"picked":"Havoc","floor":42},{"not_picked":["Panacea","Dramatic Entrance"],"picked":"Transmutation","floor":45},{"not_picked":["Swift Strike","Secret Weapon"],"picked":"Discovery","floor":45},{"not_picked":["Master of Strategy","Impatience"],"picked":"Magnetism","floor":45},{"not_picked":["Evolve+1","Cleave+1"],"picked":"Flame Barrier","floor":46},{"not_picked":["Body Slam+1","Iron Wave"],"picked":"Shrug It Off+1","floor":47},{"not_picked":["Body Slam+1","Twin Strike+1","Battle Trance"],"picked":"SKIP","floor":48},{"not_picked":["Uppercut+1","Clothesline+1","Fire Breathing"],"picked":"SKIP","floor":54}],"player_experience":31664,"relics_obtained":[{"floor":6.0,"key":"Gambling Chip"},{"floor":13.0,"key":"Bottled Lightning"},{"floor":19.0,"key":"Red Mask"},{"floor":23.0,"key":"MealTicket"},{"floor":25.0,"key":"Ice Cream"},{"floor":26.0,"key":"Boot"},{"floor":27.0,"key":"Bottled Tornado"},{"floor":40,"key":"White Beast Statue"},{"floor":42,"key":"Ginger"},{"floor":43,"key":"PreservedInsect"},{"floor":46,"key":"InkBottle"},{"floor":54,"key":"Eternal Feather"}],"event_choices":[{"cards_removed":["Strike_R"],"damage_healed":0.0,"max_hp_gain":0.0,"max_hp_loss":0.0,"gold_gain":0.0,"event_name":"Golden Wing","player_choice":"Card Removal","floor":8.0,"gold_loss":0.0,"damage_taken":7.0},{"damage_healed":0.0,"max_hp_gain":0.0,"max_hp_loss":0.0,"gold_gain":0.0,"event_name":"Scrap Ooze","player_choice":"Success","floor":11.0,"gold_loss":0.0,"damage_taken":3.0,"relics_obtained":["Juzu Bracelet"]},{"damage_healed":0.0,"max_hp_gain":0.0,"max_hp_loss":0.0,"gold_gain":0.0,"event_name":"Masked Bandits","player_choice":"Fought Bandits","floor":19.0,"gold_loss":0.0,"damage_taken":0.0},{"damage_healed":0.0,"max_hp_gain":0.0,"max_hp_loss":0.0,"gold_gain":0.0,"event_name":"Upgrade Shrine","player_choice":"Upgraded","floor":22.0,"gold_loss":0.0,"damage_taken":0.0,"cards_upgraded":["Armaments"]},{"damage_healed":0.0,"max_hp_gain":0.0,"max_hp_loss":0.0,"gold_gain":100.0,"event_name":"Golden Shrine","player_choice":"Pray","floor":28.0,"gold_loss":0.0,"damage_taken":0.0},{"damage_healed":0.0,"max_hp_gain":0.0,"max_hp_loss":0.0,"gold_gain":0.0,"event_name":"The Mausoleum","player_choice":"Ignored","floor":31.0,"gold_loss":0.0,"damage_taken":0.0},{"damage_healed":0,"gold_gain":0,"player_choice":"Bought 0 Potions","damage_taken":0,"max_hp_gain":0,"max_hp_loss":0,"event_name":"The Woman in Blue","floor":36,"gold_loss":0},{"damage_healed":0,"gold_gain":0,"player_choice":"Memory 3","damage_taken":10,"max_hp_gain":0,"max_hp_loss":0,"event_name":"SensoryStone","floor":45,"gold_loss":0}],"is_beta":false,"boss_relics":[{"not_picked":["Calling Bell","Runic Dome"],"picked":"Sozu"},{"not_picked":["Black Blood","Runic Cube"],"picked":"Fusion Hammer"}],"items_purged_floors":[12,21,30],"is_endless":false,"potions_floor_spawned":[1,4,14,16,18,20,25,29,35,37,41,42,46,47,48,54],"ascension_level":4}}