{"host":"dn6kke80v5f7isus","time":1613511142,"event":{"mods":["AchievementEnabler","Act Like it!","Astrologer","BaseMod","Colored Powertips","Custom Start","Defuse TimeMaze Blight","Energized Spire","Gremlin Skip","Highlight Path","Hubris","Infinite Spire","Marisa????????","Marked Mod","Minty Spire (QoL Compilation)","Quick Restart","Rare Cards Sparkle","Reliquary","Replay The Spire","StSLib","The Servant 0.9.4","Uncapped","Unceasing Turn Reminder"],"gold_per_floor":[256,111,159,159,177,177,203,203,235,235,266,276,276,276],"floor_reached":12,"language":"ENG","playtime":321,"items_purged":[],"score":127,"play_id":"fc906621-82c1-46bc-94d1-71a204b502ea","local_time":"20210216163222","is_ascension_mode":true,"campfire_choices":[{"data":"Survivor","floor":7.0,"key":"SMITH"}],"circlet_count":0,"master_deck":["Strike_G","Strike_G","Strike_G","Strike_G","Strike_G","Defend_G","Defend_G","Defend_G","Defend_G","Defend_G","Survivor+1","Neutralize","Replay:Bag of Tricks"],"relics":["Ring of the Snake","NeowsBlessing","Replay:Wax Seal","hubris:Towel","Shuriken","reliquary:SharkskinSheath","Tingsha","Replay:Kaleidoscope"],"acts_visited":["Exordium"],"potions_floor_usage":[],"damage_taken":[{"damage":0.0,"enemies":"Cultist","floor":1.0,"turns":1.0},{"damage":0.0,"enemies":"2 Louse","floor":4.0,"turns":1.0},{"damage":0.0,"enemies":"3 Sentries","floor":6.0,"turns":1.0},{"damage":23.0,"enemies":"Lagavulin","floor":8.0,"turns":7.0},{"damage":30,"enemies":"3 Sentries","floor":10,"turns":8},{"damage":0,"enemies":"Jaw Worm","floor":11,"turns":3},{"damage":10,"enemies":"Lagavulin","floor":12,"turns":5}],"seed_played":"3699645274118146030","potions_obtained":[{"floor":1.0,"key":"Languid Potion"},{"floor":6.0,"key":"Energy Potion"},{"floor":11,"key":"Elixir"}],"is_trial":false,"path_per_floor":["M","T","?","M","?","E","R","E","T","E","M","E"],"character_chosen":"THE_SILENT","items_purchased":[],"campfire_rested":0,"item_purchase_floors":[],"current_hp_per_floor":[68,70,70,70,70,70,70,70,47,47,17,17,7,7],"gold":276,"neow_bonus":"THREE_ENEMY_KILL","is_daily":false,"chose_seed":false,"campfire_upgraded":1,"win_rate":0.0,"timestamp":1613511142,"path_taken":["M","?","?","M","?","E","R","E","T","E","?","E"],"items_purchased_type":[],"build_version":"2020-12-22","purchased_purges":0,"victory":false,"max_hp_per_floor":[70,70,70,70,70,70,70,70,70,70,70,70,70,70],"card_choices":[{"not_picked":["PiercingWail","Acrobatics","Bane"],"picked":"SKIP","floor":1.0},{"not_picked":["Leg Sweep","Flying Knee","Dagger Throw"],"picked":"SKIP","floor":4.0},{"not_picked":["Heel Hook","Dagger Throw","PiercingWail"],"picked":"SKIP","floor":6.0},{"not_picked":["Bouncing Flask","Replay:Poison Smokescreen"],"picked":"Replay:Bag of Tricks","floor":8.0},{"not_picked":["Outmaneuver","Sucker Punch","ReplayTheSpireMod:Tripwire"],"picked":"SKIP","floor":10},{"not_picked":["Dagger Throw","Deflect","Tactician"],"picked":"SKIP","floor":11}],"player_experience":450078,"relics_obtained":[{"floor":2.0,"key":"Replay:Wax Seal"},{"floor":6.0,"key":"Shuriken"},{"floor":8.0,"key":"reliquary:SharkskinSheath"},{"floor":9.0,"key":"Tingsha"},{"floor":10,"key":"Replay:Kaleidoscope"}],"event_choices":[],"is_beta":false,"boss_relics":[],"items_purged_floors":[],"is_endless":false,"potions_floor_spawned":[1,6,11],"killed_by":"Lagavulin","ascension_level":1}}