{"host":"tf5skwcwe0vlu2md","time":1613475991,"event":{"mods":["BaseMod","Downfall","Highlight Path","Minty Spire (QoL Compilation)","Quick Restart","StSLib","The Hierophant"],"gold_per_floor":[111,0,14,24,24,24,57,57,83,83,112,142,142,152,152,253,253,267,283,283,283,283,308,323,20,45,144,144,144,144,177,177,272,272,287,301,301,8,8,8,45,69,69,69,93,93,128,142,142,142,142],"floor_reached":50,"playtime":3025,"items_purged":[],"score":619,"play_id":"4cea1211-140a-418a-9d00-314f276de625","local_time":"20210216224631","is_ascension_mode":false,"campfire_choices":[{"data":"Eruption","floor":6,"key":"SMITH"},{"data":"Collect","floor":8,"key":"SMITH"},{"data":"Vigilance","floor":10,"key":"SMITH"},{"data":"Consecrate","floor":13,"key":"SMITH"},{"data":"Strike_P","floor":15,"key":"SMITH"},{"data":"TalkToTheHand","floor":28,"key":"SMITH"},{"data":"TalkToTheHand","floor":30,"key":"SMITH"},{"data":"Tantrum","floor":32,"key":"SMITH"},{"data":"Fasting2","floor":40,"key":"SMITH"},{"floor":44,"key":"RECALL"},{"data":"DevaForm","floor":46,"key":"SMITH"},{"floor":49,"key":"REST"}],"circlet_count":0,"master_deck":["Strike_P+1","Strike_P","Strike_P","Defend_P","Defend_P","Defend_P","Defend_P","Eruption+1","Vigilance+1","Collect+1","Meditate","TalkToTheHand+1","WheelKick","Consecrate+1","Tantrum+1","Vengeance","CrushJoints+1","Judgement","BowlingBash+1","TalkToTheHand+1","Conclude","SashWhip","FlurryOfBlows","DevaForm+1","Fasting2+1","BowlingBash+1","Trip","FlyingSleeves+1","Wallop","FlurryOfBlows+1","Protect"],"relics":["PureWater","PreservedInsect","Bag of Preparation","Juzu Bracelet","Potion Belt","Black Star","Pen Nib","Blood Vial","Ice Cream","HornCleat","Toy Ornithopter","Vajra","SacredBark","Lantern","CeramicFish","Ancient Tea Set","MealTicket","Letter Opener","Whetstone","Bottled Flame"],"acts_visited":["Exordium","TheCity","TheBeyond"],"potions_floor_usage":[7,7,31,33,41,47],"damage_taken":[{"damage":3,"enemies":"Cultist","floor":1,"turns":4},{"damage":16,"enemies":"Jaw Worm","floor":3,"turns":5},{"damage":7,"enemies":"2 Louse","floor":4,"turns":3},{"damage":13,"enemies":"Lagavulin","floor":7,"turns":4},{"damage":0,"enemies":"Gremlin Nob","floor":11,"turns":2},{"damage":1,"enemies":"Large Slime","floor":14,"turns":3},{"damage":0,"enemies":"Slime Boss","floor":16,"turns":4},{"damage":0,"enemies":"Spheric Guardian","floor":18,"turns":2},{"damage":8,"enemies":"Chosen","floor":19,"turns":4},{"damage":11,"enemies":"Gremlin Leader","floor":23,"turns":4},{"damage":10,"enemies":"Centurion and Healer","floor":24,"turns":3},{"damage":7,"enemies":"Book of Stabbing","floor":31,"turns":4},{"damage":27,"enemies":"Champ","floor":33,"turns":8},{"damage":11,"enemies":"3 Darklings","floor":35,"turns":4},{"damage":25,"enemies":"Orb Walker","floor":36,"turns":4},{"damage":12,"enemies":"Reptomancer","floor":41,"turns":3},{"damage":10,"enemies":"Writhing Mass","floor":42,"turns":4},{"damage":0,"enemies":"Sphere and 2 Shapes","floor":45,"turns":3},{"damage":12,"enemies":"Nemesis","floor":47,"turns":3},{"damage":32,"enemies":"Maw","floor":48,"turns":6},{"damage":38,"enemies":"Time Eater","floor":50,"turns":3}],"seed_played":"-2460935825046873988","potions_obtained":[{"floor":1,"key":"Ancient Potion"},{"floor":3,"key":"Weak Potion"},{"floor":4,"key":"hexamod:EctoCoolerPotion"},{"floor":18,"key":"hexamod:EctoCoolerPotion"},{"floor":24,"key":"SpeedPotion"},{"floor":36,"key":"DistilledChaos"},{"floor":45,"key":"ColorlessPotion"},{"floor":47,"key":"Fire Potion"},{"floor":48,"key":"BottledMiracle"}],"is_trial":false,"path_per_floor":["M","$","M","M","?","R","E","R","T","R","E","?","R","M","R","B",null,"M","M","?","?","?","E","M","$","T","?","R","T","R","E","R","B",null,"M","M","?","$","?","R","E","M","T","R","M","R","E","M","R","B"],"character_chosen":"WATCHER","items_purchased":["Meditate","TalkToTheHand","Ice Cream","Lantern","CeramicFish"],"campfire_rested":1,"item_purchase_floors":[2,2,25,38,38],"current_hp_per_floor":[76,76,60,53,50,50,37,37,37,37,37,37,37,36,36,36,79,79,71,71,71,56,45,37,37,37,37,37,37,37,32,32,12,84,73,50,50,50,50,50,45,37,37,37,39,39,34,4,29,0,0],"gold":142,"neow_bonus":"TEN_PERCENT_HP_BONUS","is_daily":false,"chose_seed":false,"campfire_upgraded":10,"win_rate":0.0,"timestamp":1613475991,"path_taken":["M","?","M","M","?","R","E","R","T","R","E","?","R","M","R","BOSS","M","M","?","?","?","E","M","$","T","?","R","?","R","E","R","BOSS","M","M","?","$","?","R","E","M","T","R","M","R","E","M","R","BOSS"],"items_purchased_type":["Card","Card","Relic","Relic","Relic"],"build_version":"2020-12-13","purchased_purges":0,"victory":false,"max_hp_per_floor":[79,79,79,79,79,79,79,79,79,79,79,79,79,79,79,79,79,79,79,79,79,84,84,84,84,84,84,84,84,84,84,84,84,84,84,84,84,84,84,84,84,84,84,84,84,84,84,84,84,84,84],"card_choices":[{"not_picked":["Perseverance","EmptyMind"],"picked":"Collect","floor":1},{"not_picked":["Sanctity","Collect"],"picked":"WheelKick","floor":3},{"not_picked":["Prostrate","ClearTheMind"],"picked":"Consecrate","floor":4},{"not_picked":["ThirdEye","FlurryOfBlows"],"picked":"Tantrum","floor":7},{"not_picked":["Sanctity","PathToVictory"],"picked":"Vengeance","floor":11},{"not_picked":["ThirdEye","PathToVictory"],"picked":"CrushJoints","floor":14},{"not_picked":["MasterReality","Brilliance"],"picked":"Judgement","floor":16},{"not_picked":["Crescendo+1","SignatureMove"],"picked":"BowlingBash","floor":18},{"not_picked":["Tantrum+1","FollowUp"],"picked":"TalkToTheHand","floor":19},{"not_picked":["Evaluate","CarveReality"],"picked":"Conclude","floor":23},{"not_picked":["CrushJoints","Vengeance"],"picked":"SashWhip","floor":24},{"not_picked":["ThirdEye","SignatureMove+1"],"picked":"FlurryOfBlows","floor":31},{"not_picked":["Omniscience","ConjureBlade"],"picked":"DevaForm","floor":33},{"not_picked":["BattleHymn","FollowUp+1"],"picked":"Fasting2","floor":35},{"not_picked":["Adaptation","JustLucky"],"picked":"BowlingBash+1","floor":36},{"not_picked":["Bandage Up","Sadistic Nature"],"picked":"Trip","floor":37},{"not_picked":["FlurryOfBlows","FollowUp+1"],"picked":"FlyingSleeves+1","floor":41},{"not_picked":["FlurryOfBlows+1","Nirvana"],"picked":"Wallop","floor":42},{"not_picked":["Consecrate","BowlingBash+1"],"picked":"FlurryOfBlows+1","floor":45},{"not_picked":["BowlingBash","Perseverance"],"picked":"Protect","floor":47},{"not_picked":["FlurryOfBlows+1","Crescendo+1","Judgement"],"picked":"SKIP","floor":48}],"player_experience":255540,"relics_obtained":[{"floor":7,"key":"Bag of Preparation"},{"floor":9,"key":"Juzu Bracelet"},{"floor":11,"key":"Potion Belt"},{"floor":23,"key":"Pen Nib"},{"floor":23,"key":"Blood Vial"},{"floor":29,"key":"HornCleat"},{"floor":31,"key":"Toy Ornithopter"},{"floor":31,"key":"Vajra"},{"floor":41,"key":"Ancient Tea Set"},{"floor":41,"key":"MealTicket"},{"floor":43,"key":"Letter Opener"},{"floor":47,"key":"Whetstone"},{"floor":47,"key":"Bottled Flame"}],"event_choices":[{"damage_healed":0,"gold_gain":0,"player_choice":"Success","damage_taken":3,"relics_obtained":["PreservedInsect"],"max_hp_gain":0,"max_hp_loss":0,"event_name":"Scrap Ooze","floor":5,"gold_loss":0},{"damage_healed":0,"gold_gain":30,"player_choice":"Searched \u00272\u0027 times","damage_taken":0,"max_hp_gain":0,"max_hp_loss":0,"event_name":"Dead Adventurer","floor":12,"gold_loss":0},{"damage_healed":0,"gold_gain":0,"player_choice":"Ignored","damage_taken":0,"max_hp_gain":0,"max_hp_loss":0,"event_name":"Cursed Tome","floor":20,"gold_loss":0},{"damage_healed":0,"gold_gain":0,"player_choice":"Shed Blood","damage_taken":20,"max_hp_gain":5,"max_hp_loss":0,"event_name":"Forgotten Altar","floor":22,"gold_loss":0},{"damage_healed":0,"gold_gain":99,"player_choice":"Stole From Cult","damage_taken":0,"max_hp_gain":0,"max_hp_loss":0,"event_name":"Nest","floor":27,"gold_loss":0},{"damage_healed":0,"gold_gain":0,"player_choice":"Memory 1","damage_taken":0,"max_hp_gain":0,"max_hp_loss":0,"event_name":"SensoryStone","floor":37,"gold_loss":0},{"cards_removed":["Strike_P"],"damage_healed":0,"gold_gain":0,"player_choice":"Card Removal","damage_taken":0,"max_hp_gain":0,"max_hp_loss":0,"event_name":"Wheel of Change","floor":39,"gold_loss":0}],"is_beta":false,"boss_relics":[{"not_picked":["Coffee Dripper","HolyWater"],"picked":"Black Star"},{"not_picked":["Astrolabe","Empty Cage"],"picked":"SacredBark"}],"items_purged_floors":[],"is_endless":false,"potions_floor_spawned":[1,3,4,18,24,36,45,47,48],"killed_by":"Time Eater","ascension_level":0}}