{"host":"r6lqs70fdfl5jnjl","time":1613479489,"event":{"mods":["Act Like it!","BaseMod","Gensokyo","Marisa£®ÏF”Í°°ƒß¿Ì…≥£©","Minty Spire (QoL Compilation)","StSLib","Yakumo Yukari mod"],"gold_per_floor":[130,80,80,92,105,138,138,169,244,18,18,32,52,63,63,161,161,175,208,157,157,57,57,72,106,106,118,132,132,132,132,132,232,232,247,259,259,80,80,80,31,253,253,268,278,278,278],"floor_reached":46,"language":"ZHS","playtime":2337,"items_purged":["Pain","Defend_purpleEX","Wraith"],"score":448,"play_id":"1e1d3121-dacb-4857-9cba-bc198dde1313","local_time":"20210216204449","is_ascension_mode":false,"campfire_choices":[{"data":"WangLiang_LineAndCurveDreams_purple","floor":7.0,"key":"SMITH"},{"floor":11.0,"key":"REST"},{"floor":15.0,"key":"REST"},{"data":"ContainerChange_purple","floor":23.0,"key":"SMITH"},{"data":"EighthInstrument_OneDividesIntoTwo_purple","floor":29.0,"key":"SMITH"},{"floor":32.0,"key":"REST"},{"floor":40.0,"key":"REST"}],"circlet_count":0,"master_deck":["AT_purpleEX","Defend_purpleEX","Observe_purple_1","Observe_purple_2","DimensionStaggered_purple","WangLiang_LineAndCurveDreams_purple+1","StateErode_purple","Fantasy_PerpetualMotionMachine_purple","WasteWire_Metro_purple","WorldDissolvedintheRealm_purple","Line_surface_state_purple","Anti_communist_purple","ContainerChange_purple+1","StateErode_purple","OmniscientAndOmnipotent_Monster_purple","EighthInstrument_OneDividesIntoTwo_purple+1","Shame","ProofOfUnderstanding_purple","DimensionStaggered_purple+1","StretchesForeverDream_purple","Charmbait_purple","Flash of Steel"],"relics":["Boundary_crack","Memoryfragments_purpleEX","WarpedTongs","StoneCalendar","Bronze Scales","Bottled Tornado","Empty Cage","Red Mask","Kunai","PreservedInsect","ThegodofHakurei_purpleEX","SlaversCollar","HornCleat"],"acts_visited":["Exordium","TheCity","TheBeyond"],"potions_floor_usage":[46,46,46],"damage_taken":[{"damage":0.0,"enemies":"Cultist","floor":1.0,"turns":3.0},{"damage":4.0,"enemies":"Small Slimes","floor":4.0,"turns":5.0},{"damage":3.0,"enemies":"2 Louse","floor":5.0,"turns":4.0},{"damage":31.0,"enemies":"3 Sentries","floor":6.0,"turns":10.0},{"damage":22.0,"enemies":"Lagavulin","floor":8.0,"turns":7.0},{"damage":11.0,"enemies":"Red Slaver","floor":12.0,"turns":2.0},{"damage":1.0,"enemies":"3 Louse","floor":13.0,"turns":2.0},{"damage":2.0,"enemies":"Blue Slaver","floor":14.0,"turns":2.0},{"damage":24.0,"enemies":"Slime Boss","floor":16.0,"turns":6.0},{"damage":6.0,"enemies":"Chosen","floor":18.0,"turns":4.0},{"damage":26.0,"enemies":"Masked Bandits","floor":19.0,"turns":3.0},{"damage":16.0,"enemies":"2 Thieves","floor":24.0,"turns":3.0},{"damage":12.0,"enemies":"Book of Stabbing","floor":25.0,"turns":5.0},{"damage":1.0,"enemies":"Snecko","floor":27.0,"turns":4.0},{"damage":0.0,"enemies":"3 Cultists","floor":28.0,"turns":4.0},{"damage":37.0,"enemies":"Collector","floor":33.0,"turns":6.0},{"damage":43.0,"enemies":"3 Darklings","floor":35.0,"turns":3.0},{"damage":12.0,"enemies":"Orb Walker","floor":36.0,"turns":3.0},{"damage":0.0,"enemies":"Sphere and 2 Shapes","floor":44.0,"turns":3.0},{"damage":7.0,"enemies":"4 Shapes","floor":45.0,"turns":4.0},{"damage":39,"enemies":"Nemesis","floor":46,"turns":2}],"seed_played":"354269531628277888","potions_obtained":[{"floor":4.0,"key":"GamblersBrew"},{"floor":8.0,"key":"Regen Potion"},{"floor":13.0,"key":"Dexterity Potion"},{"floor":16.0,"key":"RealmPotion"},{"floor":33.0,"key":"SpeedPotion"},{"floor":36.0,"key":"Fire Potion"},{"floor":45.0,"key":"FearPotion"}],"is_trial":false,"path_per_floor":["M","?","?","M","M","E","R","E","T","$","R","M","M","M","R","B",null,"M","?","$","?","$","R","M","E","T","M","M","R","?","?","R","B",null,"M","M","?","$","?","R","$","?","T","M","M","E"],"character_chosen":"Youkari","items_purchased":["WasteWire_Metro_purple","WorldDissolvedintheRealm_purple","StateErode_purple","Charmbait_purple","Block Potion"],"campfire_rested":4,"item_purchase_floors":[10,10,20,38,41],"current_hp_per_floor":[63,63,63,63,62,36,36,19,19,19,37,26,25,24,42,20,63,60,34,34,34,34,34,21,12,12,12,15,15,15,15,33,15,63,20,9,9,9,9,27,27,27,27,32,28,0,0],"gold":278,"neow_bonus":"REMOVE_TWO","is_daily":false,"chose_seed":false,"campfire_upgraded":3,"win_rate":0.0,"timestamp":1613479489,"path_taken":["M","?","?","M","M","E","R","E","T","$","R","?","M","M","R","BOSS","M","?","$","?","$","R","M","E","T","?","M","R","?","?","R","BOSS","M","M","?","$","?","R","$","?","T","M","M","E"],"items_purchased_type":["Card","Card","Card","Card","Potion"],"build_version":"2020-12-22","purchased_purges":3,"victory":false,"max_hp_per_floor":[63,63,63,63,63,63,63,63,63,63,63,63,63,63,63,63,63,63,63,63,63,63,63,63,63,63,63,63,63,63,63,63,63,63,63,63,63,63,63,63,63,63,63,63,63,63,63],"card_choices":[{"not_picked":["Charmbait_purple","Line_surface_state_purple"],"picked":"DimensionStaggered_purple","floor":1.0},{"not_picked":["Charmbait_purple","Shallow_ocean_purpleEX"],"picked":"WangLiang_LineAndCurveDreams_purple","floor":4.0},{"not_picked":["Worldmountain_purple","Umbrella_purple"],"picked":"StateErode_purple","floor":5.0},{"not_picked":["AdvanceAttack_purple","RuptureOfTimeAndSpace_purple"],"picked":"Fantasy_PerpetualMotionMachine_purple","floor":6.0},{"not_picked":["RealityDreamConfluencek_purple","Worldmountain_purple"],"picked":"RuptureOfTimeAndSpace_purple","floor":8.0},{"not_picked":["Shallow_ocean_purpleEX","Realm_recovery_purpleEX","RealityDreamConfluencek_purple"],"picked":"SKIP","floor":12.0},{"not_picked":["StateDuplicate_purple","Mirror_FourBoundary_purple"],"picked":"Line_surface_state_purple","floor":13.0},{"not_picked":["DarkRealmRedLine_purple","ExistenceContinue_purple"],"picked":"Anti_communist_purple","floor":14.0},{"not_picked":["Fancifulhole_purple","Computing_the_future_purpleEX"],"picked":"ContainerChange_purple","floor":16.0},{"not_picked":["RuleDissolution_purple","WatchEChange_purple","Mirror_FourBoundary_purple"],"picked":"SKIP","floor":18.0},{"not_picked":["Realm_recovery_purpleEX","MNeedle_purple+1","Worldmountain_purple"],"picked":"SKIP","floor":24.0},{"not_picked":["Boundary_LightAndDark_purple","RuleDissolution_purple","Mirror_Drifter_purple"],"picked":"SKIP","floor":25.0},{"not_picked":["DimensionStaggered_purple","UniverseChoice_purple"],"picked":"OmniscientAndOmnipotent_Monster_purple","floor":27.0},{"not_picked":["Mirror_WaveAndshot_purple","DimensionStaggered_purple"],"picked":"EighthInstrument_OneDividesIntoTwo_purple","floor":28.0},{"not_picked":["MagicEyes_LaplaceDemon_purple","WangLiang_LineAndCurveDreams_purple"],"picked":"ProofOfUnderstanding_purple","floor":33.0},{"not_picked":["ExistenceContinue_purple+1","Mirror_FormAndEmptin_purple+1"],"picked":"DimensionStaggered_purple+1","floor":35.0},{"not_picked":["StateDuplicate_purple+1","RuleDissolution_purple+1"],"picked":"StretchesForeverDream_purple","floor":36.0},{"not_picked":["Enlightenment","Discovery"],"picked":"Flash of Steel","floor":39.0},{"not_picked":["WingOfChimera_purple","RuptureOfTimeAndSpace_purple","DimensionStaggered_purple"],"picked":"SKIP","floor":44.0},{"not_picked":["StretchesForeverDream_purple+1","Boundary_LightAndDark_purple+1","Mirror_WaveAndshot_purple+1"],"picked":"SKIP","floor":45.0}],"player_experience":62207,"relics_obtained":[{"floor":6.0,"key":"StoneCalendar"},{"floor":8.0,"key":"Bronze Scales"},{"floor":9.0,"key":"Bottled Tornado"},{"floor":19.0,"key":"Red Mask"},{"floor":25.0,"key":"Kunai"},{"floor":26.0,"key":"PreservedInsect"},{"floor":43.0,"key":"HornCleat"}],"event_choices":[{"cards_removed":["Defend_purpleEX"],"damage_healed":0.0,"max_hp_gain":0.0,"max_hp_loss":0.0,"gold_gain":0.0,"event_name":"The Cleric","player_choice":"Card Removal","floor":2.0,"gold_loss":50.0,"damage_taken":0.0},{"damage_healed":0.0,"max_hp_gain":0.0,"max_hp_loss":0.0,"gold_gain":0.0,"event_name":"Accursed Blacksmith","player_choice":"Rummage","floor":3.0,"gold_loss":0.0,"damage_taken":0.0,"relics_obtained":["WarpedTongs"],"cards_obtained":["Pain"]},{"damage_healed":0.0,"max_hp_gain":0.0,"max_hp_loss":0.0,"gold_gain":0.0,"event_name":"Masked Bandits","player_choice":"Fought Bandits","floor":19.0,"gold_loss":0.0,"damage_taken":0.0},{"cards_removed":["AT_purpleEX"],"damage_healed":0.0,"max_hp_gain":0.0,"max_hp_loss":0.0,"gold_gain":0.0,"event_name":"Wheel of Change","player_choice":"Card Removal","floor":21.0,"gold_loss":0.0,"damage_taken":0.0},{"damage_healed":0.0,"max_hp_gain":0.0,"max_hp_loss":0.0,"gold_gain":0.0,"event_name":"Addict","player_choice":"Stole Relic","floor":30.0,"gold_loss":0.0,"damage_taken":0.0,"relics_obtained":["ThegodofHakurei_purpleEX"],"cards_obtained":["Shame"]},{"damage_healed":0.0,"max_hp_gain":0.0,"max_hp_loss":0.0,"gold_gain":0.0,"event_name":"Vampires","player_choice":"Ignored","floor":31.0,"gold_loss":0.0,"damage_taken":0.0},{"damage_healed":0.0,"max_hp_gain":0.0,"max_hp_loss":0.0,"gold_gain":0.0,"event_name":"OrinTheCat","player_choice":"Ignored","floor":37.0,"gold_loss":0.0,"damage_taken":0.0},{"damage_healed":0.0,"max_hp_gain":0.0,"max_hp_loss":0.0,"gold_gain":0.0,"event_name":"SensoryStone","player_choice":"Memory 1","floor":39.0,"gold_loss":0.0,"damage_taken":0.0},{"damage_healed":0.0,"max_hp_gain":0.0,"max_hp_loss":0.0,"gold_gain":222.0,"event_name":"Tomb of Lord Red Mask","player_choice":"Wore Mask","floor":42.0,"gold_loss":0.0,"damage_taken":0.0}],"is_beta":false,"boss_relics":[{"not_picked":["Ectoplasm","Seventeenyearold_girl_Forever"],"picked":"Empty Cage"},{"not_picked":["Cursed Key","Snecko Eye"],"picked":"SlaversCollar"}],"items_purged_floors":[10,22,38],"is_endless":false,"potions_floor_spawned":[4,8,13,16,24,25,28,33,36,45],"killed_by":"Nemesis","ascension_level":0}}