{"host":"gsu59bb6ixcbb7gk","time":1613499509,"event":{"mods":["BaseMod","Colored Powertips","Downfall","Googly Eyes","Infinite Spire","Minty Spire (QoL Compilation)","Replay The Spire","StSLib"],"gold_per_floor":[112,123,1,1,1,34,52,52,52,87,87,117,129,148,148,247,247,257,283,283,45,45,45,70,44,96,96,96,96],"floor_reached":28,"language":"ENG","playtime":1594,"items_purged":["Strike_G"],"score":265,"play_id":"a784595b-c0bd-4c01-ba5c-2fadd2339416","local_time":"20210216131829","is_ascension_mode":true,"campfire_choices":[{"floor":8.0,"key":"REST"},{"floor":11.0,"key":"REST"},{"data":"Noxious Fumes","floor":15.0,"key":"SMITH"},{"data":"Replay:Poison Smokescreen","floor":23.0,"key":"SMITH"}],"circlet_count":0,"master_deck":["Strike_G","Strike_G","Strike_G","Strike_G+1","Defend_G","Defend_G","Defend_G","Defend_G","Defend_G+1","Survivor","Neutralize","Flash of Steel","Toxin Wave","Poisoned Stab","Noxious Fumes+1","Noxious Fumes","Prepared+1","Crippling Poison","Replay:Poison Smokescreen+1","Deadly Poison"],"relics":["Guardian:ModeShifter","infinitespire:Cubic Diamond","Shuriken","Darkstone Periapt","Boot","infinitespire:EmpoweringShard","Ring of Chaos","Red Mask","Juzu Bracelet","StoneCalendar","Simple Rune"],"acts_visited":["Exordium","TheCity"],"potions_floor_usage":[28],"damage_taken":[{"damage":0.0,"enemies":"2 Louse","floor":1.0,"turns":2.0},{"damage":1.0,"enemies":"Cultist","floor":2.0,"turns":3.0},{"damage":45.0,"enemies":"Gremlin Nob","floor":6.0,"turns":5.0},{"damage":11.0,"enemies":"infinitespire:Voidling","floor":7.0,"turns":4.0},{"damage":12.0,"enemies":"Replay:BlueRogue","floor":10.0,"turns":5.0},{"damage":14.0,"enemies":"Gremlin Nob","floor":12.0,"turns":4.0},{"damage":2.0,"enemies":"Blue Slaver","floor":13.0,"turns":3.0},{"damage":6.0,"enemies":"Looter","floor":14.0,"turns":4.0},{"damage":14.0,"enemies":"Fading Forest","floor":16.0,"turns":11.0},{"damage":19.0,"enemies":"Chosen","floor":18.0,"turns":5.0},{"damage":24.0,"enemies":"Masked Bandits","floor":19.0,"turns":4.0},{"damage":29.0,"enemies":"Replay:Snechameleon","floor":24.0,"turns":7.0},{"damage":57,"enemies":"Gremlin Leader","floor":28,"turns":6}],"seed_played":"-9010717134731314972","potions_obtained":[{"floor":1.0,"key":"Adrenaline Potion"},{"floor":7.0,"key":"LiquidBronze"},{"floor":10.0,"key":"Flashbang"},{"floor":12.0,"key":"FearPotion"},{"floor":24.0,"key":"Ancient Potion"}],"is_trial":false,"path_per_floor":["M","M","$","?","$","E","M","R","T","E","R","E","M","M","R","B",null,"M","?","?","$","?","R","E","$","T","?","E"],"character_chosen":"THE_SILENT","items_purchased":["Poisoned Stab","Replay:Poison Smokescreen","Juzu Bracelet","Deadly Poison"],"campfire_rested":2,"item_purchase_floors":[3,21,21,25],"current_hp_per_floor":[70,69,69,69,69,24,20,41,41,29,50,36,34,28,28,36,70,51,27,80,80,80,80,51,51,51,51,0,0],"gold":96,"neow_bonus":"RANDOM_COLORLESS","is_daily":false,"chose_seed":false,"campfire_upgraded":2,"win_rate":0.0,"timestamp":1613499509,"path_taken":["M","M","$","?","$","E","M","R","T","E","R","E","M","M","R","BOSS","M","?","?","$","?","R","E","?","T","?","E"],"items_purchased_type":["Card","Card","Relic","Card"],"build_version":"2020-12-22","purchased_purges":1,"victory":false,"max_hp_per_floor":[70,70,70,70,70,70,70,70,70,70,70,70,70,70,70,70,70,70,70,80,80,80,80,80,80,80,80,80,80],"card_choices":[{"not_picked":["PanicButton","Finesse"],"picked":"Flash of Steel","floor":0.0},{"not_picked":["Dodge and Roll","Blur","PiercingWail"],"picked":"SKIP","floor":1.0},{"not_picked":["Underhanded Strike","PiercingWail"],"picked":"Toxin Wave","floor":2.0},{"not_picked":["Caltrops","Eviscerate","Dagger Spray"],"picked":"SKIP","floor":6.0},{"not_picked":["PiercingWail","Dagger Throw"],"picked":"Noxious Fumes","floor":7.0},{"not_picked":["Phantasmal Killer","Sucker Punch","Quick Slash"],"picked":"SKIP","floor":10.0},{"not_picked":["Blur","Outmaneuver"],"picked":"Noxious Fumes","floor":12.0},{"not_picked":["Dash","PiercingWail","Underhanded Strike"],"picked":"SKIP","floor":13.0},{"not_picked":["Flechettes","Concentrate","Quick Slash"],"picked":"SKIP","floor":14.0},{"not_picked":["Grand Finale","Atom Bomb"],"picked":"A Thousand Cuts","floor":16.0},{"not_picked":["Riddle With Holes+1","PiercingWail"],"picked":"Prepared+1","floor":18.0},{"not_picked":["Hidden Blade","Slice"],"picked":"Crippling Poison","floor":19.0},{"not_picked":["Deflect","Leg Sweep","Underhanded Strike"],"picked":"SKIP","floor":24.0}],"player_experience":256137,"relics_obtained":[{"floor":6.0,"key":"Shuriken"},{"floor":9.0,"key":"Darkstone Periapt"},{"floor":10.0,"key":"Boot"},{"floor":12.0,"key":"infinitespire:EmpoweringShard"},{"floor":19.0,"key":"Red Mask"},{"floor":24.0,"key":"StoneCalendar"},{"floor":26.0,"key":"Simple Rune"}],"event_choices":[{"damage_healed":0.0,"max_hp_gain":0.0,"max_hp_loss":0.0,"gold_gain":0.0,"event_name":"Masked Bandits","player_choice":"Fought Bandits","floor":19.0,"gold_loss":0.0,"damage_taken":0.0},{"cards_removed":["A Thousand Cuts"],"damage_healed":43.0,"max_hp_gain":10.0,"max_hp_loss":0.0,"gold_gain":0.0,"event_name":"Bonfire Elementals","player_choice":"Offered Rare","floor":20.0,"gold_loss":0.0,"damage_taken":0.0},{"damage_healed":0.0,"max_hp_gain":0.0,"max_hp_loss":0.0,"gold_gain":0.0,"event_name":"WeMeetAgain","player_choice":"Ignored","floor":22.0,"gold_loss":0.0,"damage_taken":0.0},{"damage_healed":0.0,"max_hp_gain":0.0,"max_hp_loss":0.0,"gold_gain":0.0,"event_name":"Cursed Tome","player_choice":"Ignored","floor":27.0,"gold_loss":0.0,"damage_taken":0.0}],"is_beta":false,"boss_relics":[{"not_picked":["HoveringKite","Runic Dome"],"picked":"Ring of Chaos"}],"items_purged_floors":[3],"is_endless":false,"potions_floor_spawned":[1,7,10,12,24],"killed_by":"Gremlin Leader","ascension_level":1}}