{"host":"q3x1k8l2xtai49tq","time":1613465032,"event":{"mods":["AchievementEnabler","BaseMod","Block Reminder","Colored Map","Colored Powertips","DeckTracker","Highlight Path","Minty Spire (QoL Compilation)","Permanent Neow","Quick Restart","Rare Cards Sparkle","Relic Sorter","Relic Stats","Replay The Spire","StSLib","The Cursed"],"gold_per_floor":[117,117,2,2,77,77,100,118,118,22,46,64,84,109,109,240,240,253,271,271,292,292,330,349,349,349],"floor_reached":25,"language":"ENG","playtime":2191,"items_purged":[],"score":217,"play_id":"6b387aa9-ae9d-4502-8742-8f271d71beb6","local_time":"20210216084352","is_ascension_mode":false,"campfire_choices":[{"floor":6.0,"key":"REST"},{"floor":15,"key":"REST"}],"circlet_count":0,"master_deck":["Strike_R","Strike_R","Strike_R","Strike_R","Defend_R","Defend_R","Defend_R","Defend_R","Bash+1","Shrug It Off","Injury","Shockwave","Rampage+1","Armaments","Flex","Panacea","Flex","Seeing Red","Demon Form","Shrug It Off","Double Tap","Cleave+1","Shrug It Off+1","Twin Strike"],"relics":["Burning Blood","Golden Idol","Torii","Cursed Key","ReplayTheSpireMod:Ring of Addiction","Potion Belt","White Beast Statue","ReplayTheSpireMod:Ring of Exchange","Regal Pillow"],"acts_visited":["TheCity"],"potions_floor_usage":[16,16,21,21,23],"damage_taken":[{"damage":0.0,"enemies":"2 Louse","floor":1.0,"turns":4.0},{"damage":17,"enemies":"Small Slimes","floor":7,"turns":5},{"damage":1,"enemies":"Cultist","floor":8,"turns":3},{"damage":28,"enemies":"Exordium Thugs","floor":11,"turns":7},{"damage":14,"enemies":"Large Slime","floor":12,"turns":6},{"damage":2,"enemies":"3 Louse","floor":13,"turns":3},{"damage":7,"enemies":"Lots of Slimes","floor":14,"turns":5},{"damage":65,"enemies":"The Guardian","floor":16,"turns":10},{"damage":21,"enemies":"Shell Parasite","floor":18,"turns":5},{"damage":1,"enemies":"Chosen","floor":19,"turns":4},{"damage":17,"enemies":"Shelled Parasite and Fungi","floor":21,"turns":6},{"damage":51,"enemies":"Slavers","floor":23,"turns":7},{"damage":3,"enemies":"Snecko","floor":24,"turns":6},{"damage":22,"enemies":"Snake Plant","floor":25,"turns":3}],"seed_played":"9093225779841153656","potions_obtained":[{"floor":7,"key":"Weak Potion"},{"floor":11,"key":"ColorlessPotion"},{"floor":12,"key":"Weak Potion"},{"floor":18,"key":"SteroidPotion"},{"floor":20,"key":"Fruit Juice"},{"floor":20,"key":"DistilledChaos"},{"floor":20,"key":"FearPotion"},{"floor":21,"key":"BlessingOfTheForge"},{"floor":23,"key":"PowerPotion"},{"floor":24,"key":"SkillPotion"}],"is_trial":false,"path_per_floor":["M","?","$","?","?","R","M","M","T","$","M","M","M","M","R","B",null,"M","M","?","M","?","E","M","M"],"character_chosen":"IRONCLAD","items_purchased":["Shockwave","Rampage","Panacea"],"campfire_rested":2,"item_purchase_floors":[3,3,10],"current_hp_per_floor":[80,80,80,64,53,77,66,71,71,71,49,41,45,44,68,9,80,65,70,70,64,64,19,22,0,0],"gold":349,"neow_bonus":"","is_daily":false,"chose_seed":false,"campfire_upgraded":0,"win_rate":0.0,"timestamp":1613465032,"path_taken":["M","?","$","?","?","R","M","M","T","$","M","M","M","M","R","BOSS","M","M","?","M","?","E","M","?"],"items_purchased_type":["Card","Card","Card"],"build_version":"2020-12-22","purchased_purges":0,"victory":false,"max_hp_per_floor":[80,80,80,80,80,80,80,80,80,80,80,80,80,80,80,80,80,80,80,80,85,85,85,85,85,85],"relic_stats":{"Regal Pillow":0,"Torii":52,"counters":[13,70],"Golden Idol":76,"Cursed Key":0,"obtain_stats":[{"Potion Belt":20,"ReplayTheSpireMod:Ring of Exchange":20,"Regal Pillow":23,"Torii":9,"Golden Idol":0,"ReplayTheSpireMod:Ring of Addiction":20,"Cursed Key":17,"Burning Blood":0,"White Beast Statue":20},{"Potion Belt":9,"ReplayTheSpireMod:Ring of Exchange":9,"Regal Pillow":11,"Torii":2,"Golden Idol":0,"ReplayTheSpireMod:Ring of Addiction":9,"Cursed Key":7,"Burning Blood":0,"White Beast Statue":9},{"Potion Belt":48,"ReplayTheSpireMod:Ring of Exchange":48,"Regal Pillow":61,"Torii":8,"Golden Idol":0,"ReplayTheSpireMod:Ring of Addiction":48,"Cursed Key":39,"Burning Blood":0,"White Beast Statue":48}],"Burning Blood":72},"card_choices":[{"not_picked":["Thunderclap","Perfected Strike"],"picked":"Shrug It Off","floor":1.0},{"not_picked":["Pummel","Anger"],"picked":"Armaments","floor":7},{"not_picked":["Cleave","Burning Pact"],"picked":"Flex","floor":8},{"not_picked":["Run Through","ReplayTheSpireMod:Strike From Hell"],"picked":"Flex","floor":11},{"not_picked":["Shrug It Off","ReplayTheSpireMod:Corrosion Curse"],"picked":"Seeing Red","floor":12},{"not_picked":["ReplayTheSpireMod:Limb From Limb","Cleave"],"picked":"Demon Form","floor":13},{"not_picked":["ReplayTheSpireMod:Strike From Hell","Intimidate"],"picked":"Shrug It Off","floor":14},{"not_picked":["Impervious","Reaper"],"picked":"Double Tap","floor":16},{"not_picked":["Abandon","Sword Boomerang"],"picked":"Cleave+1","floor":18},{"not_picked":["Clash","Clothesline+1"],"picked":"Shrug It Off+1","floor":19},{"not_picked":["Thunderclap","Replay:Undeath\u0027s Touch","Defy Death+1"],"picked":"SKIP","floor":21},{"not_picked":["Abandon","Headbutt"],"picked":"Twin Strike","floor":23},{"not_picked":["Shrug It Off","Run Through","Sword Boomerang"],"picked":"SKIP","floor":24}],"player_experience":0,"relics_obtained":[{"floor":9,"key":"Torii"},{"floor":20,"key":"ReplayTheSpireMod:Ring of Addiction"},{"floor":20,"key":"Potion Belt"},{"floor":20,"key":"White Beast Statue"},{"floor":20,"key":"ReplayTheSpireMod:Ring of Exchange"},{"floor":23,"key":"Regal Pillow"}],"event_choices":[{"damage_healed":0.0,"max_hp_gain":0.0,"max_hp_loss":0.0,"gold_gain":0.0,"event_name":"Golden Idol","player_choice":"Take Wound","floor":2.0,"gold_loss":0.0,"damage_taken":0.0,"relics_obtained":["Golden Idol"],"cards_obtained":["Injury"]},{"damage_healed":0.0,"max_hp_gain":0.0,"max_hp_loss":0.0,"gold_gain":0.0,"event_name":"Shining Light","player_choice":"Entered Light","floor":4.0,"gold_loss":0.0,"damage_taken":16.0,"cards_upgraded":["Rampage","Bash"]},{"damage_healed":0.0,"max_hp_gain":0.0,"max_hp_loss":0.0,"gold_gain":75.0,"event_name":"World of Goop","player_choice":"Gather Gold","floor":5.0,"gold_loss":0.0,"damage_taken":11.0},{"cards_removed":["Strike_R"],"damage_healed":0,"gold_gain":0,"player_choice":"Offered Basic","damage_taken":0,"max_hp_gain":0,"max_hp_loss":0,"event_name":"Bonfire Elementals","floor":22,"gold_loss":0}],"is_beta":false,"boss_relics":[{"not_picked":["Calling Bell","Tiny House"],"picked":"Cursed Key"}],"items_purged_floors":[],"is_endless":false,"potions_floor_spawned":[7,11,12,14,18,21,23,24],"killed_by":"Snake Plant","ascension_level":0}}