{"host":"clf2hd4adhiiw0zf","time":1613458771,"event":{"mods":["AchievementEnabler","BaseMod","Beaked The Cultist","Bestiary","Dark Map","Downfall","Gremlin Mod","Hermit","Jorbs\u0027s Wanderer Trilogy","Marisa????????","Minty Spire (QoL Compilation)","Shop Mod","StSLib","The Cursed","Wide Potions"],"gold_per_floor":[99,110,121,121,136,156,156,191,210,235,35,99,99,140,167,250,259,159,193,15,15,24,24,24,52,88,88,112,97,106,131,151,232,232,232,242,255,255,255,283,333,141,168,181,190,190,190,209,233,233,233,270,5,5,5,5,5,5],"floor_reached":56,"language":"ENG","playtime":2503,"items_purged":["Pride"],"score":1473,"play_id":"c116b5ae-0921-4268-aa04-1e0798548a65","local_time":"20210215235931","is_ascension_mode":true,"campfire_choices":[{"data":"champ:Execute","floor":1.0,"key":"SMITH"},{"floor":11.0,"key":"RECALL"},{"floor":13.0,"key":"REST"},{"data":"champ:SteelEdge","floor":18.0,"key":"SMITH"},{"data":"champ:PerfectedStrike","floor":27.0,"key":"SMITH"},{"data":"champ:PerfectedStrike","floor":35.0,"key":"SMITH"},{"floor":47.0,"key":"REST"},{"floor":54.0,"key":"REST"}],"circlet_count":0,"master_deck":["AscendersBane","champ:Strike","champ:Strike","champ:Strike","champ:Strike+1","champ:Defend+1","champ:Defend","champ:Defend","champ:Defend","champ:Execute+1","champ:TornadoPunch","champ:Duel+1","champ:DeathBlow+1","champ:Backstep","champ:EnchantShield","champ:BringItOn","champ:SteelEdge+1","champ:Parry","champ:Devastate","CurseOfTheBell","champ:ArenaPreparation","champ:MurderStrike","champ:BladeFlurry+1","champ:ShieldSigil+1","champ:PerfectedStrike+1","champ:BerserkersShout+1","champ:PerfectedStrike+1","champ:HoldFirm+1","Writhe","champ:ShieldWall","champ:PerfectedStrike+1","champ:EnchantCrown+1","champ:GladiatorStyle","champ:LastStand","champ:HoldFirm+1"],"relics":["Snecko Eye","Ornamental Fan","Potion Belt","downfall:HeartBlessingGreen","downfall:HeartBlessingBlue","CeramicFish","Mercury Hourglass","Calling Bell","Bag of Marbles","beaked:ShinyBauble","Prayer Wheel","downfall:HeartBlessingRed","Vajra","Nilry\u0027s Codex","Toxic Egg 2","StoneCalendar","Guardian:PocketSentry","bronze:MakeshiftBattery","Whetstone","Happy Flower","Ginger","champ:DefensiveTrainingManual","Unceasing Top"],"acts_visited":["Exordium","TheCity","TheBeyond","TheEnding"],"potions_floor_usage":[56,56],"damage_taken":[{"damage":13.0,"enemies":"Small Slimes","floor":2.0,"turns":3.0},{"damage":29.0,"enemies":"Cultist","floor":3.0,"turns":4.0},{"damage":15.0,"enemies":"2 Louse","floor":5.0,"turns":2.0},{"damage":26.0,"enemies":"Exordium Thugs","floor":6.0,"turns":3.0},{"damage":30.0,"enemies":"Lagavulin","floor":8.0,"turns":4.0},{"damage":18.0,"enemies":"2 Fungi Beasts","floor":9.0,"turns":3.0},{"damage":46.0,"enemies":"3 Sentries","floor":10.0,"turns":4.0},{"damage":30.0,"enemies":"Lagavulin Event","floor":12.0,"turns":5.0},{"damage":34.0,"enemies":"Lagavulin","floor":14.0,"turns":7.0},{"damage":16.0,"enemies":"Large Slime","floor":15.0,"turns":4.0},{"damage":62.0,"enemies":"DF_ARCHETYPE_STREAMLINE","floor":16.0,"turns":12.0},{"damage":23.0,"enemies":"downfall:LooterAlt2","floor":19.0,"turns":4.0},{"damage":15.0,"enemies":"downfall:FleeingMerchant","floor":20.0,"turns":4.0},{"damage":0.0,"enemies":"Spheric Guardian","floor":25.0,"turns":1.0},{"damage":15.0,"enemies":"Centurion and Healer","floor":26.0,"turns":4.0},{"damage":10.0,"enemies":"Snecko","floor":28.0,"turns":3.0},{"damage":19.0,"enemies":"downfall:FleeingMerchant","floor":29.0,"turns":4.0},{"damage":18.0,"enemies":"Shelled Parasite and Fungi","floor":31.0,"turns":4.0},{"damage":10.0,"enemies":"3 Cultists","floor":32.0,"turns":3.0},{"damage":18.0,"enemies":"WA_ARCHETYPE_CALM","floor":33.0,"turns":8.0},{"damage":21.0,"enemies":"3 Shapes","floor":36.0,"turns":3.0},{"damage":3.0,"enemies":"Orb Walker","floor":37.0,"turns":3.0},{"damage":71.0,"enemies":"Giant Head","floor":40.0,"turns":6.0},{"damage":0.0,"enemies":"downfall:FleeingMerchant","floor":42.0,"turns":2.0},{"damage":20.0,"enemies":"Writhing Mass","floor":44.0,"turns":3.0},{"damage":0.0,"enemies":"Sphere and 2 Shapes","floor":48.0,"turns":2.0},{"damage":18.0,"enemies":"3 Darklings","floor":49.0,"turns":3.0},{"damage":76.0,"enemies":"SI_POISON_ARCHETYPE","floor":50.0,"turns":15.0},{"damage":124.0,"enemies":"downfall:CharBossMerchant","floor":52.0,"turns":7.0},{"damage":93.0,"enemies":"downfall:NeowBoss","floor":55.0,"turns":15.0},{"damage":22,"enemies":"downfall:NeowBossFinal","floor":56,"turns":2}],"seed_played":"-2305308956623816202","potions_obtained":[{"floor":2.0,"key":"Energy Potion"},{"floor":12.0,"key":"sneckomod:MuddlingPotion"},{"floor":14.0,"key":"SkillPotion"},{"floor":15.0,"key":"ColorlessPotion"},{"floor":16.0,"key":"Block Potion"},{"floor":19.0,"key":"Weak Potion"},{"floor":25.0,"key":"LiquidMemories"},{"floor":26.0,"key":"AttackPotion"},{"floor":32.0,"key":"BlessingOfTheForge"},{"floor":33.0,"key":"BlessingOfTheForge"},{"floor":37.0,"key":"champ:UltimateStancePotion"},{"floor":40.0,"key":"EssenceOfSteel"},{"floor":44.0,"key":"AttackPotion"},{"floor":52.0,"key":"champ:TechniquePotion"}],"is_trial":false,"path_per_floor":["R","M","M","?","M","M","T","E","M","E","R","?","R","E","M","B",null,"R","M","$","?","?","?","T","M","M","R","M","$","?","M","M","B",null,"R","M","M","?","?","E","T","$","T","M","?","?","R","M","M","B",null,"E","$","R","B","B"],"character_chosen":"THE_CHAMP","items_purchased":["Vajra","Ginger","champ:GladiatorStyle","FairyPotion","EntropicBrew","LiquidBronze"],"campfire_rested":3,"item_purchase_floors":[20,42,42,42,53,53],"current_hp_per_floor":[73,70,61,61,61,55,55,55,47,31,41,41,68,64,63,46,80,80,67,67,46,46,41,41,41,36,36,36,27,27,19,19,16,72,72,61,58,58,58,47,47,47,47,47,47,35,62,62,59,42,79,37,37,64,22,0,0,0],"gold":5,"neow_bonus":"BOSS_RELIC","is_daily":false,"chose_seed":false,"campfire_upgraded":4,"win_rate":0.0,"timestamp":1613458771,"path_taken":["R","M","M","?","M","?","T","E","M","E","R","?","R","E","M","BOSS","R","M","$","?","?","?","T","?","?","R","M","$","?","M","M","BOSS","R","M","M","?","?","E","T","$","?","?","?","?","R","M","M","BOSS","E","$","R","BOSS","BOSS"],"items_purchased_type":["Relic","Relic","Card","Potion","Potion","Potion"],"build_version":"2020-12-22","purchased_purges":1,"victory":false,"max_hp_per_floor":[81,81,81,81,81,81,81,81,81,81,91,91,91,91,91,91,91,91,91,91,91,91,91,91,91,91,91,91,91,91,91,91,91,91,91,91,91,91,91,91,91,91,91,91,91,91,91,91,91,91,91,91,91,91,91,91,91,91],"card_choices":[{"not_picked":["champ:Endure","champ:DefensiveShout"],"picked":"champ:TornadoPunch","floor":2.0},{"not_picked":["champ:BringItOn","champ:Haymaker"],"picked":"champ:Duel","floor":3.0},{"not_picked":["champ:BringItOn","champ:FanOfKnives"],"picked":"champ:DeathBlow","floor":5.0},{"not_picked":["champ:DeathBlow","champ:CalledShot"],"picked":"champ:Backstep","floor":6.0},{"not_picked":["champ:FlashCut","champ:CalledShot"],"picked":"champ:EnchantShield","floor":8.0},{"not_picked":["champ:CrownThrow","champ:DefensiveShout","champ:Circumvent"],"picked":"SKIP","floor":9.0},{"not_picked":["champ:SkillfulDodge","champ:EnGarde"],"picked":"champ:BringItOn","floor":10.0},{"not_picked":["champ:FaceSlap","champ:BladeFlurry"],"picked":"champ:SteelEdge","floor":14.0},{"not_picked":["champ:EnGarde","champ:AdrenalArmor"],"picked":"champ:Parry","floor":15.0},{"not_picked":["champ:DancingMaster","champ:EnchantShield"],"picked":"champ:Devastate","floor":16.0},{"not_picked":["champ:EnGarde","champ:Backstep"],"picked":"champ:ArenaPreparation","floor":19.0},{"not_picked":["champ:Haymaker","champ:ShieldWall"],"picked":"champ:MurderStrike","floor":19.0},{"not_picked":["champ:EnGarde","champ:AdrenalArmor"],"picked":"champ:BladeFlurry+1","floor":20.0},{"not_picked":["champ:DeathBlow","champ:GutPunch"],"picked":"champ:ShieldSigil+1","floor":25.0},{"not_picked":["champ:Duel","champ:StanceDance+1"],"picked":"champ:PerfectedStrike","floor":25.0},{"not_picked":["champ:CalledShot+1","champ:GladiatorStyle"],"picked":"champ:BerserkersShout+1","floor":26.0},{"not_picked":["champ:Shatter","champ:DefensiveShout+1"],"picked":"champ:PerfectedStrike+1","floor":26.0},{"not_picked":["champ:PreciseThrust","champ:Backstep+1"],"picked":"champ:HoldFirm+1","floor":28.0},{"not_picked":["champ:StanceDance+1","champ:Circumvent+1","champ:BerserkersShout+1"],"picked":"SKIP","floor":28.0},{"not_picked":["champ:Parry+1","champ:Shatter","champ:PreemptiveStrike"],"picked":"SKIP","floor":29.0},{"not_picked":["champ:DefensiveShout+1","champ:SetATrap+1"],"picked":"champ:ShieldWall","floor":31.0},{"not_picked":["champ:FanOfKnives","champ:RecklessLeap","champ:SwordSigil+1"],"picked":"SKIP","floor":31.0},{"not_picked":["champ:RageSigil+1","champ:DeathBlow"],"picked":"champ:PerfectedStrike","floor":32.0},{"not_picked":["champ:BladeFlurry","champ:BerserkersShout+1","champ:FlashCut"],"picked":"SKIP","floor":32.0},{"not_picked":["champ:DancingMaster","champ:HeavySlash"],"picked":"champ:EnchantCrown+1","floor":33.0},{"not_picked":["champ:GutPunch+1","champ:BladeFlurry","champ:ShieldSigil+1"],"picked":"SKIP","floor":36.0},{"not_picked":["champ:RisingSlash","champ:Circumvent+1","champ:FaceSlap"],"picked":"SKIP","floor":36.0},{"not_picked":["champ:RageSigil+1","champ:Shatter","champ:AdrenalArmor+1"],"picked":"SKIP","floor":37.0},{"not_picked":["champ:GutPunch","champ:ShieldSigil+1","champ:TornadoPunch+1"],"picked":"SKIP","floor":37.0},{"not_picked":["champ:StanceDance+1","champ:HeavySlash","champ:FanOfKnives"],"picked":"SKIP","floor":40.0},{"not_picked":["champ:AdrenalArmor+1","champ:Shatter+1","champ:PreemptiveStrike"],"picked":"SKIP","floor":42.0},{"not_picked":["champ:EnGarde+1","champ:Haymaker","champ:FanOfKnives"],"picked":"SKIP","floor":44.0},{"not_picked":["champ:FaceSlap+1","champ:PreciseThrust+1","champ:GutPunch+1"],"picked":"SKIP","floor":44.0},{"not_picked":["champ:AdrenalArmor+1","champ:CrownThrow","champ:SwordSigil+1"],"picked":"SKIP","floor":48.0},{"not_picked":["champ:FocusedDefense+1","champ:CrownThrow","champ:Haymaker"],"picked":"SKIP","floor":48.0},{"not_picked":["champ:CrownThrow","champ:DefensiveShout+1"],"picked":"champ:LastStand","floor":49.0},{"not_picked":["champ:FancyFootwork+1","champ:PreciseThrust","champ:Backstep+1"],"picked":"SKIP","floor":49.0},{"not_picked":["champ:SwordThrow","champ:Encircle"],"picked":"champ:HoldFirm+1","floor":52.0}],"player_experience":330039,"relics_obtained":[{"floor":8.0,"key":"Ornamental Fan"},{"floor":10.0,"key":"Potion Belt"},{"floor":12.0,"key":"CeramicFish"},{"floor":14.0,"key":"Mercury Hourglass"},{"floor":17.0,"key":"Bag of Marbles"},{"floor":17.0,"key":"beaked:ShinyBauble"},{"floor":17.0,"key":"Prayer Wheel"},{"floor":21.0,"key":"Nilry\u0027s Codex"},{"floor":24.0,"key":"StoneCalendar"},{"floor":40.0,"key":"Whetstone"},{"floor":41.0,"key":"Happy Flower"},{"floor":43.0,"key":"champ:DefensiveTrainingManual"},{"floor":52.0,"key":"Unceasing Top"}],"event_choices":[{"damage_healed":0.0,"max_hp_gain":0.0,"max_hp_loss":0.0,"gold_gain":0.0,"event_name":"Accursed Blacksmith","player_choice":"Forge","floor":4.0,"gold_loss":0.0,"damage_taken":0.0,"cards_upgraded":["champ:Duel"]},{"damage_healed":0.0,"max_hp_gain":0.0,"max_hp_loss":0.0,"gold_gain":0.0,"event_name":"Addict","player_choice":"Stole Relic","floor":22.0,"gold_loss":0.0,"damage_taken":0.0,"relics_obtained":["Toxic Egg 2"],"cards_obtained":["Pride"]},{"cards_removed":["champ:Taunt"],"damage_healed":0.0,"max_hp_gain":0.0,"max_hp_loss":0.0,"gold_gain":0.0,"event_name":"Falling","player_choice":"Removed Skill","floor":38.0,"gold_loss":0.0,"damage_taken":0.0},{"damage_healed":0.0,"max_hp_gain":0.0,"max_hp_loss":0.0,"gold_gain":0.0,"event_name":"OrinTheCat","player_choice":"Ignored","floor":45.0,"gold_loss":0.0,"damage_taken":0.0}],"is_beta":false,"boss_relics":[{"not_picked":["Astrolabe","Coffee Dripper"],"picked":"Calling Bell"},{"not_picked":["SlaversCollar","Black Star"],"picked":"bronze:MakeshiftBattery"}],"items_purged_floors":[53],"is_endless":false,"potions_floor_spawned":[2,6,12,14,15,16,19,25,26,32,33,37,40,44,52],"killed_by":"downfall:NeowBossFinal","ascension_level":20}}