{"host":"2e3z4r48quhw80cc","time":1613436259,"event":{"mods":["BaseMod","Minty Spire (QoL Compilation)","Quick Restart","StSLib","SuperFastMode"],"gold_per_floor":[118,118,128,128,128,162,162,237,237,237,250,250,270,44,44,145,145,160,160,174,174,193,193,219,238,262,262,294,312,66,76,76,171,171,191,1190,767,783,803,803,830,830,830,0,15,42,59,87,87,87],"floor_reached":51,"language":"KOR","playtime":1477,"items_purged":["Strike_R","Strike_R","Strike_R"],"score":1100,"play_id":"bac4efb1-1431-4458-8cb4-f0ff992c851c","local_time":"20210216094419","is_ascension_mode":true,"campfire_choices":[{"data":"Inflame","floor":7.0,"key":"SMITH"},{"data":"Armaments","floor":12.0,"key":"SMITH"},{"data":"Berserk","floor":15.0,"key":"SMITH"},{"data":"Bash","floor":23.0,"key":"SMITH"},{"floor":27.0,"key":"REST"},{"floor":32,"key":"REST"},{"floor":40,"key":"REST"},{"floor":49,"key":"REST"}],"circlet_count":0,"master_deck":["Strike_R+1","Defend_R","Defend_R","Defend_R","Bash+1","Thunderclap+1","Inflame+1","Twin Strike","Sword Boomerang","Armaments+1","Berserk+1","Pommel Strike","Limit Break+1","True Grit+1","Shrug It Off+1","Feed","Intimidate","Exhume","Whirlwind","Cleave","Rage+1","Inflame+1","Apotheosis+1","Blood for Blood"],"relics":["Burning Blood","NeowsBlessing","Prayer Wheel","Ginger","White Beast Statue","Ornamental Fan","ClockworkSouvenir","Busted Crown","Pantograph","Boot","Bronze Scales","Omamori","Empty Cage","Toxic Egg 2","Pen Nib","The Courier","Red Skull","Self Forming Clay","Toy Ornithopter","Incense Burner","Pear","Regal Pillow"],"acts_visited":["Exordium","TheCity","TheBeyond"],"potions_floor_usage":[31,31,39,39,45,50,50],"damage_taken":[{"damage":0.0,"enemies":"Small Slimes","floor":1.0,"turns":2.0},{"damage":0.0,"enemies":"Jaw Worm","floor":3.0,"turns":1.0},{"damage":0.0,"enemies":"3 Sentries","floor":6.0,"turns":2.0},{"damage":7.0,"enemies":"2 Louse","floor":11.0,"turns":2.0},{"damage":1.0,"enemies":"2 Fungi Beasts","floor":13.0,"turns":2.0},{"damage":0.0,"enemies":"Slime Boss","floor":16.0,"turns":5.0},{"damage":10.0,"enemies":"Shell Parasite","floor":18.0,"turns":3.0},{"damage":16.0,"enemies":"3 Byrds","floor":20.0,"turns":4.0},{"damage":22.0,"enemies":"Shelled Parasite and Fungi","floor":22.0,"turns":5.0},{"damage":27.0,"enemies":"Slavers","floor":24.0,"turns":4.0},{"damage":17.0,"enemies":"Sentry and Sphere","floor":25.0,"turns":4.0},{"damage":31.0,"enemies":"Gremlin Leader","floor":28.0,"turns":6.0},{"damage":1.0,"enemies":"3 Cultists","floor":29.0,"turns":4.0},{"damage":12,"enemies":"Centurion and Healer","floor":31,"turns":3},{"damage":27,"enemies":"Champ","floor":33,"turns":8},{"damage":13,"enemies":"Orb Walker","floor":35,"turns":4},{"damage":35,"enemies":"3 Darklings","floor":38,"turns":4},{"damage":10,"enemies":"Jaw Worm Horde","floor":39,"turns":4},{"damage":42,"enemies":"Nemesis","floor":41,"turns":7},{"damage":24,"enemies":"4 Shapes","floor":45,"turns":6},{"damage":24,"enemies":"Giant Head","floor":46,"turns":6},{"damage":37,"enemies":"Sphere and 2 Shapes","floor":47,"turns":3},{"damage":24,"enemies":"Reptomancer","floor":48,"turns":4},{"damage":45,"enemies":"Time Eater","floor":50,"turns":8}],"seed_played":"408701341476062793","potions_obtained":[{"floor":11.0,"key":"Strength Potion"},{"floor":13.0,"key":"ColorlessPotion"},{"floor":16.0,"key":"SkillPotion"},{"floor":18.0,"key":"FairyPotion"},{"floor":22.0,"key":"SteroidPotion"},{"floor":24.0,"key":"FearPotion"},{"floor":29.0,"key":"Swift Potion"},{"floor":31,"key":"Block Potion"},{"floor":33,"key":"Strength Potion"},{"floor":39,"key":"BlessingOfTheForge"},{"floor":41,"key":"AttackPotion"},{"floor":45,"key":"Explosive Potion"},{"floor":46,"key":"HeartOfIron"}],"is_trial":false,"path_per_floor":["M","?","M","T","?","E","R","?","T","?","M","R","M","$","R","B",null,"M","?","M","?","M","R","E","M","T","R","E","M","$","M","R","B",null,"M","?","$","M","M","R","E","?","T","$","M","E","M","E","R","B",null],"character_chosen":"IRONCLAD","items_purchased":["ClockworkSouvenir","Omamori","Toxic Egg 2","Cleave","Apotheosis+1","Red Skull","Self Forming Clay","Toy Ornithopter","Incense Burner"],"campfire_rested":4,"item_purchase_floors":[14,30,37,37,44,44,44,44,44],"current_hp_per_floor":[80,64,70,70,67,73,73,62,62,62,61,61,66,66,66,72,78,74,74,64,64,48,48,27,16,16,40,15,23,23,20,45,49,77,70,70,70,41,40,66,30,78,78,78,68,60,29,11,54,50],"gold":87,"neow_bonus":"THREE_ENEMY_KILL","is_daily":false,"chose_seed":false,"campfire_upgraded":4,"win_rate":0.0,"timestamp":1613436259,"path_taken":["M","?","M","?","?","E","R","?","T","?","M","R","M","?","R","BOSS","M","?","?","?","M","R","E","M","T","R","E","M","$","M","R","BOSS","M","?","$","M","M","R","E","?","T","$","M","E","M","E","R","BOSS"],"items_purchased_type":["Relic","Relic","Relic","Card","Card","Relic","Relic","Relic","Relic"],"build_version":"2020-12-22","purchased_purges":3,"victory":true,"max_hp_per_floor":[80,80,80,80,80,80,80,80,80,80,80,80,80,80,80,80,80,80,80,80,80,80,80,80,80,80,80,80,83,83,86,86,86,86,86,86,86,86,89,89,89,78,78,78,86,96,96,96,96,96],"card_choices":[{"not_picked":["Perfected Strike","Fire Breathing"],"picked":"Thunderclap","floor":1.0},{"not_picked":["Carnage","Body Slam"],"picked":"Inflame","floor":3.0},{"not_picked":["Barricade","Iron Wave"],"picked":"Twin Strike","floor":6.0},{"not_picked":["True Grit","Body Slam"],"picked":"Sword Boomerang","floor":11.0},{"not_picked":["Havoc","Wild Strike","Armaments"],"picked":"SKIP","floor":11.0},{"not_picked":["Havoc","Wild Strike"],"picked":"Armaments","floor":11.0},{"not_picked":["Armaments","Seeing Red"],"picked":"Berserk","floor":13.0},{"not_picked":["Sentinel","Blood for Blood"],"picked":"Pommel Strike","floor":13.0},{"not_picked":["Fiend Fire","Immolate"],"picked":"Limit Break","floor":16.0},{"not_picked":[],"picked":"True Grit+1","floor":18.0},{"not_picked":["Anger"],"picked":"SKIP","floor":18.0},{"not_picked":[],"picked":"Shrug It Off+1","floor":20.0},{"not_picked":["Shrug It Off"],"picked":"SKIP","floor":20.0},{"not_picked":["Flex"],"picked":"SKIP","floor":22.0},{"not_picked":["Combust"],"picked":"SKIP","floor":22.0},{"not_picked":["Reckless Charge"],"picked":"SKIP","floor":24.0},{"not_picked":["Dark Embrace"],"picked":"SKIP","floor":25.0},{"not_picked":["Iron Wave"],"picked":"SKIP","floor":25.0},{"not_picked":[],"picked":"Feed","floor":28.0},{"not_picked":["True Grit"],"picked":"SKIP","floor":29.0},{"not_picked":["Flex"],"picked":"SKIP","floor":29.0},{"not_picked":[],"picked":"Shockwave","floor":31},{"not_picked":[],"picked":"Intimidate","floor":31},{"not_picked":[],"picked":"Exhume","floor":33},{"not_picked":[],"picked":"Whirlwind","floor":35},{"not_picked":["Sword Boomerang"],"picked":"SKIP","floor":35},{"not_picked":["Cleave+1"],"picked":"SKIP","floor":38},{"not_picked":["Dual Wield+1"],"picked":"SKIP","floor":38},{"not_picked":[],"picked":"Rage+1","floor":39},{"not_picked":["Clash"],"picked":"SKIP","floor":39},{"not_picked":[],"picked":"Inflame+1","floor":41},{"not_picked":[],"picked":"Blood for Blood","floor":45},{"not_picked":["Spot Weakness+1"],"picked":"SKIP","floor":45},{"not_picked":["Inflame+1"],"picked":"SKIP","floor":46},{"not_picked":["Flex+1"],"picked":"SKIP","floor":47},{"not_picked":["Wild Strike"],"picked":"SKIP","floor":47},{"not_picked":["Clash+1"],"picked":"SKIP","floor":48}],"player_experience":193412,"relics_obtained":[{"floor":4.0,"key":"Prayer Wheel"},{"floor":6.0,"key":"White Beast Statue"},{"floor":9.0,"key":"Ornamental Fan"},{"floor":24.0,"key":"Pantograph"},{"floor":26.0,"key":"Boot"},{"floor":28.0,"key":"Bronze Scales"},{"floor":41,"key":"Pen Nib"},{"floor":43,"key":"The Courier"},{"floor":46,"key":"Pear"},{"floor":48,"key":"Regal Pillow"}],"event_choices":[{"damage_healed":0.0,"max_hp_gain":0.0,"max_hp_loss":0.0,"gold_gain":0.0,"event_name":"Shining Light","player_choice":"Entered Light","floor":2.0,"gold_loss":0.0,"damage_taken":16.0,"cards_upgraded":["Strike_R","Thunderclap"]},{"damage_healed":0.0,"max_hp_gain":0.0,"max_hp_loss":0.0,"gold_gain":0.0,"event_name":"Scrap Ooze","player_choice":"Success","floor":5.0,"gold_loss":0.0,"damage_taken":3.0,"relics_obtained":["Ginger"]},{"damage_healed":0.0,"max_hp_gain":0.0,"max_hp_loss":0.0,"gold_gain":75.0,"event_name":"World of Goop","player_choice":"Gather Gold","floor":8.0,"gold_loss":0.0,"damage_taken":11.0},{"cards_removed":["Strike_R"],"damage_healed":0.0,"max_hp_gain":0.0,"max_hp_loss":0.0,"gold_gain":0.0,"event_name":"Living Wall","player_choice":"Forget","floor":10.0,"gold_loss":0.0,"damage_taken":0.0},{"damage_healed":0.0,"max_hp_gain":0.0,"max_hp_loss":0.0,"gold_gain":0.0,"event_name":"Upgrade Shrine","player_choice":"Upgraded","floor":19.0,"gold_loss":0.0,"damage_taken":0.0,"cards_upgraded":["Limit Break"]},{"damage_healed":0.0,"max_hp_gain":0.0,"max_hp_loss":0.0,"gold_gain":0.0,"event_name":"Ghosts","player_choice":"Ignored","floor":21.0,"gold_loss":0.0,"damage_taken":0.0},{"damage_healed":0,"gold_gain":999,"player_choice":"Gold","damage_taken":0,"max_hp_gain":0,"max_hp_loss":0,"event_name":"MindBloom","floor":36,"gold_loss":0,"cards_obtained":["Normality","Normality"]},{"damage_healed":78,"gold_gain":0,"player_choice":"Heal","damage_taken":0,"max_hp_gain":0,"max_hp_loss":11,"event_name":"The Moai Head","floor":42,"gold_loss":0}],"is_beta":false,"boss_relics":[{"not_picked":["Runic Dome","Fusion Hammer"],"picked":"Busted Crown"},{"not_picked":["Velvet Choker","Snecko Eye"],"picked":"Empty Cage"}],"items_purged_floors":[14,30,37],"is_endless":false,"potions_floor_spawned":[11,13,16,18,20,22,24,25,28,29,31,33,35,38,39,41,45,46,47,48],"ascension_level":5}}