{"host":"rnjhaewkefy4rz3c","time":1613450270,"event":{"mods":["2.2 Compatiblity","AchievementEnabler","BaseMod","Colored Map","Downfall","Minty Spire (QoL Compilation)","Permanent Neow","StSLib"],"gold_per_floor":[119,135,60,74,86,86,115,127,127,127,155,170,170,30,30,134,134,149,24,24,24,24,24,24],"floor_reached":22,"language":"ENG","playtime":1267,"items_purged":["Guardian:Defend_Guardian","Guardian:Strike_Guardian","Guardian:Strike_Guardian"],"score":256,"play_id":"6311c52f-b72e-4557-832a-ff7c4c09cef1","local_time":"20210216003750","is_ascension_mode":true,"campfire_choices":[{"data":"Guardian:WalkerClaw","floor":6,"key":"SMITH"},{"floor":10,"key":"REST"},{"floor":15,"key":"REST"}],"circlet_count":0,"master_deck":["Guardian:Strike_Guardian","Guardian:Strike_Guardian+1","Guardian:Defend_Guardian","Guardian:Defend_Guardian","Guardian:Defend_Guardian","Guardian:CurlUp","Guardian:TwinSlam","Guardian:FuturePlans","Guardian:VentSteam","Guardian:WalkerClaw+1","Guardian:CrystalBeam","Guardian:SentryBeam+1","Guardian:Planning","Guardian:MultiBeam","Guardian:Gem_Red","Guardian:GemFinder","Guardian:Gem_Red","Guardian:Gem_Red"],"relics":["Guardian:ModeShifter","FossilizedHelix","Dream Catcher","Pantograph","Whetstone","Snecko Eye","Question Card","Nilry\u0027s Codex"],"acts_visited":["Exordium","TheCity"],"potions_floor_usage":[],"damage_taken":[{"damage":9,"enemies":"Cultist","floor":1,"turns":4},{"damage":0,"enemies":"Jaw Worm","floor":2,"turns":5},{"damage":7,"enemies":"2 Louse","floor":4,"turns":3},{"damage":20,"enemies":"Exordium Thugs","floor":5,"turns":4},{"damage":16,"enemies":"Gremlin Nob","floor":7,"turns":5},{"damage":6,"enemies":"2 Fungi Beasts","floor":8,"turns":3},{"damage":3,"enemies":"Lagavulin","floor":11,"turns":6},{"damage":0,"enemies":"Exordium Wildlife","floor":12,"turns":3},{"damage":0,"enemies":"Slime Boss","floor":16,"turns":7},{"damage":24,"enemies":"Shell Parasite","floor":18,"turns":4},{"damage":6,"enemies":"3 Byrds","floor":22,"turns":4}],"seed_played":"-374343184896868589","potions_obtained":[{"floor":5,"key":"EssenceOfSteel"},{"floor":11,"key":"hexamod:SoulburnPotion"},{"floor":12,"key":"Weak Potion"}],"is_trial":false,"path_per_floor":["M","M","$","M","M","R","E","M","T","R","E","M","?","$","R","B",null,"M","$","?","?","M"],"character_chosen":"GUARDIAN","items_purchased":["Guardian:MultiBeam"],"campfire_rested":2,"item_purchase_floors":[14],"current_hp_per_floor":[63,63,63,56,36,36,20,14,14,35,32,32,32,32,53,72,72,48,48,48,32,26,26,26],"gold":24,"neow_bonus":"ONE_RARE_RELIC","is_daily":false,"chose_seed":false,"campfire_upgraded":1,"win_rate":0.0,"timestamp":1613450270,"path_taken":["M","M","$","M","?","R","E","M","T","R","E","M","?","?","R","BOSS","M","$","?","?","?"],"items_purchased_type":["Card"],"build_version":"2020-12-22","purchased_purges":3,"victory":false,"max_hp_per_floor":[72,72,72,72,72,72,72,72,72,72,72,72,72,72,72,72,72,72,72,72,72,72,72,72],"card_choices":[{"not_picked":["Guardian:ChargeCore","Guardian:BronzeOrb"],"picked":"Guardian:FuturePlans","floor":1},{"not_picked":["Guardian:ArmoredProtocol","Guardian:Gem_Green"],"picked":"Guardian:VentSteam","floor":2},{"not_picked":["Guardian:Gem_Lightblue","Guardian:ConstructionForm"],"picked":"Guardian:WalkerClaw","floor":4},{"not_picked":["Guardian:Incinerate","Guardian:Gem_Cyan"],"picked":"Guardian:CrystalBeam","floor":5},{"not_picked":["Guardian:Recover","Guardian:Planning"],"picked":"Guardian:SentryBeam","floor":7},{"not_picked":["Guardian:Recover","Guardian:PrimingBeam","Guardian:ChargeCore"],"picked":"SKIP","floor":8},{"not_picked":["Guardian:Gem_Green","Guardian:TemporalStrike"],"picked":"Guardian:Planning","floor":10},{"not_picked":["Guardian:CompilePackage","Guardian:VentSteam","Guardian:TemporalShield"],"picked":"SKIP","floor":11},{"not_picked":["Guardian:Emergency","Guardian:Gem_Green","Guardian:TemporalShield"],"picked":"SKIP","floor":12},{"not_picked":["Guardian:Incinerate","Guardian:PrimingBeam"],"picked":"Guardian:Gem_Red","floor":15},{"not_picked":["Guardian:TimeSifter","Guardian:Gem_Synthetic"],"picked":"Guardian:GemFinder","floor":16},{"not_picked":["Guardian:Gem_Lightblue","Guardian:Gem_Green"],"picked":"Guardian:Gem_Red","floor":18},{"not_picked":["Guardian:Orbwalk+1","Guardian:PiercingHide"],"picked":"Guardian:Gem_Red","floor":18}],"player_experience":731308,"relics_obtained":[{"floor":7,"key":"Dream Catcher"},{"floor":9,"key":"Pantograph"},{"floor":11,"key":"Whetstone"},{"floor":21,"key":"Nilry\u0027s Codex"}],"event_choices":[{"damage_healed":0,"gold_gain":0,"player_choice":"Opened","damage_taken":0,"relics_obtained":["Question Card"],"max_hp_gain":0,"max_hp_loss":0,"event_name":"The Mausoleum","floor":20,"gold_loss":0},{"damage_healed":0,"gold_gain":0,"player_choice":"Obtained Book","damage_taken":16,"max_hp_gain":0,"max_hp_loss":0,"event_name":"Cursed Tome","floor":21,"gold_loss":0}],"is_beta":false,"boss_relics":[{"not_picked":["SlaversCollar","SacredBark"],"picked":"Snecko Eye"}],"items_purged_floors":[3,14,19],"is_endless":false,"potions_floor_spawned":[5,11,12,16,18],"killed_by":"3 Byrds","ascension_level":1}}