{"host":"cvdbfwtypahr1w62","time":1613512814,"event":{"mods":["AchievementEnabler","Act Like it!","BaseMod","BetterRewards","Colored Map","Filter the Spire","Hallownest","Highlight Path","Jorbs\u0027s Wanderer Trilogy","Marisa????????","Minty Spire (QoL Compilation)","Rare Cards Sparkle","Relic Stats","Shop Mod","StSLib","The Bug Knight","The Cursed"],"gold_per_floor":[113,38,57,57,72,72,92,122,122,122,39,39,39,52,52,129,129,141,174,99,19,36,36,65,65,92,92,111,161,86,186,186,263,263,283,222,238,292,311,311,337,337,337,20,30,30,64,89,89,89,89],"floor_reached":52,"language":"ENG","playtime":2890,"items_purged":["Strike_G","Strike_G","Defend_G"],"score":2628,"play_id":"7e4c76b0-ab90-4a99-b4de-03ac7cd38dcc","local_time":"20210216230014","is_ascension_mode":true,"campfire_choices":[{"data":"Cloak And Dagger","floor":6,"key":"SMITH"},{"floor":13,"key":"REST"},{"floor":15,"key":"REST"},{"floor":23,"key":"REST"},{"data":"Noxious Fumes","floor":25,"key":"SMITH"},{"data":"Accuracy","floor":27,"key":"SMITH"},{"data":"Cloak And Dagger","floor":32,"key":"SMITH"},{"data":"Noxious Fumes","floor":40,"key":"SMITH"},{"data":"Backflip","floor":42,"key":"SMITH"},{"data":"Neutralize","floor":49,"key":"SMITH"}],"circlet_count":0,"master_deck":["AscendersBane","Defend_G","Survivor","Neutralize+1","Infinite Blades","Accuracy+1","Cloak And Dagger+1","Acrobatics","Cloak And Dagger+1","Backflip+1","Caltrops","Blade Dance+1","Doppelganger+1","Cloak And Dagger+1","Noxious Fumes+1","After Image","Noxious Fumes+1","Burst+1","Catalyst+1","Deadly Poison+1","Prepared+1","Infinite Blades+1","Blade Dance+1","Dodge and Roll+1"],"relics":["Ring of the Snake","Oddly Smooth Stone","HollowMod:JonisBlessing","Toxic Egg 2","Strawberry","Mummified Hand","SacredBark","Red Mask","Blood Vial","Juzu Bracelet","Unceasing Top","InkBottle","Empty Cage","Bag of Preparation","CatCart","Bronze Scales","Orichalcum","Anchor","Akabeko","Gambling Chip"],"acts_visited":["Exordium","TheCity","TheBeyond"],"potions_floor_usage":[7,14,16,22,24,24,28,31,31,38,47,51,51],"damage_taken":[{"damage":0,"enemies":"Jaw Worm","floor":1,"turns":3},{"damage":0,"enemies":"2 Louse","floor":3,"turns":3},{"damage":0,"enemies":"Small Slimes","floor":5,"turns":4},{"damage":0,"enemies":"3 Louse","floor":7,"turns":3},{"damage":0,"enemies":"Large Slime","floor":14,"turns":4},{"damage":11,"enemies":"The Guardian","floor":16,"turns":9},{"damage":3,"enemies":"Spheric Guardian","floor":18,"turns":4},{"damage":27,"enemies":"Masked Bandits","floor":19,"turns":6},{"damage":0,"enemies":"Chosen","floor":22,"turns":5},{"damage":0,"enemies":"Slavers","floor":24,"turns":4},{"damage":0,"enemies":"Sentry and Sphere","floor":28,"turns":4},{"damage":5,"enemies":"Colosseum Slavers","floor":31,"turns":5},{"damage":0,"enemies":"Colosseum Nobs","floor":31,"turns":3},{"damage":0,"enemies":"Automaton","floor":33,"turns":7},{"damage":0,"enemies":"Orb Walker","floor":35,"turns":3},{"damage":0,"enemies":"3 Shapes","floor":37,"turns":4},{"damage":0,"enemies":"Orin","floor":38,"turns":8},{"damage":0,"enemies":"Transient","floor":39,"turns":6},{"damage":0,"enemies":"Reptomancer","floor":41,"turns":4},{"damage":0,"enemies":"4 Shapes","floor":45,"turns":4},{"damage":0,"enemies":"Nemesis","floor":47,"turns":4},{"damage":0,"enemies":"Mind Bloom Boss Battle","floor":48,"turns":4},{"damage":14,"enemies":"Donu and Deca","floor":50,"turns":7},{"damage":18,"enemies":"Time Eater","floor":51,"turns":7}],"seed_played":"1228170155480427695","potions_obtained":[{"floor":7,"key":"DuplicationPotion"},{"floor":14,"key":"BlessingOfTheForge"},{"floor":16,"key":"AttackPotion"},{"floor":19,"key":"GamblersBrew"},{"floor":22,"key":"Swift Potion"},{"floor":28,"key":"EntropicBrew"},{"floor":33,"key":"EssenceOfSteel"},{"floor":38,"key":"Poison Potion"},{"floor":45,"key":"Ancient Potion"},{"floor":47,"key":"CultistPotion"}],"is_trial":false,"path_per_floor":["M","?","M","?","M","R","M","?","T","?","$","$","R","M","R","B",null,"M","?","?","$","M","R","E","R","T","R","M","?","?","?","R","B",null,"M","?","M","?","M","R","E","R","T","$","M","$","E","?","R","B","B",null],"character_chosen":"THE_SILENT","items_purchased":["Infinite Blades","Accuracy","Cloak And Dagger","Oddly Smooth Stone","HollowMod:JonisBlessing","ColorlessPotion","Caltrops","Noxious Fumes","Anchor","Blade Dance+1"],"campfire_rested":3,"item_purchase_floors":[0,0,0,0,0,0,11,21,44,44],"current_hp_per_floor":[32,32,32,32,32,32,32,32,39,4,4,4,25,25,46,35,64,61,34,34,34,34,55,55,55,55,55,55,55,55,50,50,50,67,67,67,67,67,67,67,67,67,67,67,67,67,67,67,67,53,35],"gold":89,"neow_bonus":"","is_daily":false,"chose_seed":false,"campfire_upgraded":7,"win_rate":0.0,"timestamp":1613512814,"path_taken":["M","?","M","?","M","R","M","?","T","?","?","$","R","?","R","BOSS","M","?","?","$","?","R","E","R","T","R","M","?","?","?","R","BOSS","M","?","M","?","M","R","E","R","T","$","M","$","E","?","R","BOSS","BOSS"],"items_purchased_type":["Card","Card","Card","Relic","Relic","Potion","Card","Card","Relic","Card"],"build_version":"2020-12-22","purchased_purges":3,"victory":true,"max_hp_per_floor":[66,66,66,66,66,66,66,66,73,73,73,73,73,73,73,73,73,73,73,73,73,73,73,73,73,73,73,73,73,73,73,73,73,73,73,73,73,73,73,73,73,73,73,73,73,73,73,73,73,73,73],"relic_stats":{"Blood Vial":0,"counters":[100,374],"Mummified Hand":[115],"Bronze Scales":[75],"Gambling Chip":[4],"Juzu Bracelet":1,"Bag of Preparation":[18],"Orichalcum":[18],"obtain_stats":[{"TwistedFunnel":21,"Ice Cream":0,"Calipers":48,"CeramicFish":31,"Hammer of Thor":0,"Boot":48,"Blood Vial":19,"HornCleat":46,"Sundial":42,"Strawberry":9,"Philosopher\u0027s Stone":17,"Toxic Egg 2":8,"HollowMod:QueensCombRelic":28,"Girya":26,"Oddly Smooth Stone":22,"HollowMod:JonisBlessing":0,"Tingsha":40,"Eternal Feather":0,"Paper Crane":24,"Question Card":25,"Akabeko":47,"Anvil of the Gods":0,"Shuriken":28,"Hallownest:BankAccountRelic":11,"Bronze Scales":43,"Black Star":17,"CatCart":38,"Unceasing Top":43,"Ring of the Serpent":17,"Darkstone Periapt":26,"SacredBark":17,"Snake Skull":6,"Hallownest:DreamNailRelic":3,"Bag of Preparation":8,"Juzu Bracelet":7,"Cursed Key":17,"Empty Cage":34,"ClockworkSouvenir":28,"Nunchaku":9,"Ninja Scroll":0,"Mummified Hand":0,"Gambling Chip":48,"Tiny Chest":9,"Red Mask":19,"InkBottle":31,"Ring of the Snake":0,"Hallownest:SalubrasBlessingRelic":3,"Lee\u0027s Waffle":53,"The Courier":20,"Omamori":20,"Seething Fire":0,"Orichalcum":53,"Frozen Egg 2":24,"Mercury Hourglass":54,"CaptainsWheel":37,"Anchor":14,"Busted Crown":34,"Ornamental Fan":30,"Bag of Marbles":26,"Membership Card":0},{"TwistedFunnel":11,"Ice Cream":33,"Calipers":30,"CeramicFish":75,"Hammer of Thor":0,"Boot":52,"Blood Vial":42,"HornCleat":51,"Sundial":28,"Strawberry":80,"Philosopher\u0027s Stone":9,"Toxic Egg 2":80,"HollowMod:QueensCombRelic":17,"Girya":43,"Oddly Smooth Stone":42,"HollowMod:JonisBlessing":76,"Tingsha":26,"Eternal Feather":54,"Paper Crane":73,"Question Card":14,"Akabeko":97,"Anvil of the Gods":0,"Shuriken":17,"Hallownest:BankAccountRelic":68,"Bronze Scales":50,"Black Star":71,"CatCart":93,"Unceasing Top":28,"Ring of the Serpent":41,"Darkstone Periapt":73,"SacredBark":82,"Snake Skull":3,"Hallownest:DreamNailRelic":34,"Bag of Preparation":38,"Juzu Bracelet":56,"Cursed Key":60,"Empty Cage":90,"ClockworkSouvenir":73,"Nunchaku":38,"Ninja Scroll":33,"Mummified Hand":63,"Gambling Chip":98,"Tiny Chest":56,"Red Mask":84,"InkBottle":89,"Ring of the Snake":0,"Hallownest:SalubrasBlessingRelic":55,"Lee\u0027s Waffle":31,"The Courier":72,"Omamori":11,"Seething Fire":0,"Orichalcum":31,"Frozen Egg 2":73,"Mercury Hourglass":32,"CaptainsWheel":24,"Anchor":40,"Busted Crown":21,"Ornamental Fan":74,"Bag of Marbles":14,"Membership Card":33},{"TwistedFunnel":12,"Ice Cream":40,"Calipers":32,"CeramicFish":253,"Hammer of Thor":0,"Boot":106,"Blood Vial":68,"HornCleat":102,"Sundial":30,"Strawberry":272,"Philosopher\u0027s Stone":10,"Toxic Egg 2":272,"HollowMod:QueensCombRelic":19,"Girya":71,"Oddly Smooth Stone":68,"HollowMod:JonisBlessing":259,"Tingsha":28,"Eternal Feather":116,"Paper Crane":245,"Question Card":16,"Akabeko":356,"Anvil of the Gods":0,"Shuriken":19,"Hallownest:BankAccountRelic":221,"Bronze Scales":99,"Black Star":237,"CatCart":338,"Unceasing Top":30,"Ring of the Serpent":65,"Darkstone Periapt":245,"SacredBark":285,"Snake Skull":3,"Hallownest:DreamNailRelic":42,"Bag of Preparation":56,"Juzu Bracelet":133,"Cursed Key":164,"Empty Cage":323,"ClockworkSouvenir":245,"Nunchaku":56,"Ninja Scroll":40,"Mummified Hand":199,"Gambling Chip":360,"Tiny Chest":133,"Red Mask":295,"InkBottle":316,"Ring of the Snake":0,"Hallownest:SalubrasBlessingRelic":124,"Lee\u0027s Waffle":33,"The Courier":240,"Omamori":12,"Seething Fire":0,"Orichalcum":33,"Frozen Egg 2":245,"Mercury Hourglass":37,"CaptainsWheel":26,"Anchor":61,"Busted Crown":23,"Ornamental Fan":249,"Bag of Marbles":16,"Membership Card":40}],"Unceasing Top":[5],"InkBottle":[54],"Ring of the Snake":[92]},"card_choices":[{"not_picked":["Tactician","Underhanded Strike"],"picked":"Acrobatics","floor":1},{"not_picked":["Dodge and Roll","Crippling Poison"],"picked":"Cloak And Dagger","floor":3},{"not_picked":["Slice","Sucker Punch"],"picked":"Backflip","floor":5},{"not_picked":["Bane","Dagger Spray","Slice"],"picked":"SKIP","floor":7},{"not_picked":["Deadly Poison+1","Crippling Poison+1"],"picked":"Blade Dance+1","floor":14},{"not_picked":["Venomology+1","Night Terror+1"],"picked":"Doppelganger+1","floor":16},{"not_picked":["Setup+1","Poisoned Stab","Bane"],"picked":"SKIP","floor":18},{"not_picked":["Underhanded Strike","Calculated Gamble+1"],"picked":"Cloak And Dagger+1","floor":19},{"not_picked":["Dagger Spray","Expertise+1","PiercingWail+1"],"picked":"SKIP","floor":22},{"not_picked":["Well Laid Plans","Backflip+1"],"picked":"After Image","floor":24},{"not_picked":["Bane","Flying Knee","Endless Agony"],"picked":"SKIP","floor":28},{"not_picked":["Reflex+1","Escape Plan+1"],"picked":"Noxious Fumes","floor":31},{"not_picked":["Malaise+1","After Image"],"picked":"Burst+1","floor":33},{"not_picked":["Dash+1","Predator"],"picked":"Catalyst+1","floor":35},{"not_picked":["Masterful Stab","Dash+1","Cloak And Dagger+1"],"picked":"SKIP","floor":37},{"not_picked":["Slice","Quick Slash"],"picked":"Deadly Poison+1","floor":38},{"not_picked":["Flying Knee","Quick Slash+1"],"picked":"Prepared+1","floor":39},{"not_picked":["Backstab+1","Quick Slash+1"],"picked":"Infinite Blades+1","floor":41},{"not_picked":["Slice+1","Blade Dance+1","Finisher"],"picked":"SKIP","floor":45},{"not_picked":["Distraction+1","PiercingWail+1","Eviscerate"],"picked":"SKIP","floor":47},{"not_picked":["Acrobatics+1","Dagger Spray"],"picked":"Dodge and Roll+1","floor":48}],"player_experience":794385,"relics_obtained":[{"floor":9,"key":"Strawberry"},{"floor":19,"key":"Red Mask"},{"floor":24,"key":"Blood Vial"},{"floor":26,"key":"Juzu Bracelet"},{"floor":31,"key":"Unceasing Top"},{"floor":31,"key":"InkBottle"},{"floor":38,"key":"CatCart"},{"floor":41,"key":"Bronze Scales"},{"floor":43,"key":"Orichalcum"},{"floor":47,"key":"Akabeko"},{"floor":48,"key":"Gambling Chip"}],"event_choices":[{"cards_removed":["Strike_G"],"damage_healed":0,"gold_gain":0,"player_choice":"Card Removal","damage_taken":0,"max_hp_gain":0,"max_hp_loss":0,"event_name":"The Cleric","floor":2,"gold_loss":75},{"cards_removed":["Strike_G"],"damage_healed":0,"gold_gain":0,"player_choice":"Forget","damage_taken":0,"max_hp_gain":0,"max_hp_loss":0,"event_name":"Living Wall","floor":4,"gold_loss":0},{"damage_healed":0,"gold_gain":30,"player_choice":"Searched \u00272\u0027 times","damage_taken":0,"relics_obtained":["Toxic Egg 2"],"max_hp_gain":0,"max_hp_loss":0,"event_name":"Dead Adventurer","floor":8,"gold_loss":0},{"damage_healed":0,"gold_gain":0,"player_choice":"Success","damage_taken":35,"relics_obtained":["Mummified Hand"],"max_hp_gain":0,"max_hp_loss":0,"event_name":"Scrap Ooze","floor":10,"gold_loss":0},{"damage_healed":0,"gold_gain":0,"player_choice":"Fought Bandits","damage_taken":0,"max_hp_gain":0,"max_hp_loss":0,"event_name":"Masked Bandits","floor":19,"gold_loss":0},{"cards_removed":["Strike_G"],"damage_healed":0,"gold_gain":0,"player_choice":"Single Remove","damage_taken":0,"max_hp_gain":0,"max_hp_loss":0,"event_name":"Designer","floor":20,"gold_loss":75},{"damage_healed":0,"gold_gain":50,"player_choice":"Stole From Cult","damage_taken":0,"max_hp_gain":0,"max_hp_loss":0,"event_name":"Nest","floor":29,"gold_loss":0},{"cards_removed":["Defend_G"],"damage_healed":0,"gold_gain":0,"player_choice":"Gave Gold","damage_taken":0,"max_hp_gain":0,"max_hp_loss":0,"event_name":"Beggar","floor":30,"gold_loss":75},{"damage_healed":0,"gold_gain":0,"player_choice":"Fight","damage_taken":0,"max_hp_gain":0,"max_hp_loss":0,"event_name":"Colosseum","floor":31,"gold_loss":0},{"damage_healed":0,"gold_gain":0,"player_choice":"Fought Nobs","damage_taken":0,"max_hp_gain":0,"max_hp_loss":0,"event_name":"Colosseum","floor":31,"gold_loss":0},{"damage_healed":0,"gold_gain":0,"player_choice":"Paid Gold","damage_taken":0,"relics_obtained":["Bag of Preparation"],"max_hp_gain":0,"max_hp_loss":0,"event_name":"WeMeetAgain","floor":36,"gold_loss":61},{"damage_healed":0,"gold_gain":0,"player_choice":"Fight","damage_taken":0,"max_hp_gain":0,"max_hp_loss":0,"event_name":"OrinTheCat","floor":38,"gold_loss":0},{"damage_healed":0,"gold_gain":0,"player_choice":"Fight","damage_taken":0,"max_hp_gain":0,"max_hp_loss":0,"event_name":"MindBloom","floor":48,"gold_loss":0}],"is_beta":false,"boss_relics":[{"not_picked":["Fusion Hammer","Astrolabe"],"picked":"SacredBark"},{"not_picked":["Coffee Dripper","Sozu"],"picked":"Empty Cage"}],"items_purged_floors":[0,0,44],"is_endless":false,"potions_floor_spawned":[7,14,16,19,22,28,33,38,45,47],"ascension_level":20}}