{"host":"t9vqxmgmtrdkt9v9","time":1613462454,"event":{"mods":["AchievementEnabler","BaseMod","Colored Map","Minty Spire (QoL Compilation)","Permanent Neow","Relic Stats","StSLib"],"gold_per_floor":[365,48,67,84,94,129,129,148,148,148,166,166,178,206,206,280,280,299,299,27,27,27,27,57,72,144,158,173,204,204,219,219,290,290,307,327,345,41,66,98,98,132,132,132,144,124,137,155,155,155,155],"floor_reached":50,"language":"ENG","playtime":6729,"items_purged":["Doubt"],"score":1091,"play_id":"b97cfa76-70a4-444e-887f-8e3092dfeabb","local_time":"20210216180054","is_ascension_mode":true,"campfire_choices":[{"data":"Uppercut","floor":7.0,"key":"SMITH"},{"data":"Whirlwind","floor":10.0,"key":"SMITH"},{"data":"1","floor":15.0,"key":"LIFT"},{"data":"2","floor":23.0,"key":"LIFT"},{"floor":30.0,"key":"REST"},{"data":"3","floor":32.0,"key":"LIFT"},{"floor":41.0,"key":"REST"},{"data":"Corruption","floor":44.0,"key":"SMITH"},{"floor":49,"key":"REST"}],"circlet_count":0,"master_deck":["AscendersBane","Bash","Burning Pact","Uppercut+1","Pommel Strike","Whirlwind+1","Pommel Strike","Power Through","Shrug It Off","Metallicize","Bloodletting","Fiend Fire","Cleave+1","Uppercut+1","Headbutt+1","Metallicize","Twin Strike","True Grit+1","True Grit+1","Flex+1","Shrug It Off+1","Disarm+1","Seeing Red+1","Corruption+1","Flame Barrier+1","Rampage","Thunderclap","Anger","Sentinel+1","Battle Trance+1","Shrug It Off+1","Ghostly Armor+1","Flex+1"],"relics":["Burning Blood","Orichalcum","Lantern","Incense Burner","Girya","Astrolabe","Toxic Egg 2","CaptainsWheel","Paper Frog","Red Mask","Pandora\u0027s Box","Bag of Preparation","Ice Cream","Centennial Puzzle","Bottled Tornado","Blue Candle"],"acts_visited":["Exordium","TheCity","TheBeyond"],"potions_floor_usage":[48,50,50],"damage_taken":[{"damage":6.0,"enemies":"Cultist","floor":1.0,"turns":3.0},{"damage":7.0,"enemies":"2 Louse","floor":3.0,"turns":4.0},{"damage":9.0,"enemies":"Jaw Worm","floor":4.0,"turns":3.0},{"damage":9.0,"enemies":"Looter","floor":5.0,"turns":4.0},{"damage":12.0,"enemies":"3 Sentries","floor":6.0,"turns":5.0},{"damage":0.0,"enemies":"2 Fungi Beasts","floor":8.0,"turns":3.0},{"damage":0.0,"enemies":"3 Louse","floor":11.0,"turns":1.0},{"damage":0.0,"enemies":"Exordium Wildlife","floor":13.0,"turns":1.0},{"damage":4.0,"enemies":"Lagavulin","floor":14.0,"turns":3.0},{"damage":25.0,"enemies":"The Guardian","floor":16.0,"turns":12.0},{"damage":15.0,"enemies":"3 Byrds","floor":18.0,"turns":5.0},{"damage":22.0,"enemies":"Book of Stabbing","floor":24.0,"turns":6.0},{"damage":1.0,"enemies":"Spheric Guardian","floor":25.0,"turns":4.0},{"damage":18.0,"enemies":"Snake Plant","floor":27.0,"turns":2.0},{"damage":3.0,"enemies":"3 Cultists","floor":28.0,"turns":3.0},{"damage":0.0,"enemies":"Masked Bandits","floor":29.0,"turns":1.0},{"damage":2.0,"enemies":"Snecko","floor":31.0,"turns":4.0},{"damage":56.0,"enemies":"Collector","floor":33.0,"turns":11.0},{"damage":3.0,"enemies":"3 Shapes","floor":35.0,"turns":4.0},{"damage":3.0,"enemies":"Orb Walker","floor":36.0,"turns":3.0},{"damage":24.0,"enemies":"Jaw Worm Horde","floor":37.0,"turns":2.0},{"damage":5.0,"enemies":"Mind Bloom Boss Battle","floor":39.0,"turns":6.0},{"damage":49.0,"enemies":"Giant Head","floor":40.0,"turns":8.0},{"damage":3.0,"enemies":"Nemesis","floor":42.0,"turns":5.0},{"damage":16,"enemies":"Transient","floor":45,"turns":6},{"damage":0,"enemies":"Writhing Mass","floor":47,"turns":5},{"damage":11,"enemies":"4 Shapes","floor":48,"turns":6},{"damage":64,"enemies":"Time Eater","floor":50,"turns":12}],"seed_played":"-2699087240866087305","potions_obtained":[{"floor":1.0,"key":"Fire Potion"},{"floor":5.0,"key":"ColorlessPotion"},{"floor":13.0,"key":"DistilledChaos"},{"floor":16.0,"key":"Strength Potion"},{"floor":25.0,"key":"LiquidBronze"},{"floor":33.0,"key":"BlessingOfTheForge"},{"floor":39.0,"key":"SneckoOil"},{"floor":48,"key":"SneckoOil"}],"is_trial":false,"path_per_floor":["M","$","M","M","M","E","R","M","T","R","M","?","M","E","R","B",null,"M","?","$","?","?","R","E","M","T","M","M","?","R","M","R","B",null,"M","M","M","$","?","E","R","E","T","R","M","?","M","M","R","B"],"character_chosen":"IRONCLAD","items_purchased":["Orichalcum","Uppercut","Toxic Egg 2","Battle Trance+1","Bag of Preparation","Shrug It Off+1"],"campfire_rested":3,"item_purchase_floors":[2,2,20,38,38,38],"current_hp_per_floor":[68,68,67,64,61,55,55,61,61,61,67,72,78,80,80,61,75,66,66,66,66,43,43,27,32,32,20,23,29,54,58,58,8,66,69,72,54,54,55,12,37,40,40,40,30,30,36,31,56,0,0],"gold":155,"neow_bonus":"TWO_FIFTY_GOLD","is_daily":false,"chose_seed":false,"campfire_upgraded":3,"win_rate":0.0,"timestamp":1613462454,"path_taken":["M","$","M","M","M","E","R","?","T","R","M","?","M","E","R","BOSS","M","?","$","?","?","R","E","M","T","M","M","?","R","M","R","BOSS","M","M","M","$","?","E","R","E","T","R","M","?","M","?","R","BOSS"],"items_purchased_type":["Relic","Card","Relic","Card","Relic","Card"],"build_version":"2020-12-22","purchased_purges":1,"victory":false,"max_hp_per_floor":[75,75,75,75,75,75,75,75,75,75,75,80,80,80,80,80,80,80,80,80,80,85,85,85,85,85,85,85,85,85,85,85,85,85,85,85,85,85,85,85,85,85,85,85,85,85,85,85,85,85,85],"relic_stats":{"Centennial Puzzle":[9],"counters":[28,132],"Astrolabe":["Cleave","Uppercut","Headbutt"],"Blue Candle":[0],"Pandora\u0027s Box":["Flame Barrier","Rampage","Thunderclap","Anger"],"Bag of Preparation":[14],"Orichalcum":[294],"obtain_stats":[{"Ice Cream":39,"Girya":14,"Lantern":6,"Astrolabe":17,"Blue Candle":43,"Incense Burner":9,"Bag of Preparation":38,"Orichalcum":2,"Bottled Tornado":42,"Burning Blood":0,"CaptainsWheel":24,"Centennial Puzzle":40,"Pandora\u0027s Box":34,"Red Mask":29,"Toxic Egg 2":20,"Paper Frog":26},{"Ice Cream":22,"Girya":9,"Lantern":5,"Astrolabe":10,"Blue Candle":24,"Incense Burner":6,"Bag of Preparation":21,"Orichalcum":1,"Bottled Tornado":24,"Burning Blood":0,"CaptainsWheel":12,"Centennial Puzzle":23,"Pandora\u0027s Box":18,"Red Mask":16,"Toxic Egg 2":11,"Paper Frog":13},{"Ice Cream":90,"Girya":27,"Lantern":19,"Astrolabe":39,"Blue Candle":103,"Incense Burner":22,"Bag of Preparation":84,"Orichalcum":3,"Bottled Tornado":103,"Burning Blood":0,"CaptainsWheel":50,"Centennial Puzzle":98,"Pandora\u0027s Box":75,"Red Mask":60,"Toxic Egg 2":44,"Paper Frog":54}],"Burning Blood":162},"card_choices":[{"not_picked":["Havoc","Dual Wield"],"picked":"Burning Pact","floor":1.0},{"not_picked":["Cleave","Reckless Charge"],"picked":"Pommel Strike","floor":3.0},{"not_picked":["Cleave","Clash"],"picked":"Whirlwind","floor":4.0},{"not_picked":["Heavy Blade","Wild Strike"],"picked":"Pommel Strike","floor":5.0},{"not_picked":["Barricade","Clothesline"],"picked":"Power Through","floor":6.0},{"not_picked":["Cleave","Second Wind"],"picked":"Shrug It Off","floor":8.0},{"not_picked":["Twin Strike","Iron Wave"],"picked":"Metallicize","floor":11.0},{"not_picked":["Clash","Searing Blow"],"picked":"Bloodletting","floor":13.0},{"not_picked":["Second Wind","Sever Soul","Seeing Red"],"picked":"SKIP","floor":14.0},{"not_picked":["Second Wind","Sever Soul","Seeing Red"],"picked":"SKIP","floor":14.0},{"not_picked":["Limit Break","Barricade"],"picked":"Fiend Fire","floor":16.0},{"not_picked":["Thunderclap","Warcry"],"picked":"Metallicize","floor":18.0},{"not_picked":["Berserk","Uppercut"],"picked":"True Grit+1","floor":24.0},{"not_picked":["Power Through+1","Evolve"],"picked":"Flex+1","floor":25.0},{"not_picked":["Searing Blow","Armaments+1"],"picked":"Shrug It Off+1","floor":27.0},{"not_picked":["Iron Wave","Clothesline+1","Cleave"],"picked":"SKIP","floor":28.0},{"not_picked":["Heavy Blade","Warcry+1"],"picked":"Disarm+1","floor":29.0},{"not_picked":["Sentinel+1","Second Wind+1"],"picked":"Seeing Red+1","floor":31.0},{"not_picked":["Juggernaut","Demon Form"],"picked":"Corruption","floor":33.0},{"not_picked":["Sword Boomerang","Headbutt","Iron Wave"],"picked":"SKIP","floor":35.0},{"not_picked":["Clothesline","Searing Blow","Infernal Blade+1"],"picked":"SKIP","floor":36.0},{"not_picked":["Intimidate+1","Blood for Blood"],"picked":"Sentinel+1","floor":37.0},{"not_picked":["Pommel Strike+1","Havoc+1","Infernal Blade+1"],"picked":"SKIP","floor":40.0},{"not_picked":["Headbutt","Heavy Blade","Cleave+1"],"picked":"SKIP","floor":42.0},{"not_picked":["Second Wind+1","Clash","Searing Blow+1"],"picked":"SKIP","floor":45},{"not_picked":["Second Wind+1","Clash","Searing Blow+1"],"picked":"SKIP","floor":45},{"not_picked":["Second Wind+1","Clash","Searing Blow+1"],"picked":"SKIP","floor":45},{"not_picked":["Heavy Blade+1","Bludgeon"],"picked":"Ghostly Armor+1","floor":47},{"not_picked":["Pummel","Second Wind+1"],"picked":"Flex+1","floor":48}],"player_experience":410427,"relics_obtained":[{"floor":6.0,"key":"Lantern"},{"floor":9.0,"key":"Incense Burner"},{"floor":14.0,"key":"Girya"},{"floor":24.0,"key":"CaptainsWheel"},{"floor":26.0,"key":"Paper Frog"},{"floor":29.0,"key":"Red Mask"},{"floor":39.0,"key":"Ice Cream"},{"floor":40.0,"key":"Centennial Puzzle"},{"floor":42.0,"key":"Bottled Tornado"},{"floor":43.0,"key":"Blue Candle"}],"event_choices":[{"damage_healed":0.0,"max_hp_gain":5.0,"max_hp_loss":0.0,"gold_gain":0.0,"event_name":"Big Fish","player_choice":"Donut","floor":12.0,"gold_loss":0.0,"damage_taken":0.0},{"damage_healed":0.0,"max_hp_gain":0.0,"max_hp_loss":0.0,"gold_gain":0.0,"event_name":"Vampires","player_choice":"Ignored","floor":19.0,"gold_loss":0.0,"damage_taken":0.0},{"damage_healed":0.0,"max_hp_gain":0.0,"max_hp_loss":0.0,"gold_gain":0.0,"cards_transformed":["Strike_R","Defend_R"],"event_name":"Drug Dealer","player_choice":"Became Test Subject","floor":21.0,"gold_loss":0.0,"damage_taken":0.0,"cards_obtained":["Twin Strike","True Grit"]},{"damage_healed":0.0,"max_hp_gain":5.0,"max_hp_loss":0.0,"gold_gain":0.0,"event_name":"Forgotten Altar","player_choice":"Shed Blood","floor":22.0,"gold_loss":0.0,"damage_taken":28.0},{"damage_healed":0.0,"max_hp_gain":0.0,"max_hp_loss":0.0,"gold_gain":0.0,"event_name":"Masked Bandits","player_choice":"Fought Bandits","floor":29.0,"gold_loss":0.0,"damage_taken":0.0},{"damage_healed":0.0,"max_hp_gain":0.0,"max_hp_loss":0.0,"gold_gain":0.0,"event_name":"MindBloom","player_choice":"Fight","floor":39.0,"gold_loss":0.0,"damage_taken":0.0},{"damage_healed":0,"gold_gain":0,"player_choice":"Bought 1 Potion","damage_taken":0,"max_hp_gain":0,"max_hp_loss":0,"event_name":"The Woman in Blue","floor":46,"gold_loss":0}],"is_beta":false,"boss_relics":[{"not_picked":["Busted Crown","Ectoplasm"],"picked":"Astrolabe"},{"not_picked":["Velvet Choker","Empty Cage"],"picked":"Pandora\u0027s Box"}],"items_purged_floors":[2],"is_endless":false,"potions_floor_spawned":[1,5,13,16,25,28,29,33,36,39,45,48],"killed_by":"Time Eater","ascension_level":18}}