{"host":"4aszh1v8x6uog22d","time":1613485553,"event":{"mods":["AchievementEnabler","Act Like it!","Aspiration","BaseMod","Colored Powertips","Conspire","Downfall","Gensokyo","GungeonMod","Hallownest","Marisa£®ÏF”Í°°ƒß¿Ì…≥£©","Minty Spire (QoL Compilation)","Pale of the Ancients","Quick Restart","Random Character Button","Replay The Spire","StSLib","The Jungle"],"gold_per_floor":[133,158,192,192,239,4939,5037,5037,5139,5139,5139,5139,5139,5139],"floor_reached":15,"language":"ZHS","playtime":212,"items_purged":[],"score":1471,"play_id":"f05cc7f9-57f6-409b-88a8-42ceddff97df","local_time":"20210216222553","is_ascension_mode":true,"campfire_choices":[{"floor":4,"key":"RECALL"},{"floor":6,"key":"DIG"}],"circlet_count":0,"master_deck":["hexamod:Strike","hexamod:Strike","hexamod:Strike","hexamod:Defend","hexamod:Defend","hexamod:Sear","hexamod:Float","hexamod:StepThrough","hexamod:WildfireWeapon","hexamod:TimeWarp","Seek"],"relics":["hexamod:SpiritBrand","downfall:HeartsMalice","DemoMod:GlassGuonStoneRelic","Smiling Mask","Quantum Egg","Garlic","downfall:HeartBlessingRed","downfall:HeartBlessingGreen","downfall:HeartBlessingBlue","aspiration:StickyExplosives_weak","aspiration:DefectSkillbook","Replay:Drink Me"],"acts_visited":["Exordium","TheCity","TheBeyond","TheEnding"],"potions_floor_usage":[],"damage_taken":[{"damage":0,"enemies":"3 Sentries","floor":1,"turns":1},{"damage":0,"enemies":"Lagavulin","floor":2,"turns":1},{"damage":0,"enemies":"3 Sentries","floor":3,"turns":1},{"damage":0,"enemies":"DF_ARCHETYPE_STREAMLINE","floor":7,"turns":1},{"damage":0,"enemies":"WA_ARCHETYPE_CALM","floor":9,"turns":1},{"damage":0,"enemies":"SI_POISON_ARCHETYPE","floor":11,"turns":1},{"damage":0,"enemies":"downfall:NeowBoss","floor":13,"turns":1},{"damage":0,"enemies":"downfall:NeowBossFinal","floor":14,"turns":2}],"seed_played":"1721408327793235186","potions_obtained":[{"floor":1,"key":"BlessingOfTheForge"},{"floor":2,"key":"Milkshake"},{"floor":3,"key":"AttackPotion"}],"is_trial":false,"path_per_floor":["E","E","E","R","T","R","B",null,"B",null,"B",null,"B","B",null],"character_chosen":"THE_SPIRIT","items_purchased":[],"campfire_rested":0,"item_purchase_floors":[],"current_hp_per_floor":[70,70,70,70,70,80,80,80,80,60,60,60,60,60],"gold":5139,"neow_bonus":"THREE_ENEMY_KILL","is_daily":false,"chose_seed":false,"campfire_upgraded":0,"win_rate":0.0,"timestamp":1613485553,"path_taken":["E","E","E","R","T","R","BOSS","BOSS","BOSS","BOSS","BOSS"],"items_purchased_type":[],"build_version":"2020-12-22","purchased_purges":0,"victory":true,"max_hp_per_floor":[70,70,70,70,70,80,80,80,80,60,60,60,60,60],"card_choices":[{"not_picked":["hexamod:GhostShield","hexamod:SpectersWail","hexamod:HeatCrush"],"picked":"SKIP","floor":1},{"not_picked":["hexamod:NightmareStrike","hexamod:RecurringNightmare"],"picked":"hexamod:StepThrough","floor":2},{"not_picked":["hexamod:HeatMetal","hexamod:GhostflameBarrier"],"picked":"hexamod:WildfireWeapon","floor":3},{"not_picked":["hexamod:ApocalypticArmor","hexamod:TurnItUp"],"picked":"hexamod:TimeWarp","floor":7},{"not_picked":["Reboot","hexamod:ParanormalForm","Fission"],"picked":"Seek","floor":9}],"player_experience":471306,"relics_obtained":[{"floor":1,"key":"Smiling Mask"},{"floor":2,"key":"Quantum Egg"},{"floor":3,"key":"Garlic"},{"floor":6,"key":"aspiration:StickyExplosives_weak"}],"event_choices":[],"is_beta":false,"boss_relics":[{"not_picked":["Snecko Eye","aspiration:SilentSkillbook"],"picked":"aspiration:DefectSkillbook"},{"not_picked":["Replay:Bronze Core","Velvet Choker"],"picked":"Replay:Drink Me"}],"items_purged_floors":[],"is_endless":false,"potions_floor_spawned":[1,2,3,7,9],"ascension_level":2}}