{"host":"hemqwg9ve6welna9","time":1613436626,"event":{"mods":["AchievementEnabler","BaseMod","Bestiary","Better Match","Better Third Choice","BetterRewards","Dio Mod","Downfall","Hermit","Highlight Path","Minty Spire (QoL Compilation)","Permanent Neow","Potionbrewer","Quick Restart","Rare Cards Sparkle","Relic Stats","Robot Space Explorer","SOS???????","StSLib","SuperFastMode","Td1madao Mod","The Bug Knight","The Cursed","The Disciple","The Forsaken","The Jungle","The Runesmith","The Senshi","The Servant 0.9.4","The Wild Card"],"gold_per_floor":[112,77,19,19,81,81,100,100,100,123,135,163,175,218,230,347,359,391,403,468,492,504,516,561,573,585,613,652,683,260,271,271,370,370,388,388,388,398,398,398,185,205,205,218,218,229,229,259,259,259],"floor_reached":51,"language":"ENG","playtime":4904,"items_purged":[],"score":736,"play_id":"cd7223bb-29c4-4e40-849e-3bf6152f9df4","local_time":"20210215185026","is_ascension_mode":false,"campfire_choices":[{"data":"hermit:GoldenBullet","floor":6.0,"key":"SMITH"},{"data":"hermit:Quickdraw","floor":13.0,"key":"SMITH"},{"data":"hermit:Showdown","floor":15.0,"key":"SMITH"},{"data":"hermit:EternalForm","floor":23.0,"key":"SMITH"},{"floor":25.0,"key":"REST"},{"data":"hermit:FatalDesire","floor":32.0,"key":"SMITH"},{"data":"hermit:Combo","floor":40,"key":"SMITH"},{"floor":45,"key":"REST"},{"data":"hermit:Adapt","floor":47,"key":"SMITH"},{"data":"hermit:Covet","floor":49,"key":"SMITH"}],"circlet_count":0,"master_deck":["hermit:Strike_Hermit","hermit:Strike_Hermit","hermit:Strike_Hermit","hermit:Strike_Hermit","hermit:Defend_Hermit","hermit:Defend_Hermit","hermit:Defend_Hermit+1","hermit:Snapshot","hermit:Covet+1","hermit:Showdown+1","hermit:GoldenBullet+1","hermit:Roulette","hermit:Dissolve+1","hermit:Quickdraw+1","hermit:Maintenance+1","hermit:EternalForm+1","hermit:DeadMansHand+1","Pain","hermit:Headshot+1","theJungle:PetSnecko+1","hermit:Combo+1","hermit:TrackingShot+1","hermit:FatalDesire+1","hermit:Desperado+1","hermit:Grudge","hermit:Shortfuse+1","hermit:Glare+1","hermit:Adapt+1","Madness+1","Madness+1","hermit:ItchyTrigger+1","hermit:HeroicBravado+1","hermit:Headshot+1","hermit:Manifest+1","hermit:ItchyTrigger+1","hermit:Cheat+1"],"relics":["hermit:Momento","MealTicket","Juzu Bracelet","Bag of Preparation","MawBank","Toxic Egg 2","Runesmith:UraniumAnvil","WarpedTongs","War Paint","theForsaken:HumbleEgg","Runesmith:Nanobots","Happy Flower","hermit:Spyglass","Lantern","hermit:BartenderGlass","Orichalcum","Bag of Marbles","Mercury Hourglass"],"acts_visited":["Exordium","Exordium","TheBeyond"],"potions_floor_usage":[33,42,42,44,44,46,46,48,48,50,50,50,50],"damage_taken":[{"damage":10.0,"enemies":"Jaw Worm","floor":1.0,"turns":4.0},{"damage":0.0,"enemies":"Cultist","floor":7.0,"turns":2.0},{"damage":1.0,"enemies":"2 Louse","floor":12.0,"turns":2.0},{"damage":9.0,"enemies":"3 Sentries","floor":14.0,"turns":7.0},{"damage":48.0,"enemies":"Slime Boss","floor":16.0,"turns":13.0},{"damage":13.0,"enemies":"Shell Parasite","floor":18.0,"turns":5.0},{"damage":25.0,"enemies":"theJungle:MUSHROOMGANG","floor":21.0,"turns":4.0},{"damage":5.0,"enemies":"theJungle:2_Phrogs","floor":24.0,"turns":7.0},{"damage":0.0,"enemies":"theJungle:JungleHuntersEncounter","floor":27.0,"turns":3.0},{"damage":0.0,"enemies":"theJungle:MamaSnecko","floor":28.0,"turns":4.0},{"damage":19.0,"enemies":"theJungle:Snecko_Cultist_And_Trap","floor":29.0,"turns":3.0},{"damage":0.0,"enemies":"Snake Plant","floor":31.0,"turns":2.0},{"damage":13,"enemies":"theJungle:FunGuy","floor":33,"turns":11},{"damage":0,"enemies":"Orb Walker","floor":35,"turns":2},{"damage":33,"enemies":"3 Shapes","floor":38,"turns":3},{"damage":12,"enemies":"Maw","floor":42,"turns":6},{"damage":12,"enemies":"4 Shapes","floor":44,"turns":3},{"damage":0,"enemies":"3 Darklings","floor":46,"turns":3},{"damage":0,"enemies":"Reptomancer","floor":48,"turns":1},{"damage":66,"enemies":"Awakened One","floor":50,"turns":11}],"seed_played":"-333243753732523873","potions_obtained":[{"floor":21.0,"key":"LiquidMemories"},{"floor":28.0,"key":"potionbrewer:CleansingPotion"},{"floor":31.0,"key":"Guardian:BlockOnCardUsePotion"},{"floor":33,"key":"potionbrewer:InfectionPotion"},{"floor":35,"key":"ColorlessPotion"},{"floor":38,"key":"FairyPotion"},{"floor":48,"key":"SteroidPotion"}],"is_trial":false,"path_per_floor":["M","$","?","$","?","R","M","?","T","T","?","M","R","E","R","B",null,"M","?","T","M","?","R","E","R","T","M","E","M","$","M","R","B",null,"M","?","?","M","?","R","$","M","T","M","R","M","R","E","R","B",null],"character_chosen":"HERMIT","items_purchased":["hermit:GoldenBullet","hermit:Spyglass","Lantern","hermit:Grudge","hermit:HeroicBravado+1","Orichalcum"],"campfire_rested":2,"item_purchase_floors":[2,30,30,30,41,41],"current_hp_per_floor":[65,75,75,75,75,75,75,75,75,75,75,74,74,65,65,17,75,62,62,62,37,37,37,32,54,54,54,54,35,50,50,50,37,75,75,75,66,33,66,66,66,54,54,42,61,61,61,61,61,19],"gold":259,"neow_bonus":"RANDOM_COMMON_RELIC","is_daily":false,"chose_seed":false,"campfire_upgraded":8,"win_rate":0.0,"timestamp":1613436626,"path_taken":["M","$","?","?","?","R","M","?","T","?","?","M","R","E","R","BOSS","M","?","?","M","?","R","E","R","T","M","E","M","$","M","R","BOSS","M","?","?","M","?","R","$","M","T","M","R","M","R","E","R","BOSS"],"items_purchased_type":["Card","Relic","Relic","Card","Card","Relic"],"build_version":"2020-12-22","purchased_purges":0,"victory":true,"max_hp_per_floor":[75,75,75,75,75,75,75,75,75,75,75,75,75,75,75,75,75,75,75,75,75,75,75,75,75,75,75,75,75,75,75,75,75,75,75,75,75,75,66,66,66,66,66,66,66,66,66,66,66,66],"relic_stats":{"Happy Flower":[15],"counters":[20,96],"MealTicket":25,"Juzu Bracelet":2,"Bag of Preparation":[36],"War Paint":["hermit:Dissolve","hermit:Defend_Hermit"],"Orichalcum":[48],"MawBank":240,"obtain_stats":[{"Runesmith:Nanobots":26,"Lantern":30,"Happy Flower":28,"Juzu Bracelet":3,"Bag of Preparation":9,"War Paint":20,"Orichalcum":41,"MawBank":10,"WarpedTongs":19,"Mercury Hourglass":48,"theForsaken:HumbleEgg":24,"Runesmith:UraniumAnvil":17,"MealTicket":0,"hermit:BartenderGlass":34,"Bag of Marbles":43,"Toxic Egg 2":14,"hermit:Momento":0,"hermit:Spyglass":30},{"Runesmith:Nanobots":8,"Lantern":11,"Happy Flower":10,"Juzu Bracelet":1,"Bag of Preparation":2,"War Paint":6,"Orichalcum":15,"MawBank":2,"WarpedTongs":6,"Mercury Hourglass":19,"theForsaken:HumbleEgg":8,"Runesmith:UraniumAnvil":5,"MealTicket":0,"hermit:BartenderGlass":13,"Bag of Marbles":16,"Toxic Egg 2":4,"hermit:Momento":0,"hermit:Spyglass":11},{"Runesmith:Nanobots":44,"Lantern":54,"Happy Flower":51,"Juzu Bracelet":4,"Bag of Preparation":6,"War Paint":33,"Orichalcum":72,"MawBank":6,"WarpedTongs":33,"Mercury Hourglass":85,"theForsaken:HumbleEgg":44,"Runesmith:UraniumAnvil":28,"MealTicket":0,"hermit:BartenderGlass":67,"Bag of Marbles":78,"Toxic Egg 2":15,"hermit:Momento":0,"hermit:Spyglass":54}],"WarpedTongs":[58],"Mercury Hourglass":[45]},"card_choices":[{"not_picked":["hermit:LowProfile","hermit:Cheat"],"picked":"hermit:Showdown","floor":1.0},{"not_picked":["hermit:HoleUp","hermit:Virtue"],"picked":"hermit:Roulette","floor":7.0},{"not_picked":["hermit:Misfire","hermit:Virtue"],"picked":"hermit:Quickdraw","floor":12.0},{"not_picked":["hermit:TrackingShot","hermit:Misfire"],"picked":"hermit:Maintenance+1","floor":14.0},{"not_picked":["hermit:BlackWind","hermit:Magnum"],"picked":"hermit:EternalForm","floor":16.0},{"not_picked":["hermit:CursedWeapon+1","hermit:SprayPray"],"picked":"hermit:DeadMansHand+1","floor":18.0},{"not_picked":["hermit:Desperado","hermit:Horror+1"],"picked":"hermit:Headshot+1","floor":21.0},{"not_picked":["hermit:Deadeye","hermit:Desperado+1"],"picked":"hermit:Combo","floor":24.0},{"not_picked":["hermit:GhostlyPresence+1","hermit:HighCaliber+1"],"picked":"hermit:TrackingShot+1","floor":27.0},{"not_picked":["hermit:Roulette+1","hermit:CalledShot+1"],"picked":"hermit:FatalDesire","floor":28.0},{"not_picked":["hermit:DeadMansHand+1","hermit:CalledShot+1"],"picked":"hermit:Desperado+1","floor":29.0},{"not_picked":["hermit:Misfire+1","hermit:Scavenge+1"],"picked":"hermit:Shortfuse+1","floor":31.0},{"not_picked":["hermit:DeadOrAlive","hermit:Reprieve+1"],"picked":"hermit:BlackWind","floor":33},{"not_picked":["hermit:Gestalt+1","hermit:BigShot"],"picked":"hermit:Glare+1","floor":35},{"not_picked":["hermit:HoleUp+1","hermit:DeadMansHand+1"],"picked":"hermit:ItchyTrigger+1","floor":38},{"not_picked":["hermit:Snipe+1","hermit:ItchyTrigger+1"],"picked":"hermit:Headshot+1","floor":42},{"not_picked":["hermit:SprayPray+1","hermit:Malice"],"picked":"hermit:Manifest+1","floor":44},{"not_picked":["hermit:Malice+1","hermit:CalledShot+1"],"picked":"hermit:ItchyTrigger+1","floor":46},{"not_picked":["hermit:HoleUp+1","hermit:Dive+1"],"picked":"hermit:Cheat+1","floor":48}],"player_experience":8694,"relics_obtained":[{"floor":9.0,"key":"Bag of Preparation"},{"floor":10.0,"key":"MawBank"},{"floor":14.0,"key":"Toxic Egg 2"},{"floor":20.0,"key":"War Paint"},{"floor":24.0,"key":"theForsaken:HumbleEgg"},{"floor":26.0,"key":"Runesmith:Nanobots"},{"floor":28.0,"key":"Happy Flower"},{"floor":43,"key":"Bag of Marbles"},{"floor":48,"key":"Mercury Hourglass"}],"event_choices":[{"damage_healed":0.0,"max_hp_gain":0.0,"max_hp_loss":0.0,"gold_gain":0.0,"event_name":"WeMeetAgain","player_choice":"Paid Gold","floor":3.0,"gold_loss":58.0,"damage_taken":0.0,"relics_obtained":["Juzu Bracelet"]},{"damage_healed":0.0,"max_hp_gain":0.0,"max_hp_loss":0.0,"gold_gain":62.0,"event_name":"Golden Wing","player_choice":"Gained Gold","floor":5.0,"gold_loss":0.0,"damage_taken":0.0},{"damage_healed":0.0,"max_hp_gain":0.0,"max_hp_loss":0.0,"gold_gain":0.0,"cards_transformed":["hermit:Defend_Hermit"],"event_name":"Transmorgrifier","player_choice":"Transformed","floor":11.0,"gold_loss":0.0,"damage_taken":0.0,"cards_obtained":["hermit:Dissolve"]},{"damage_healed":0.0,"max_hp_gain":0.0,"max_hp_loss":0.0,"gold_gain":0.0,"event_name":"Accursed Blacksmith","player_choice":"Rummage","floor":19.0,"gold_loss":0.0,"damage_taken":0.0,"relics_obtained":["WarpedTongs"],"cards_obtained":["Pain"]},{"damage_healed":0,"gold_gain":0,"cards_transformed":["hermit:BlackWind"],"player_choice":"Transformed","damage_taken":0,"max_hp_gain":0,"max_hp_loss":0,"event_name":"Transmorgrifier","floor":36,"gold_loss":0,"cards_obtained":["hermit:Adapt"]},{"damage_healed":0,"gold_gain":0,"player_choice":"Embrace Madness","damage_taken":9,"max_hp_gain":0,"max_hp_loss":0,"event_name":"Winding Halls","floor":37,"gold_loss":0,"cards_obtained":["Madness","Madness"]},{"damage_healed":66,"gold_gain":0,"player_choice":"Heal","damage_taken":0,"max_hp_gain":0,"max_hp_loss":9,"event_name":"The Moai Head","floor":39,"gold_loss":0}],"is_beta":false,"boss_relics":[{"not_picked":["Empty Cage","hermit:DentedPlate"],"picked":"Runesmith:UraniumAnvil"},{"not_picked":["SacredBark","Sozu"],"picked":"hermit:BartenderGlass"}],"items_purged_floors":[],"is_endless":false,"potions_floor_spawned":[21,28,31,33,35,38,48],"ascension_level":0}}