{"host":"96w701my2iz5vq9x","time":1613458185,"event":{"mods":["AchievementEnabler","BaseMod","Better Vampires","Glutton Mod","Minty Spire (QoL Compilation)","Shop Mod","StSLib","[GremlinLeader]The Maniac"],"gold_per_floor":[117,137,137,153,171,197,197,230,230,230,241,341,22,39,39,139,139,155,155,170,181,181,181,197,197,197,232,91,91,91,101,101,200,250,265,265,283,9,9,9,9,9,60,73,73,93,93,107,107,102],"floor_reached":51,"language":"ZHS","playtime":2085,"items_purged":["maniac:Strike","maniac:Defend","Bite"],"score":760,"play_id":"14587145-ce9b-4481-a749-f252334dff24","local_time":"20210216144945","is_ascension_mode":true,"campfire_choices":[{"data":"maniac:HammerDown","floor":7.0,"key":"SMITH"},{"data":"maniac:Intimidate","floor":10.0,"key":"SMITH"},{"floor":15.0,"key":"REST"},{"data":"maniac:Precision","floor":23.0,"key":"SMITH"},{"data":"maniac:UndyingDesire","floor":25.0,"key":"SMITH"},{"data":"maniac:SorceryHour","floor":32.0,"key":"SMITH"},{"data":"maniac:SorceryHour","floor":40,"key":"SMITH"},{"data":"maniac:UndyingDesire","floor":45,"key":"SMITH"},{"data":"maniac:UndyingDesire","floor":47,"key":"SMITH"},{"data":"maniac:UndyingDesire","floor":49,"key":"SMITH"}],"circlet_count":0,"master_deck":["maniac:Defend","maniac:Defend","maniac:Defend+1","maniac:BurnBlood+1","maniac:AbyssShackle","maniac:BladeShoot","maniac:Intimidate+1","maniac:DashForward","maniac:HammerDown+1","maniac:WardAndDefend","maniac:MortalSteel","maniac:Precision+1","Bite","Bite","Bite","maniac:UndyingDesire+1","maniac:UndyingDesire+1","maniac:BladeArtist","maniac:SorceryHour+1","maniac:SorceryHour+1","maniac:UndyingDesire+1","maniac:BurnBlood","maniac:UndyingDesire+1","maniac:UndyingDesire+1"],"relics":["maniac:DamagedAnvil","maniac:BrokenHorn","Dead Branch","maniac:SmartDetector","Tiny Chest","Gremlin Horn","Coffee Dripper","Bird Faced Urn","White Beast Statue","Bottled Flame","Tiny House","Pen Nib","Blue Candle","Art of War"],"acts_visited":["Exordium","TheCity","TheBeyond"],"potions_floor_usage":[],"damage_taken":[{"damage":3.0,"enemies":"Small Slimes","floor":1.0,"turns":2.0},{"damage":3.0,"enemies":"Cultist","floor":2.0,"turns":2.0},{"damage":3.0,"enemies":"Jaw Worm","floor":4.0,"turns":3.0},{"damage":13.0,"enemies":"Large Slime","floor":5.0,"turns":4.0},{"damage":9.0,"enemies":"Gremlin Nob","floor":6.0,"turns":3.0},{"damage":18.0,"enemies":"3 Sentries","floor":8.0,"turns":4.0},{"damage":0.0,"enemies":"3 Louse","floor":11.0,"turns":3.0},{"damage":0.0,"enemies":"Gremlin Gang","floor":14.0,"turns":1.0},{"damage":6.0,"enemies":"Slime Boss","floor":16.0,"turns":11.0},{"damage":1.0,"enemies":"Chosen","floor":18.0,"turns":2.0},{"damage":5.0,"enemies":"3 Byrds","floor":20.0,"turns":3.0},{"damage":3.0,"enemies":"3 Cultists","floor":21.0,"turns":3.0},{"damage":11.0,"enemies":"Cultist and Chosen","floor":24.0,"turns":3.0},{"damage":12.0,"enemies":"Gremlin Leader","floor":27.0,"turns":2.0},{"damage":7.0,"enemies":"Centurion and Healer","floor":31.0,"turns":2.0},{"damage":15.0,"enemies":"Collector","floor":33.0,"turns":4.0},{"damage":6.0,"enemies":"3 Darklings","floor":35.0,"turns":2.0},{"damage":6,"enemies":"Orb Walker","floor":37,"turns":2},{"damage":28,"enemies":"4 Shapes","floor":44,"turns":2},{"damage":18,"enemies":"Jaw Worm Horde","floor":46,"turns":1},{"damage":6,"enemies":"Spire Growth","floor":48,"turns":2},{"damage":32,"enemies":"Donu and Deca","floor":50,"turns":3}],"seed_played":"-1372124293723718813","potions_obtained":[{"floor":1.0,"key":"LiquidBronze"},{"floor":4.0,"key":"DuplicationPotion"},{"floor":5.0,"key":"SkillPotion"},{"floor":8.0,"key":"DistilledChaos"},{"floor":16.0,"key":"Regen Potion"},{"floor":21.0,"key":"Fire Potion"},{"floor":27.0,"key":"EntropicBrew"},{"floor":35.0,"key":"DistilledChaos"},{"floor":37,"key":"Swift Potion"}],"is_trial":false,"path_per_floor":["M","M","?","M","M","E","R","E","T","R","M","?","$","M","R","B",null,"M","?","M","M","T","R","M","R","T","E","$","?","$","M","R","B",null,"M","?","M","$","T","R","$","?","T","M","R","M","R","M","R","B",null],"character_chosen":"THE_MANIAC","items_purchased":["Gremlin Horn","maniac:BladeArtist","Pen Nib"],"campfire_rested":1,"item_purchase_floors":[13,28,38],"current_hp_per_floor":[77,74,79,76,63,54,54,36,36,36,36,36,36,36,61,55,85,84,64,63,64,64,64,55,55,55,53,53,53,53,48,48,43,69,66,66,62,62,62,62,62,62,62,42,42,30,30,28,28,6],"gold":102,"neow_bonus":"UPGRADE_CARD","is_daily":false,"chose_seed":false,"campfire_upgraded":9,"win_rate":0.0,"timestamp":1613458185,"path_taken":["M","M","?","M","M","E","R","E","T","R","M","?","$","?","R","BOSS","M","?","M","M","?","R","M","R","T","E","$","?","$","M","R","BOSS","M","?","?","$","?","R","?","?","T","M","R","M","R","M","R","BOSS"],"items_purchased_type":["Relic","Card","Relic"],"build_version":"2020-12-22","purchased_purges":3,"victory":true,"max_hp_per_floor":[80,80,85,85,85,85,85,85,85,85,85,85,85,85,85,85,85,85,64,64,64,64,64,64,64,64,64,64,64,64,64,64,64,69,69,69,69,69,69,69,69,66,66,66,66,66,66,66,66,66],"card_choices":[{"not_picked":["maniac:Recollect","maniac:Feint"],"picked":"maniac:BladeShoot","floor":1.0},{"not_picked":["maniac:MeleeStrike","maniac:Infuriate"],"picked":"maniac:Intimidate","floor":2.0},{"not_picked":["maniac:Refine","maniac:ExpectedMoves"],"picked":"maniac:DashForward","floor":4.0},{"not_picked":["maniac:Refine","maniac:DashForward","maniac:WardAndDefend"],"picked":"SKIP","floor":5.0},{"not_picked":["maniac:BladeShoot","maniac:DashForward"],"picked":"maniac:HammerDown","floor":6.0},{"not_picked":["maniac:TorturousScreams","maniac:SeekerKnife"],"picked":"maniac:WardAndDefend","floor":8.0},{"not_picked":["maniac:MeleeStrike","maniac:Refine"],"picked":"maniac:MortalSteel","floor":11.0},{"not_picked":["maniac:UntravelledPath","maniac:PanickyParry","maniac:MeleeStrike"],"picked":"SKIP","floor":14.0},{"not_picked":["maniac:MeleeStrike","maniac:Exterminator"],"picked":"maniac:Precision","floor":18.0},{"not_picked":["maniac:PanickyParry","maniac:DashForward","maniac:ListenToNone"],"picked":"SKIP","floor":20.0},{"not_picked":["maniac:FindAShortcut","maniac:Refine"],"picked":"maniac:UndyingDesire+1","floor":21.0},{"not_picked":["maniac:RallyToMe","maniac:UndyingDesire","maniac:BladesInCloak"],"picked":"SKIP","floor":24.0},{"not_picked":["maniac:RallyToMe","maniac:BladesInCloak"],"picked":"maniac:UndyingDesire","floor":24.0},{"not_picked":["maniac:PerceiveDanger+1","maniac:SecretBackups+1","maniac:SpectralKnives"],"picked":"SKIP","floor":27.0},{"not_picked":["maniac:PerceiveDanger+1","maniac:SecretBackups+1","maniac:SpectralKnives"],"picked":"SKIP","floor":27.0},{"not_picked":["maniac:MeleeStrike","maniac:Refine","maniac:BladeEnd"],"picked":"SKIP","floor":31.0},{"not_picked":["maniac:ListenToNone","maniac:BladeShoot"],"picked":"maniac:SorceryHour","floor":34.0},{"not_picked":["maniac:ReconstructWounds+1","maniac:UntravelledPath"],"picked":"maniac:UndyingDesire","floor":35.0},{"not_picked":["maniac:BladesInCloak+1","maniac:SeekerKnife+1"],"picked":"maniac:UndyingDesire","floor":37},{"not_picked":["maniac:ShelteringEdge+1","maniac:FindAShortcut"],"picked":"maniac:UndyingDesire","floor":44},{"not_picked":["maniac:PanickyParry","maniac:Feint","maniac:DashForward"],"picked":"SKIP","floor":46},{"not_picked":["maniac:ManipulatedFaith+1","maniac:ShadowContact","maniac:SeekerKnife+1"],"picked":"SKIP","floor":48},{"not_picked":["maniac:ManipulatedFaith+1","maniac:ShadowContact","maniac:SeekerKnife+1"],"picked":"SKIP","floor":48}],"player_experience":378286,"relics_obtained":[{"floor":6.0,"key":"Dead Branch"},{"floor":8.0,"key":"maniac:SmartDetector"},{"floor":9.0,"key":"Tiny Chest"},{"floor":22.0,"key":"Bird Faced Urn"},{"floor":26.0,"key":"White Beast Statue"},{"floor":27.0,"key":"Bottled Flame"},{"floor":39,"key":"Blue Candle"},{"floor":43,"key":"Art of War"}],"event_choices":[{"damage_healed":0.0,"max_hp_gain":5.0,"max_hp_loss":0.0,"gold_gain":0.0,"event_name":"Big Fish","player_choice":"Donut","floor":3.0,"gold_loss":0.0,"damage_taken":0.0},{"damage_healed":0.0,"max_hp_gain":0.0,"max_hp_loss":0.0,"gold_gain":100.0,"event_name":"Golden Shrine","player_choice":"Pray","floor":12.0,"gold_loss":0.0,"damage_taken":0.0},{"damage_healed":0.0,"max_hp_gain":0.0,"max_hp_loss":21.0,"gold_gain":0.0,"event_name":"Vampires","player_choice":"Became a vampire","floor":19.0,"gold_loss":0.0,"damage_taken":0.0,"cards_obtained":["Bite","Bite","Bite","Bite"]},{"damage_healed":0.0,"max_hp_gain":0.0,"max_hp_loss":0.0,"gold_gain":0.0,"event_name":"The Library","player_choice":"Read","floor":29.0,"gold_loss":0.0,"damage_taken":0.0,"cards_obtained":["maniac:SorceryHour"]},{"damage_healed":0,"gold_gain":0,"player_choice":"1 cards matched","damage_taken":0,"max_hp_gain":0,"max_hp_loss":0,"event_name":"Match and Keep!","floor":36,"gold_loss":0,"cards_obtained":["maniac:BurnBlood"]},{"damage_healed":0,"gold_gain":0,"player_choice":"Max HP","damage_taken":0,"max_hp_gain":0,"max_hp_loss":3,"event_name":"Winding Halls","floor":42,"gold_loss":0}],"is_beta":false,"boss_relics":[{"not_picked":["Cursed Key","Busted Crown"],"picked":"Coffee Dripper"},{"not_picked":["Black Star","SlaversCollar"],"picked":"Tiny House"}],"items_purged_floors":[13,28,38],"is_endless":false,"potions_floor_spawned":[1,4,5,8,16,20,21,27,31,33,35,37,44,46,48],"ascension_level":1}}