{"host":"p9t7qd83igtcp2bh","time":1613457334,"event":{"mods":["2.2 Compatiblity","AchievementEnabler","BaseMod","Colored Map","Colored Powertips","Custom Start","DeckTracker","Keyboard Shortcuts","Minty Spire (QoL Compilation)","Permanent Neow","StSLib","SuperFastMode","everything is the same but u backflip on backflip"],"gold_per_floor":[114,164,174,192,203,203,228,101,126,143,143,168,168,184,184,259,259,274,274,294,321,321,321,335,370,370,389,389,408,148,163,163,237,237,251,306,322,322,322,349,349,362,386,397,397,410,41,58,58,58],"floor_reached":51,"language":"KOR","playtime":1685,"items_purged":["Defend_P","Strike_P","Strike_P"],"score":1353,"play_id":"e1c18f10-7e6c-4534-8463-870bbcac4983","local_time":"20210216153534","is_ascension_mode":true,"campfire_choices":[{"data":"Eruption","floor":6.0,"key":"SMITH"},{"data":"Brilliance","floor":11.0,"key":"SMITH"},{"floor":15.0,"key":"REST"},{"data":"Vault","floor":23.0,"key":"SMITH"},{"floor":28.0,"key":"REST"},{"data":"Prostrate","floor":32.0,"key":"SMITH"},{"floor":41.0,"key":"REST"},{"data":"WindmillStrike","floor":45.0,"key":"SMITH"},{"data":"ForeignInfluence","floor":49,"key":"SMITH"}],"circlet_count":0,"master_deck":["AscendersBane","Strike_P","Strike_P","Defend_P","Defend_P","Defend_P","Eruption+1","Vigilance","ReachHeaven","ThirdEye","FlyingSleeves","Wallop","Brilliance+1","Prostrate+1","Swivel","SashWhip","FollowUp","Omniscience+1","Vault+1","Prostrate","FlurryOfBlows","CrushJoints","Protect+1","SandsOfTime","Omniscience","WindmillStrike+1","FearNoEvil","ForeignInfluence+1","EmptyBody"],"relics":["PureWater","NeowsBlessing","Tiny Chest","Dream Catcher","Regal Pillow","Busted Crown","Vajra","Bag of Preparation","Sundial","Cauldron","Snecko Eye","Incense Burner","StrikeDummy","Pen Nib","MealTicket"],"acts_visited":["Exordium","TheCity","TheBeyond"],"potions_floor_usage":[50],"damage_taken":[{"damage":0.0,"enemies":"Jaw Worm","floor":1.0,"turns":1.0},{"damage":0.0,"enemies":"Cultist","floor":3.0,"turns":1.0},{"damage":0.0,"enemies":"Small Slimes","floor":4.0,"turns":1.0},{"damage":6.0,"enemies":"2 Fungi Beasts","floor":5.0,"turns":4.0},{"damage":8.0,"enemies":"Gremlin Nob","floor":7.0,"turns":3.0},{"damage":13.0,"enemies":"Exordium Wildlife","floor":10.0,"turns":3.0},{"damage":14.0,"enemies":"Lagavulin","floor":12.0,"turns":7.0},{"damage":0.0,"enemies":"Blue Slaver","floor":14.0,"turns":3.0},{"damage":36.0,"enemies":"Slime Boss","floor":16.0,"turns":6.0},{"damage":0.0,"enemies":"Spheric Guardian","floor":18.0,"turns":2.0},{"damage":0.0,"enemies":"Chosen","floor":20.0,"turns":4.0},{"damage":13.0,"enemies":"Snecko","floor":24.0,"turns":4.0},{"damage":29.0,"enemies":"Book of Stabbing","floor":25.0,"turns":5.0},{"damage":4.0,"enemies":"Cultist and Chosen","floor":27.0,"turns":7.0},{"damage":9.0,"enemies":"Shelled Parasite and Fungi","floor":29.0,"turns":3.0},{"damage":3.0,"enemies":"3 Cultists","floor":31.0,"turns":4.0},{"damage":24.0,"enemies":"Collector","floor":33.0,"turns":8.0},{"damage":5.0,"enemies":"Orb Walker","floor":35.0,"turns":3.0},{"damage":0.0,"enemies":"2 Orb Walkers","floor":36.0,"turns":3.0},{"damage":1.0,"enemies":"3 Shapes","floor":37.0,"turns":4.0},{"damage":29.0,"enemies":"Nemesis","floor":40.0,"turns":6.0},{"damage":1.0,"enemies":"3 Darklings","floor":42.0,"turns":3.0},{"damage":0.0,"enemies":"Writhing Mass","floor":44.0,"turns":4.0},{"damage":0.0,"enemies":"4 Shapes","floor":46.0,"turns":7.0},{"damage":9,"enemies":"Jaw Worm Horde","floor":48,"turns":3},{"damage":40,"enemies":"Donu and Deca","floor":50,"turns":9}],"seed_played":"6247568479755475799","potions_obtained":[{"floor":4.0,"key":"FearPotion"},{"floor":5.0,"key":"BlessingOfTheForge"},{"floor":12.0,"key":"EssenceOfSteel"},{"floor":20.0,"key":"Explosive Potion"},{"floor":24.0,"key":"Regen Potion"},{"floor":30.0,"key":"EntropicBrew"},{"floor":30.0,"key":"CultistPotion"},{"floor":35.0,"key":"Ambrosia"},{"floor":36.0,"key":"EssenceOfSteel"},{"floor":42.0,"key":"PowerPotion"},{"floor":46.0,"key":"Block Potion"}],"is_trial":false,"path_per_floor":["M","?","M","M","M","R","E","$","T","M","R","E","?","M","R","B",null,"M","?","M","T","?","R","M","E","T","M","R","M","$","M","R","B",null,"M","?","M","?","T","E","R","M","T","M","R","M","$","M","R","B",null],"character_chosen":"WATCHER","items_purchased":["Prostrate","Cauldron","Fruit Juice","SpeedPotion","ForeignInfluence"],"campfire_rested":3,"item_purchase_floors":[8,30,47,47,47],"current_hp_per_floor":[61,61,61,61,55,55,47,47,47,34,34,20,25,25,61,25,61,61,61,61,61,61,61,48,24,24,20,56,47,47,44,44,20,60,55,55,54,54,54,25,61,60,60,60,60,60,78,69,69,29],"gold":58,"neow_bonus":"THREE_ENEMY_KILL","is_daily":false,"chose_seed":false,"campfire_upgraded":6,"win_rate":0.0,"timestamp":1613457334,"path_taken":["M","?","M","?","M","R","E","$","T","M","R","E","?","M","R","BOSS","M","?","?","?","?","R","M","E","T","M","R","M","$","M","R","BOSS","M","?","M","?","?","E","R","M","T","M","R","M","$","M","R","BOSS"],"items_purchased_type":["Card","Relic","Potion","Potion","Card"],"build_version":"2020-12-22","purchased_purges":3,"victory":true,"max_hp_per_floor":[68,68,68,68,68,68,68,68,68,68,68,68,73,73,73,73,73,73,73,73,73,73,73,73,73,73,73,73,73,73,73,73,73,73,73,73,73,73,73,73,73,73,73,73,73,73,78,78,78,78],"card_choices":[{"not_picked":["BowlingBash","CutThroughFate"],"picked":"ReachHeaven","floor":1.0},{"not_picked":["FlyingSleeves","LikeWater"],"picked":"ThirdEye","floor":3.0},{"not_picked":["CutThroughFate","ClearTheMind"],"picked":"FlyingSleeves","floor":4.0},{"not_picked":["Crescendo","LikeWater"],"picked":"Wallop","floor":5.0},{"not_picked":["Fasting2","Nirvana"],"picked":"Brilliance","floor":7.0},{"not_picked":["EmptyFist","FlyingSleeves"],"picked":"Swivel","floor":10.0},{"not_picked":["Halt","PathToVictory"],"picked":"SashWhip","floor":12.0},{"not_picked":["Consecrate","EmptyMind"],"picked":"FollowUp","floor":14.0},{"not_picked":["Evaluate","Halt"],"picked":"Omniscience","floor":15.0},{"not_picked":["LessonLearned","Brilliance"],"picked":"Vault","floor":16.0},{"not_picked":["WreathOfFlame"],"picked":"SKIP","floor":18.0},{"not_picked":["Wireheading"],"picked":"SKIP","floor":20.0},{"not_picked":[],"picked":"Prostrate","floor":24.0},{"not_picked":[],"picked":"FlurryOfBlows","floor":25.0},{"not_picked":["FlyingSleeves"],"picked":"SKIP","floor":27.0},{"not_picked":[],"picked":"CrushJoints","floor":28.0},{"not_picked":["Conclude"],"picked":"SKIP","floor":29.0},{"not_picked":["CutThroughFate"],"picked":"SKIP","floor":31.0},{"not_picked":["FlyingSleeves"],"picked":"SKIP","floor":35.0},{"not_picked":[],"picked":"Protect+1","floor":37.0},{"not_picked":[],"picked":"WindmillStrike","floor":40.0},{"not_picked":[],"picked":"FearNoEvil","floor":41.0},{"not_picked":["WaveOfTheHand+1"],"picked":"SKIP","floor":42.0},{"not_picked":["FlyingSleeves+1"],"picked":"SKIP","floor":44.0},{"not_picked":["ThirdEye"],"picked":"SKIP","floor":46.0},{"not_picked":[],"picked":"EmptyBody","floor":48}],"player_experience":730734,"relics_obtained":[{"floor":7.0,"key":"Tiny Chest"},{"floor":9.0,"key":"Dream Catcher"},{"floor":12.0,"key":"Regal Pillow"},{"floor":21.0,"key":"Vajra"},{"floor":25.0,"key":"Bag of Preparation"},{"floor":26.0,"key":"Sundial"},{"floor":36.0,"key":"Incense Burner"},{"floor":39.0,"key":"StrikeDummy"},{"floor":40.0,"key":"Pen Nib"},{"floor":43.0,"key":"MealTicket"}],"event_choices":[{"damage_healed":0.0,"max_hp_gain":0.0,"max_hp_loss":0.0,"gold_gain":50.0,"event_name":"Golden Shrine","player_choice":"Pray","floor":2.0,"gold_loss":0.0,"damage_taken":0.0},{"damage_healed":0.0,"max_hp_gain":5.0,"max_hp_loss":0.0,"gold_gain":0.0,"event_name":"Big Fish","player_choice":"Donut","floor":13.0,"gold_loss":0.0,"damage_taken":0.0},{"damage_healed":0.0,"max_hp_gain":0.0,"max_hp_loss":0.0,"gold_gain":0.0,"event_name":"Upgrade Shrine","player_choice":"Upgraded","floor":19.0,"gold_loss":0.0,"damage_taken":0.0,"cards_upgraded":["Omniscience"]},{"damage_healed":0.0,"max_hp_gain":0.0,"max_hp_loss":0.0,"gold_gain":0.0,"event_name":"Ghosts","player_choice":"Ignored","floor":22.0,"gold_loss":0.0,"damage_taken":0.0},{"damage_healed":0.0,"max_hp_gain":0.0,"max_hp_loss":0.0,"gold_gain":0.0,"event_name":"Mysterious Sphere","player_choice":"Fight","floor":36.0,"gold_loss":0.0,"damage_taken":0.0},{"damage_healed":0.0,"max_hp_gain":0.0,"max_hp_loss":0.0,"gold_gain":0.0,"event_name":"Match and Keep!","player_choice":"2 cards matched","floor":38.0,"gold_loss":0.0,"damage_taken":0.0,"cards_obtained":["SandsOfTime","Omniscience"]}],"is_beta":false,"boss_relics":[{"not_picked":["Coffee Dripper","Cursed Key"],"picked":"Busted Crown"},{"not_picked":["Velvet Choker","Empty Cage"],"picked":"Snecko Eye"}],"items_purged_floors":[8,30,47],"is_endless":false,"potions_floor_spawned":[4,5,12,20,24,31,35,36,42,46],"ascension_level":18}}