{"host":"test","time":1613461036,"event":{"mods":["BaseMod","Colored Map","Colored Powertips","Minty Spire (QoL Compilation)","Relic Stats","Slay the Relics Exporter","SpireBot","StSLib","ojb\u0027s Better Paths Mod","ojb\u0027s Info Mod"],"gold_per_floor":[112,131,150,169,169,201,201,235,235,235,72,107,107,119,119,196,196,215,227,227,227,240,267,267,296,365,400,411,13,27,58,58,133,133,143,153,35,51,76,104,104,131,158,158,188,62,91,138,138,138,138,138,138,26,55,55],"floor_reached":57,"language":"JPN","playtime":4939,"items_purged":["Strike_G","Strike_G"],"score":3057,"play_id":"b5728c01-7922-48c5-81c7-f4ecdf1abba6","local_time":"20210216163716","is_ascension_mode":true,"campfire_choices":[{"data":"After Image","floor":7.0,"key":"SMITH"},{"data":"Die Die Die","floor":10.0,"key":"SMITH"},{"data":"Crippling Poison","floor":13.0,"key":"SMITH"},{"data":"Blade Dance","floor":15.0,"key":"SMITH"},{"floor":24.0,"key":"REST"},{"data":"Footwork","floor":32.0,"key":"SMITH"},{"data":"Well Laid Plans","floor":41.0,"key":"SMITH"},{"floor":44.0,"key":"RECALL"},{"data":"Footwork","floor":49.0,"key":"SMITH"},{"data":"Footwork","floor":53.0,"key":"SMITH"}],"circlet_count":0,"master_deck":["AscendersBane","Defend_G","Defend_G","Defend_G","Defend_G","Defend_G","Survivor","Neutralize","Corpse Explosion","All Out Attack","Blade Dance+1","Die Die Die+1","Infinite Blades","Choke","After Image+1","Crippling Poison+1","Well Laid Plans+1","Dash","Bullet Time","Crippling Poison+1","Underhanded Strike+1","All Out Attack+1","Quick Slash+1","Footwork+1","After Image+1","Accuracy","Adrenaline+1","Backstab","PanicButton+1","Acrobatics+1","Caltrops+1","Tools of the Trade","Footwork+1","Outmaneuver+1","Leg Sweep+1","Footwork+1","PiercingWail+1","Terror+1","Cloak And Dagger+1","Outmaneuver+1","PiercingWail+1","Blade Dance+1","Cloak And Dagger+1","Acrobatics+1","Acrobatics+1","After Image"],"relics":["Ring of the Snake","InkBottle","Bottled Flame","Mercury Hourglass","ClockworkSouvenir","Anchor","Astrolabe","Lizard Tail","Toxic Egg 2","Letter Opener","Vajra","Potion Belt","Eternal Feather","Runic Dome","Ginger","Regal Pillow","Dead Branch","The Courier","Incense Burner","TungstenRod","Bag of Preparation"],"acts_visited":["Exordium","TheCity","TheBeyond","TheEnding"],"potions_floor_usage":[56],"damage_taken":[{"damage":5.0,"enemies":"Jaw Worm","floor":1.0,"turns":6.0},{"damage":1.0,"enemies":"Cultist","floor":2.0,"turns":4.0},{"damage":0.0,"enemies":"2 Louse","floor":3.0,"turns":2.0},{"damage":0.0,"enemies":"Lots of Slimes","floor":4.0,"turns":1.0},{"damage":7.0,"enemies":"3 Sentries","floor":6.0,"turns":2.0},{"damage":10.0,"enemies":"Lagavulin","floor":8.0,"turns":9.0},{"damage":11.0,"enemies":"Gremlin Nob","floor":12.0,"turns":3.0},{"damage":0.0,"enemies":"Red Slaver","floor":14.0,"turns":3.0},{"damage":16.0,"enemies":"Slime Boss","floor":16.0,"turns":8.0},{"damage":0.0,"enemies":"Spheric Guardian","floor":18.0,"turns":1.0},{"damage":5.0,"enemies":"Chosen","floor":19.0,"turns":5.0},{"damage":7.0,"enemies":"Snecko","floor":22.0,"turns":6.0},{"damage":6.0,"enemies":"Gremlin Leader","floor":23.0,"turns":4.0},{"damage":12.0,"enemies":"Book of Stabbing","floor":25.0,"turns":6.0},{"damage":17.0,"enemies":"Gremlin Leader","floor":27.0,"turns":7.0},{"damage":20.0,"enemies":"Centurion and Healer","floor":28.0,"turns":4.0},{"damage":0.0,"enemies":"Chosen and Byrds","floor":30.0,"turns":4.0},{"damage":7.0,"enemies":"Slavers","floor":31.0,"turns":2.0},{"damage":7.0,"enemies":"Collector","floor":33.0,"turns":10.0},{"damage":0.0,"enemies":"3 Shapes","floor":35.0,"turns":3.0},{"damage":0.0,"enemies":"Orb Walker","floor":36.0,"turns":2.0},{"damage":0.0,"enemies":"4 Shapes","floor":38.0,"turns":2.0},{"damage":0.0,"enemies":"Mind Bloom Boss Battle","floor":39.0,"turns":8.0},{"damage":2.0,"enemies":"Reptomancer","floor":40.0,"turns":4.0},{"damage":12.0,"enemies":"Giant Head","floor":42.0,"turns":9.0},{"damage":4.0,"enemies":"Nemesis","floor":45.0,"turns":3.0},{"damage":0.0,"enemies":"Reptomancer","floor":47.0,"turns":5.0},{"damage":23.0,"enemies":"2 Orb Walkers","floor":48.0,"turns":4.0},{"damage":3.0,"enemies":"Time Eater","floor":50.0,"turns":13.0},{"damage":18.0,"enemies":"Awakened One","floor":51.0,"turns":17.0},{"damage":0,"enemies":"Shield and Spear","floor":55,"turns":6},{"damage":3,"enemies":"The Heart","floor":56,"turns":8}],"seed_played":"-7788487669075017560","potions_obtained":[{"floor":1.0,"key":"Swift Potion"},{"floor":2.0,"key":"Weak Potion"},{"floor":8.0,"key":"LiquidBronze"},{"floor":14.0,"key":"DuplicationPotion"},{"floor":16.0,"key":"SpeedPotion"},{"floor":22.0,"key":"SteroidPotion"},{"floor":23.0,"key":"Explosive Potion"},{"floor":28.0,"key":"Explosive Potion"},{"floor":31.0,"key":"GhostInAJar"},{"floor":33.0,"key":"PowerPotion"},{"floor":36.0,"key":"ColorlessPotion"},{"floor":40.0,"key":"FearPotion"},{"floor":42.0,"key":"GamblersBrew"},{"floor":48.0,"key":"Strength Potion"}],"is_trial":false,"path_per_floor":["M","M","M","M","?","E","R","E","T","R","$","E","R","M","R","B",null,"M","M","?","?","M","E","R","E","T","E","M","$","M","E","R","B",null,"M","M","$","M","?","E","R","E","T","R","E","$","E","?","R","B","B",null,"R","$","E","B",null],"character_chosen":"THE_SILENT","items_purchased":["ClockworkSouvenir","PanicButton+1","Potion Belt","ColorlessPotion","Leg Sweep+1","Footwork","Blade Dance+1","LiquidMemories","Acrobatics+1"],"campfire_rested":1,"item_purchase_floors":[11,29,29,29,37,37,46,54,54],"current_hp_per_floor":[54,53,53,53,53,46,46,36,36,36,36,25,25,25,25,9,47,47,42,42,42,35,29,47,35,35,18,30,30,30,23,41,34,54,54,54,54,54,54,52,60,48,48,60,56,56,56,33,57,54,36,54,60,60,60,57],"gold":55,"neow_bonus":"THREE_RARE_CARDS","is_daily":false,"chose_seed":true,"campfire_upgraded":8,"win_rate":0.0,"timestamp":1613461036,"path_taken":["M","M","M","M","?","E","R","E","T","R","?","E","R","M","R","BOSS","M","?","?","?","M","E","R","E","T","E","M","$","M","E","R","BOSS","M","?","?","M","?","E","R","E","T","R","E","$","E","?","R","BOSS","BOSS","R","$","E","BOSS"],"items_purchased_type":["Relic","Card","Relic","Potion","Card","Card","Card","Potion","Card"],"build_version":"2020-12-18","purchased_purges":2,"victory":true,"max_hp_per_floor":[60,60,60,60,60,60,60,60,60,60,60,60,60,60,60,60,60,60,60,60,60,60,60,60,60,60,60,60,60,60,60,60,60,60,60,60,60,60,60,60,60,60,60,60,60,60,60,60,60,60,60,60,60,60,60,60],"relic_stats":{"Regal Pillow":0,"counters":[32,171],"Astrolabe":["Crippling Poison","Underhanded Strike","All Out Attack"],"Dead Branch":[202],"Eternal Feather":68,"Bag of Preparation":[2],"Letter Opener":[321],"Ginger":[10],"Mercury Hourglass":[579],"Lizard Tail":30,"obtain_stats":[{"Potion Belt":29,"Regal Pillow":40,"Astrolabe":17,"Dead Branch":42,"Vajra":27,"Eternal Feather":31,"The Courier":45,"Incense Burner":47,"Bag of Preparation":55,"Letter Opener":26,"Ginger":39,"Mercury Hourglass":9,"ClockworkSouvenir":11,"Runic Dome":34,"Bottled Flame":8,"Anchor":12,"Lizard Tail":23,"Toxic Egg 2":25,"InkBottle":6,"TungstenRod":48,"Ring of the Snake":0},{"Potion Belt":16,"Regal Pillow":24,"Astrolabe":9,"Dead Branch":25,"Vajra":15,"Eternal Feather":18,"The Courier":26,"Incense Burner":27,"Bag of Preparation":31,"Letter Opener":14,"Ginger":23,"Mercury Hourglass":6,"ClockworkSouvenir":6,"Runic Dome":19,"Bottled Flame":6,"Anchor":7,"Lizard Tail":13,"Toxic Egg 2":14,"InkBottle":5,"TungstenRod":28,"Ring of the Snake":0},{"Potion Belt":71,"Regal Pillow":106,"Astrolabe":38,"Dead Branch":115,"Vajra":67,"Eternal Feather":77,"The Courier":118,"Incense Burner":123,"Bag of Preparation":163,"Letter Opener":60,"Ginger":102,"Mercury Hourglass":24,"ClockworkSouvenir":24,"Runic Dome":87,"Bottled Flame":24,"Anchor":27,"Lizard Tail":54,"Toxic Egg 2":60,"InkBottle":15,"TungstenRod":127,"Ring of the Snake":0}],"InkBottle":[79],"TungstenRod":7,"Ring of the Snake":[64]},"card_choices":[{"not_picked":["Tools of the Trade","Envenom"],"picked":"Corpse Explosion","floor":0.0},{"not_picked":["Cloak And Dagger","Leg Sweep"],"picked":"All Out Attack","floor":1.0},{"not_picked":["Deflect","Underhanded Strike"],"picked":"Blade Dance","floor":2.0},{"not_picked":["Underhanded Strike","Tactician"],"picked":"Die Die Die","floor":3.0},{"not_picked":["Expertise","Quick Slash"],"picked":"Infinite Blades","floor":4.0},{"not_picked":["Cloak And Dagger","Dodge and Roll"],"picked":"After Image","floor":6.0},{"not_picked":["Acrobatics","Caltrops"],"picked":"Crippling Poison","floor":8.0},{"not_picked":["Dodge and Roll","Leg Sweep"],"picked":"Well Laid Plans","floor":12.0},{"not_picked":["Dagger Spray","Caltrops"],"picked":"Dash","floor":14.0},{"not_picked":["Unload","Grand Finale"],"picked":"Bullet Time","floor":16.0},{"not_picked":["Reflex","Predator"],"picked":"Quick Slash+1","floor":18.0},{"not_picked":["Poisoned Stab+1","Caltrops"],"picked":"Footwork","floor":19.0},{"not_picked":["Crippling Poison","Flying Knee","Masterful Stab"],"picked":"SKIP","floor":22.0},{"not_picked":["Endless Agony","Concentrate"],"picked":"Accuracy","floor":23.0},{"not_picked":["Leg Sweep+1","Finisher"],"picked":"Adrenaline+1","floor":25.0},{"not_picked":["Slice","Flying Knee","Deadly Poison+1"],"picked":"SKIP","floor":27.0},{"not_picked":["Eviscerate","Slice"],"picked":"Backstab","floor":28.0},{"not_picked":["Flying Knee","Quick Slash"],"picked":"Acrobatics+1","floor":30.0},{"not_picked":["Slice","Masterful Stab"],"picked":"Caltrops+1","floor":31.0},{"not_picked":["Bullet Time+1","Storm of Steel+1"],"picked":"Tools of the Trade","floor":33.0},{"not_picked":["Deflect+1","Cloak And Dagger+1"],"picked":"Footwork","floor":35.0},{"not_picked":["Underhanded Strike","Eviscerate"],"picked":"Outmaneuver+1","floor":36.0},{"not_picked":["Deflect+1","Reflex+1"],"picked":"PiercingWail+1","floor":38.0},{"not_picked":["Catalyst+1","Acrobatics+1"],"picked":"Terror+1","floor":39.0},{"not_picked":["Dagger Throw+1","Slice+1"],"picked":"Cloak And Dagger+1","floor":40.0},{"not_picked":["Heel Hook","Expertise+1"],"picked":"Outmaneuver+1","floor":42.0},{"not_picked":["Dagger Throw","Quick Slash+1"],"picked":"PiercingWail+1","floor":45.0},{"not_picked":["Eviscerate+1","Dagger Spray"],"picked":"Cloak And Dagger+1","floor":47.0},{"not_picked":["Bullet Time+1","Dash"],"picked":"Acrobatics+1","floor":48.0},{"not_picked":["Accuracy","Grand Finale"],"picked":"After Image","floor":55}],"player_experience":2052414,"relics_obtained":[{"floor":6.0,"key":"InkBottle"},{"floor":8.0,"key":"Bottled Flame"},{"floor":9.0,"key":"Mercury Hourglass"},{"floor":12.0,"key":"Anchor"},{"floor":23.0,"key":"Lizard Tail"},{"floor":25.0,"key":"Toxic Egg 2"},{"floor":26.0,"key":"Letter Opener"},{"floor":27.0,"key":"Vajra"},{"floor":31.0,"key":"Eternal Feather"},{"floor":39.0,"key":"Ginger"},{"floor":40.0,"key":"Regal Pillow"},{"floor":42.0,"key":"Dead Branch"},{"floor":45.0,"key":"The Courier"},{"floor":47.0,"key":"Incense Burner"},{"floor":48.0,"key":"TungstenRod"},{"floor":55,"key":"Bag of Preparation"}],"event_choices":[{"damage_healed":0.0,"max_hp_gain":0.0,"max_hp_loss":0.0,"gold_gain":0.0,"event_name":"Match and Keep!","player_choice":"1 cards matched","floor":5.0,"gold_loss":0.0,"damage_taken":0.0,"cards_obtained":["Choke"]},{"damage_healed":0.0,"max_hp_gain":0.0,"max_hp_loss":0.0,"gold_gain":0.0,"event_name":"The Mausoleum","player_choice":"Ignored","floor":20.0,"gold_loss":0.0,"damage_taken":0.0},{"damage_healed":0.0,"max_hp_gain":0.0,"max_hp_loss":0.0,"gold_gain":0.0,"event_name":"Duplicator","player_choice":"Copied","floor":21.0,"gold_loss":0.0,"damage_taken":0.0,"cards_obtained":["After Image"]},{"damage_healed":0.0,"max_hp_gain":0.0,"max_hp_loss":0.0,"gold_gain":0.0,"event_name":"MindBloom","player_choice":"Fight","floor":39.0,"gold_loss":0.0,"damage_taken":0.0},{"damage_healed":0.0,"max_hp_gain":0.0,"max_hp_loss":0.0,"gold_gain":0.0,"event_name":"Mysterious Sphere","player_choice":"Fight","floor":48.0,"gold_loss":0.0,"damage_taken":0.0}],"is_beta":true,"boss_relics":[{"not_picked":["WristBlade","Ectoplasm"],"picked":"Astrolabe"},{"not_picked":["Ring of the Serpent","Philosopher\u0027s Stone"],"picked":"Runic Dome"}],"items_purged_floors":[29,46],"is_endless":false,"potions_floor_spawned":[1,2,8,14,16,22,23,28,31,33,36,40,42,48,55],"ascension_level":20}}