{"host":"na09lpbrez4gbfiz","time":1613502960,"event":{"mods":["Act Like it!","BaseMod","BetterRewards","Colored Map","Colored Powertips","DeckTracker","Googly Eyes","Highlight Path","Minty Spire (QoL Compilation)","Quick Restart","Spicy Shops","StSLib","SuperFastMode","Synergy Search"],"gold_per_floor":[10,10,25,25,25,25,35,35,35],"floor_reached":8,"language":"ENG","playtime":174,"items_purged":[],"score":78,"play_id":"f14ae4f1-6195-4247-9559-8aa5374904df","local_time":"20210216201600","is_ascension_mode":true,"campfire_choices":[{"data":"Rampage","floor":6,"key":"SMITH"}],"circlet_count":0,"master_deck":["AscendersBane","Strike_R+1","Strike_R","Strike_R","Strike_R","Defend_R","Defend_R","Defend_R","Defend_R","Bash","Barricade","Inflame+1","Rampage+1"],"relics":["Burning Blood"],"acts_visited":["Exordium"],"potions_floor_usage":[7],"damage_taken":[{"damage":19,"enemies":"Jaw Worm","floor":1,"turns":6},{"damage":6,"enemies":"Cultist","floor":3,"turns":4},{"damage":1,"enemies":"2 Louse","floor":7,"turns":4},{"damage":45,"enemies":"3 Sentries","floor":8,"turns":8}],"seed_played":"1268371273669231516","potions_obtained":[{"floor":7,"key":"Fruit Juice"}],"is_trial":false,"path_per_floor":["M","?","M","?","?","R","M","E"],"character_chosen":"IRONCLAD","items_purchased":[],"campfire_rested":0,"item_purchase_floors":[],"current_hp_per_floor":[55,55,55,40,33,33,43,0,0],"gold":35,"neow_bonus":"THREE_RARE_CARDS","is_daily":false,"chose_seed":false,"campfire_upgraded":1,"win_rate":0.0,"timestamp":1613502960,"path_taken":["M","?","?","?","?","R","M","E"],"items_purchased_type":[],"build_version":"2020-12-22","purchased_purges":0,"victory":false,"max_hp_per_floor":[75,75,75,75,75,75,80,80,80],"card_choices":[{"not_picked":["Double Tap","Reaper"],"picked":"Barricade","floor":0},{"not_picked":["Headbutt","Second Wind"],"picked":"Inflame","floor":1},{"not_picked":["Havoc","Rupture"],"picked":"Rampage","floor":3},{"not_picked":["Sword Boomerang","Thunderclap","Flex"],"picked":"SKIP","floor":7}],"player_experience":221068,"relics_obtained":[],"event_choices":[{"damage_healed":0,"gold_gain":0,"player_choice":"0 cards matched","damage_taken":0,"max_hp_gain":0,"max_hp_loss":0,"event_name":"Match and Keep!","floor":2,"gold_loss":0,"cards_obtained":[]},{"damage_healed":0,"gold_gain":0,"player_choice":"Entered Light","damage_taken":15,"max_hp_gain":0,"max_hp_loss":0,"event_name":"Shining Light","floor":4,"gold_loss":0,"cards_upgraded":["Inflame","Strike_R"]},{"cards_removed":["Strike_R"],"damage_healed":0,"gold_gain":0,"player_choice":"Card Removal","damage_taken":7,"max_hp_gain":0,"max_hp_loss":0,"event_name":"Golden Wing","floor":5,"gold_loss":0}],"is_beta":false,"boss_relics":[],"items_purged_floors":[],"is_endless":false,"potions_floor_spawned":[7],"killed_by":"3 Sentries","ascension_level":14}}