{"host":"baymyijz6sxaqj5s","time":1613480236,"event":{"mods":["AchievementEnabler","BaseMod","Colored Map","Colored Powertips","DeckTracker","Highlight Path","KOR Keyword Fix","Keyboard Shortcuts","Minty Spire (QoL Compilation)","StSLib","SuperFastMode","everything is the same but u backflip on backflip"],"gold_per_floor":[115,132,132,207,224,224,238,258,258,271,45,45,45,10,10,107,107,119,131,145,145,145,145,157,169,169,186,186,186,196,116,116,214,214,226,226,186,198,209,209,221,235,290,290,290,290],"floor_reached":45,"language":"KOR","playtime":1506,"items_purged":["Strike_R"],"score":526,"play_id":"dc01b817-48b7-472a-a182-32c98e33f1ee","local_time":"20210216215716","is_ascension_mode":true,"campfire_choices":[{"data":"Armaments","floor":6,"key":"SMITH"},{"floor":15,"key":"REST"},{"data":"Heavy Blade","floor":23,"key":"SMITH"},{"data":"Entrench","floor":29,"key":"SMITH"},{"floor":32,"key":"REST"},{"floor":40,"key":"REST"},{"floor":44,"key":"REST"}],"circlet_count":0,"master_deck":["Strike_R","Strike_R","Strike_R","Strike_R","Defend_R","Defend_R","Defend_R","Defend_R","Bash","Armaments+1","Demon Form","Shrug It Off","Impervious+1","Sword Boomerang","Heavy Blade+1","Battle Trance","Seeing Red+1","Entrench+1","Body Slam+1","Inflame","Limit Break","Dark Shackles","Parasite","Whirlwind","Offering"],"relics":["Burning Blood","Mercury Hourglass","Bag of Marbles","Vajra","Pear","MutagenicStrength","Sozu","Nunchaku"],"acts_visited":["Exordium","TheCity","TheBeyond"],"potions_floor_usage":[16,20,25,25,30,39],"damage_taken":[{"damage":10,"enemies":"Cultist","floor":1,"turns":5},{"damage":9,"enemies":"2 Louse","floor":2,"turns":3},{"damage":4,"enemies":"Jaw Worm","floor":5,"turns":5},{"damage":30,"enemies":"Large Slime","floor":7,"turns":5},{"damage":7,"enemies":"Looter","floor":8,"turns":4},{"damage":8,"enemies":"2 Fungi Beasts","floor":10,"turns":4},{"damage":53,"enemies":"Hexaghost","floor":16,"turns":11},{"damage":20,"enemies":"Chosen","floor":18,"turns":5},{"damage":18,"enemies":"Shell Parasite","floor":19,"turns":4},{"damage":0,"enemies":"Snecko","floor":20,"turns":4},{"damage":0,"enemies":"Chosen and Byrds","floor":24,"turns":6},{"damage":28,"enemies":"Snake Plant","floor":25,"turns":5},{"damage":19,"enemies":"Centurion and Healer","floor":27,"turns":6},{"damage":0,"enemies":"3 Cultists","floor":30,"turns":4},{"damage":24,"enemies":"Champ","floor":33,"turns":9},{"damage":20,"enemies":"3 Darklings","floor":35,"turns":4},{"damage":26,"enemies":"Orb Walker","floor":38,"turns":5},{"damage":36,"enemies":"Writhing Mass","floor":39,"turns":6},{"damage":32,"enemies":"Maw","floor":41,"turns":7},{"damage":27,"enemies":"Sphere and 2 Shapes","floor":42,"turns":4},{"damage":70,"enemies":"Transient","floor":45,"turns":5}],"seed_played":"7698903375779184519","potions_obtained":[{"floor":1,"key":"LiquidMemories"},{"floor":10,"key":"EssenceOfSteel"},{"floor":19,"key":"DistilledChaos"},{"floor":20,"key":"SteroidPotion"},{"floor":24,"key":"Regen Potion"},{"floor":33,"key":"Fire Potion"}],"is_trial":false,"path_per_floor":["M","M","$","?","M","R","M","M","T","M","$","?","?","?","R","B",null,"M","M","M","$","?","R","M","M","T","M","?","R","M","$","R","B",null,"M","?","?","M","M","R","M","M","T","R","M"],"character_chosen":"IRONCLAD","items_purchased":["Bag of Marbles","Inflame"],"campfire_rested":4,"item_purchase_floors":[11,31],"current_hp_per_floor":[84,81,81,73,75,75,51,50,50,48,48,53,41,64,91,44,93,79,67,73,73,73,73,79,71,81,68,68,68,74,74,103,85,103,89,89,89,69,39,69,43,22,22,52,0,0],"gold":290,"neow_bonus":"TEN_PERCENT_HP_BONUS","is_daily":false,"chose_seed":false,"campfire_upgraded":3,"win_rate":0.0,"timestamp":1613480236,"path_taken":["M","M","?","?","M","R","?","M","T","M","$","?","?","?","R","BOSS","M","M","M","$","?","R","M","M","T","M","?","R","M","$","R","BOSS","M","?","?","M","M","R","?","M","T","R","M"],"items_purchased_type":["Relic","Card"],"build_version":"2020-12-22","purchased_purges":1,"victory":false,"max_hp_per_floor":[88,88,88,88,88,88,88,88,88,88,88,93,93,93,93,93,93,93,93,93,93,93,93,93,93,103,103,103,103,103,103,103,103,103,103,103,103,103,103,103,103,103,103,103,103,103],"card_choices":[{"not_picked":["Rampage","Clothesline","Pommel Strike"],"picked":"SKIP","floor":1},{"not_picked":["Rampage","Twin Strike"],"picked":"Armaments","floor":2},{"not_picked":["Entrench","Headbutt"],"picked":"Demon Form","floor":5},{"not_picked":["Dual Wield","Flex","Sever Soul"],"picked":"SKIP","floor":7},{"not_picked":["Clash","Headbutt","Dark Embrace"],"picked":"SKIP","floor":8},{"not_picked":["Bloodletting","Warcry"],"picked":"Shrug It Off","floor":10},{"not_picked":["Feed","Reaper"],"picked":"Impervious","floor":16},{"not_picked":["Feel No Pain","Pommel Strike"],"picked":"Sword Boomerang","floor":18},{"not_picked":["Feel No Pain+1","Anger"],"picked":"Heavy Blade","floor":19},{"not_picked":["Rage","Hemokinesis","Clothesline"],"picked":"SKIP","floor":20},{"not_picked":["Dropkick","Reckless Charge"],"picked":"Battle Trance","floor":24},{"not_picked":["Pommel Strike","Cleave+1"],"picked":"Seeing Red+1","floor":25},{"not_picked":["Battle Trance+1","Metallicize"],"picked":"Entrench","floor":27},{"not_picked":["Heavy Blade","Blood for Blood"],"picked":"Body Slam+1","floor":30},{"not_picked":["Reaper","Fiend Fire"],"picked":"Limit Break","floor":33},{"not_picked":["True Grit","Flex","Pommel Strike"],"picked":"SKIP","floor":35},{"not_picked":["Good Instincts","Mind Blast"],"picked":"Dark Shackles","floor":36},{"not_picked":["Searing Blow+1","Anger+1","Power Through"],"picked":"SKIP","floor":38},{"not_picked":["Wild Strike","Searing Blow+1"],"picked":"Whirlwind","floor":39},{"not_picked":["Evolve+1","True Grit+1","Iron Wave"],"picked":"SKIP","floor":41},{"not_picked":["Sentinel","Warcry"],"picked":"Offering","floor":42}],"player_experience":98071,"relics_obtained":[{"floor":9,"key":"Mercury Hourglass"},{"floor":26,"key":"Pear"},{"floor":43,"key":"Nunchaku"}],"event_choices":[{"damage_healed":0,"gold_gain":75,"player_choice":"Touch","damage_taken":8,"max_hp_gain":0,"max_hp_loss":0,"event_name":"FaceTrader","floor":4,"gold_loss":0},{"damage_healed":0,"gold_gain":0,"player_choice":"Donut","damage_taken":0,"max_hp_gain":5,"max_hp_loss":0,"event_name":"Big Fish","floor":12,"gold_loss":0},{"damage_healed":0,"gold_gain":0,"player_choice":"Success","damage_taken":12,"relics_obtained":["Vajra"],"max_hp_gain":0,"max_hp_loss":0,"event_name":"Scrap Ooze","floor":13,"gold_loss":0},{"damage_healed":23,"gold_gain":0,"player_choice":"Healed","damage_taken":0,"max_hp_gain":0,"max_hp_loss":0,"event_name":"The Cleric","floor":14,"gold_loss":35},{"damage_healed":0,"gold_gain":0,"player_choice":"Ignored","damage_taken":0,"max_hp_gain":0,"max_hp_loss":0,"event_name":"The Mausoleum","floor":22,"gold_loss":0},{"damage_healed":0,"gold_gain":0,"player_choice":"Inject Mutagens","damage_taken":0,"relics_obtained":["MutagenicStrength"],"max_hp_gain":0,"max_hp_loss":0,"event_name":"Drug Dealer","floor":28,"gold_loss":0},{"damage_healed":0,"gold_gain":0,"player_choice":"Memory 1","damage_taken":0,"max_hp_gain":0,"max_hp_loss":0,"event_name":"SensoryStone","floor":36,"gold_loss":0},{"damage_healed":0,"gold_gain":0,"player_choice":"Upgrade","damage_taken":0,"max_hp_gain":0,"max_hp_loss":0,"event_name":"Designer","floor":37,"gold_loss":40,"cards_upgraded":["Impervious"]}],"is_beta":false,"boss_relics":[{"not_picked":["Runic Cube","Mark of Pain","Cursed Key"]},{"not_picked":["SacredBark","Busted Crown"],"picked":"Sozu"}],"items_purged_floors":[11],"is_endless":false,"potions_floor_spawned":[1,10,19,20,24,33,35,41],"killed_by":"Transient","ascension_level":3}}