{"host":"iq8y45rd2spacc1d","time":1613467056,"event":{"mods":["Aspiration","BaseMod","DeckTracker","GifTheSpireLib","Halation","Hermit","Hubris","Infinite Spire","Minty Spire (QoL Compilation)","Replay The Spire","StSLib","The Bug Knight","The Cursed","The Disciple"],"gold_per_floor":[109,109,109,126,126,154,167,197,197,228,243,243,275,291,291,390,390,402,402,419,206,173,205,220,353,353,371,217,217,250,261,261,261,261],"floor_reached":33,"language":"ENG","playtime":2880,"items_purged":[],"score":438,"play_id":"16457ce5-822f-49e5-bb5d-c2a5924987c0","local_time":"20210216101736","is_ascension_mode":true,"campfire_choices":[{"floor":12,"key":"REST"},{"floor":15,"key":"REST"},{"floor":32,"key":"REST"}],"circlet_count":0,"master_deck":["Strike_B","Strike_B","Strike_B","Strike_B","Defend_B","Defend_B","Defend_B","Defend_B","Zap","Dualcast","Ball Lightning","Steam Power","Lockon","Ball Lightning","Conserve Battery","Cold Snap","Capacitor","Ball Lightning","Machine Learning","Ball Lightning","Sunder+1","Static Discharge","Conserve Battery+1","Tempest","Sweeping Beam","Auto Shields+1","Melter","Pot Of Greed","Pot Of Greed","Pot Of Greed","Storm","Redo+1"],"relics":["Cracked Core","aspiration:Nostalgia","Sizzling Blood","halation:EternalFortune","Question Card","halation:Gekota","aspiration:Lifesprig","Pocketwatch","Bronze Scales","halation:PinkAlligatorPlush","hubris:Icosahedron","Vajra","Smiling Mask","aspiration:EnhancedActuators","Replay:Bottled Flurry","Grinning Jar","Durian"],"acts_visited":["Exordium","TheCity"],"potions_floor_usage":[18,22,23,31,33,33,33],"damage_taken":[{"damage":0,"enemies":"Small Slimes","floor":1,"turns":3},{"damage":7,"enemies":"Jaw Worm","floor":4,"turns":2},{"damage":27,"enemies":"Gremlin Nob","floor":6,"turns":4},{"damage":1,"enemies":"Cultist","floor":7,"turns":3},{"damage":30,"enemies":"3 Sentries","floor":8,"turns":7},{"damage":3,"enemies":"HollowMod:MossKnight","floor":10,"turns":6},{"damage":11,"enemies":"Large Slime","floor":11,"turns":2},{"damage":19,"enemies":"Lagavulin","floor":13,"turns":4},{"damage":3,"enemies":"Exordium Wildlife","floor":14,"turns":3},{"damage":13,"enemies":"The Guardian","floor":16,"turns":8},{"damage":39,"enemies":"2 Thieves","floor":18,"turns":4},{"damage":6,"enemies":"Spheric Guardian","floor":20,"turns":3},{"damage":24,"enemies":"Snecko","floor":22,"turns":3},{"damage":21,"enemies":"HollowMod:Nosk","floor":23,"turns":5},{"damage":26,"enemies":"Shelled Parasite and Fungi","floor":24,"turns":3},{"damage":19,"enemies":"Replay:Snechameleon","floor":25,"turns":4},{"damage":20,"enemies":"Centurion and Healer","floor":27,"turns":6},{"damage":45,"enemies":"Gremlin Leader","floor":30,"turns":5},{"damage":10,"enemies":"Cultist and Chosen","floor":31,"turns":4},{"damage":83,"enemies":"Automaton","floor":33,"turns":6}],"seed_played":"315446514024350837","potions_obtained":[{"floor":7,"key":"LiquidMemories"},{"floor":10,"key":"SneckoOil"},{"floor":13,"key":"FairyPotion"},{"floor":16,"key":"SkillPotion"},{"floor":20,"key":"ColorlessPotion"},{"floor":22,"key":"Dexterity Potion"},{"floor":30,"key":"FearPotion"},{"floor":31,"key":"DuplicationPotion"}],"is_trial":false,"path_per_floor":["M","?","?","M","?","E","M","E","T","E","M","R","E","M","R","B",null,"M","?","M","$","M","E","M","E","T","M","$","?","E","M","R","B"],"character_chosen":"DEFECT","items_purchased":["Vajra","Static Discharge","Grinning Jar"],"campfire_rested":3,"item_purchase_floors":[21,21,28],"current_hp_per_floor":[79,79,79,76,79,56,59,33,33,34,27,51,36,37,61,52,82,47,47,48,48,31,14,18,88,88,72,72,55,19,13,42,0,0],"gold":261,"neow_bonus":"NOSTALGIA","is_daily":false,"chose_seed":false,"campfire_upgraded":0,"win_rate":0.0,"timestamp":1613467056,"path_taken":["M","?","?","?","?","E","M","E","T","E","M","R","E","M","R","BOSS","M","?","M","$","M","E","M","E","T","M","$","?","E","M","R","BOSS"],"items_purchased_type":["Relic","Card","Relic"],"build_version":"2020-12-22","purchased_purges":0,"victory":false,"max_hp_per_floor":[79,79,79,79,82,82,82,82,82,82,82,82,82,82,82,82,82,82,82,85,85,88,88,88,88,88,88,88,93,98,98,98,98,98],"card_choices":[{"not_picked":["Barrage","hubris:PowerSurge"],"picked":"Ball Lightning","floor":1},{"not_picked":["Force Field","Blizzard","ReplayTheSpireMod:Repulse"],"picked":"SKIP","floor":4},{"not_picked":["Steam","Hello World"],"picked":"Steam Power","floor":6},{"not_picked":["Compile Driver","Coolheaded","Steam"],"picked":"Lockon","floor":7},{"not_picked":["Darkness","hubris:DoWhile","ReplayGash"],"picked":"Ball Lightning","floor":8},{"not_picked":["Compile Driver","Doom and Gloom","Panic Button"],"picked":"Conserve Battery","floor":10},{"not_picked":["Consume","hubris:PowerSurge","Coolheaded"],"picked":"Cold Snap","floor":11},{"not_picked":["Doom and Gloom","Conserve Battery","hubris:Prefetch"],"picked":"Capacitor","floor":13},{"not_picked":["BasicCrystalCard","ReplayTheSpireMod:GoodbyeWorld","Double Energy"],"picked":"Ball Lightning","floor":14},{"not_picked":["ReplayTheSpireMod:Fabricate Wheel","Fission","All For One"],"picked":"Machine Learning","floor":16},{"not_picked":["Consume","ReplayTheSpireMod:Calculation Training","BootSequence+1"],"picked":"Ball Lightning","floor":18},{"not_picked":["Rip and Tear","Rebound+1","Heatsinks"],"picked":"Sunder+1","floor":20},{"not_picked":["Hello World","Auto Shields","Chaos"],"picked":"Conserve Battery+1","floor":22},{"not_picked":["Compile Driver","Darkness","Turbo"],"picked":"Tempest","floor":23},{"not_picked":["hubris:PowerSurge","Beam Cell","Coolheaded+1"],"picked":"Sweeping Beam","floor":24},{"not_picked":["Stack","aspiration:Polymerization","Barrage"],"picked":"Auto Shields+1","floor":25},{"not_picked":["Hologram","Sunder","BasicCrystalCard"],"picked":"Melter","floor":27},{"not_picked":["Force Field","Reboot","Streamline"],"picked":"Storm","floor":30},{"not_picked":["Hello World","BasicCrystalCard","aspiration:Polymerization"],"picked":"Redo+1","floor":31}],"player_experience":346367,"relics_obtained":[{"floor":6,"key":"Question Card"},{"floor":8,"key":"halation:Gekota"},{"floor":9,"key":"aspiration:Lifesprig"},{"floor":10,"key":"Pocketwatch"},{"floor":13,"key":"Bronze Scales"},{"floor":20,"key":"halation:EternalFortune"},{"floor":22,"key":"halation:EternalFortune"},{"floor":23,"key":"Smiling Mask"},{"floor":25,"key":"aspiration:EnhancedActuators"},{"floor":26,"key":"Replay:Bottled Flurry"},{"floor":30,"key":"Durian"}],"event_choices":[{"damage_healed":0,"gold_gain":0,"player_choice":"Ignored","damage_taken":0,"max_hp_gain":0,"max_hp_loss":0,"event_name":"Golden Wing","floor":2,"gold_loss":0},{"damage_healed":0,"gold_gain":0,"player_choice":"Shed Blood","damage_taken":22,"max_hp_gain":5,"max_hp_loss":0,"event_name":"Forgotten Altar","floor":29,"gold_loss":0}],"is_beta":false,"boss_relics":[{"not_picked":["Snecko Eye","halation:LoveArrow"],"picked":"halation:PinkAlligatorPlush"}],"items_purged_floors":[],"is_endless":false,"potions_floor_spawned":[7,10,13,16,20,22,30,31],"killed_by":"Automaton","ascension_level":3}}