{"host":"l88q1sbjrgivgt4w","time":1613434706,"event":{"mods":["BaseMod","BetterRewards","Clawfect","Colored Map","Colored Powertips","Defuse TimeMaze Blight","Friendly Minions","Glutton Mod","Highlight Path","Hubris","Infinite Spire","Mad Scientist","Minty Spire (QoL Compilation)","READ ME - Guardian Mod","READ ME - Snecko Mod","Shop Mod","StSLib","The Disciple","The Poker Player","The Problem Sleuth","The Vixen"],"gold_per_floor":[119,132,152,152,168,168,168],"floor_reached":6,"language":"ENG","playtime":503,"items_purged":["TheVixenMod:Strike_TheVixen"],"score":38,"play_id":"0a9e75cf-49a4-41f3-ac23-ce7c0bda249d","local_time":"20210215191826","is_ascension_mode":false,"campfire_choices":[],"circlet_count":0,"master_deck":["TheVixenMod:Strike_TheVixen","TheVixenMod:Strike_TheVixen","TheVixenMod:Strike_TheVixen","TheVixenMod:Defend_TheVixen","TheVixenMod:Defend_TheVixen","TheVixenMod:Defend_TheVixen","TheVixenMod:Defend_TheVixen","TheVixenMod:SunnyDay","TheVixenMod:Ember","TheVixenMod:FlameBody","TheVixenMod:HeatWave","TheVixenMod:LavaPlume+1","TheVixenMod:Protect","TheVixenMod:FireSpin","TheVixenMod:FlareBlitz"],"relics":["TheVixenMod:BurningStick"],"acts_visited":["Exordium"],"potions_floor_usage":[6,6],"damage_taken":[{"damage":13,"enemies":"infinitespire:Voidling","floor":1,"turns":3},{"damage":1,"enemies":"2 Louse","floor":2,"turns":3},{"damage":7,"enemies":"Small Slimes","floor":3,"turns":3},{"damage":15,"enemies":"Exordium Thugs","floor":5,"turns":4},{"damage":31,"enemies":"3 Sentries","floor":6,"turns":4}],"seed_played":"107648439839719951","potions_obtained":[{"floor":1,"key":"DuplicationPotion"},{"floor":2,"key":"Energy Potion"}],"is_trial":false,"path_per_floor":["M","M","M","?","M","E"],"character_chosen":"THE_VIXEN","items_purchased":["TheVixenMod:FlameBody","TheVixenMod:HeatWave"],"campfire_rested":0,"item_purchase_floors":[0,0],"current_hp_per_floor":[53,52,45,45,30,0,0],"gold":168,"neow_bonus":"","is_daily":false,"chose_seed":false,"campfire_upgraded":0,"win_rate":0.0,"timestamp":1613434706,"path_taken":["M","?","M","?","M","E"],"items_purchased_type":["Card","Card"],"build_version":"2020-12-22","purchased_purges":1,"victory":false,"max_hp_per_floor":[70,70,70,70,70,70,70],"card_choices":[{"not_picked":["TheVixenMod:HeatWave","TheVixenMod:TailWhip"],"picked":"TheVixenMod:LavaPlume","floor":1},{"not_picked":["TheVixenMod:LavaPlume","TheVixenMod:LightScreen"],"picked":"TheVixenMod:Protect","floor":2},{"not_picked":["TheVixenMod:Magician","TheVixenMod:Feint"],"picked":"TheVixenMod:FireSpin","floor":3},{"not_picked":["TheVixenMod:Curse","TheVixenMod:FireFang"],"picked":"TheVixenMod:FlareBlitz","floor":5}],"player_experience":794877,"relics_obtained":[],"event_choices":[],"is_beta":false,"boss_relics":[],"items_purged_floors":[0],"is_endless":false,"potions_floor_spawned":[1,2],"killed_by":"3 Sentries","ascension_level":0}}