{"host":"tr0r177cvmpvg89h","time":1613498037,"event":{"mods":["BaseMod","Colored Map","DeckTracker","Minty Spire (QoL Compilation)","StSLib","SuperFastMode"],"gold_per_floor":[118,130,143,45,64,64,78,95,121,121,121,134,209,227,227,227,227],"floor_reached":16,"language":"KOR","playtime":802,"items_purged":[],"score":96,"play_id":"38c84eac-921b-462b-b8be-849259d97183","local_time":"20210217025357","is_ascension_mode":false,"campfire_choices":[{"data":"Flash of Steel","floor":6,"key":"SMITH"},{"data":"Inflame","floor":10,"key":"SMITH"},{"data":"Searing Blow","floor":15,"key":"SMITH"}],"circlet_count":0,"master_deck":["Strike_R","Strike_R","Strike_R","Strike_R","Strike_R","Defend_R","Defend_R","Defend_R","Defend_R","Bash","Inflame+1","Iron Wave","Headbutt","Hemokinesis","Flash of Steel+1","Rage","Warcry","Injury","Wild Strike","Searing Blow+1"],"relics":["Burning Blood","Toy Ornithopter","Golden Idol"],"acts_visited":["Exordium"],"potions_floor_usage":[16],"damage_taken":[{"damage":0,"enemies":"Small Slimes","floor":1,"turns":3},{"damage":5,"enemies":"2 Louse","floor":2,"turns":2},{"damage":1,"enemies":"Cultist","floor":3,"turns":3},{"damage":7,"enemies":"Looter","floor":5,"turns":3},{"damage":2,"enemies":"2 Fungi Beasts","floor":7,"turns":2},{"damage":4,"enemies":"Blue Slaver","floor":8,"turns":3},{"damage":9,"enemies":"Looter","floor":12,"turns":3},{"damage":28,"enemies":"Large Slime","floor":14,"turns":4},{"damage":49,"enemies":"The Guardian","floor":16,"turns":4}],"seed_played":"4049744643203804918","potions_obtained":[{"floor":1,"key":"PowerPotion"},{"floor":7,"key":"SkillPotion"},{"floor":12,"key":"AttackPotion"}],"is_trial":false,"path_per_floor":["M","M","M","$","M","R","M","M","T","R","?","M","?","M","R","B"],"character_chosen":"IRONCLAD","items_purchased":["Flash of Steel"],"campfire_rested":0,"item_purchase_floors":[4],"current_hp_per_floor":[80,80,80,80,79,79,80,80,80,80,80,77,66,44,44,0,0],"gold":227,"neow_bonus":"THREE_CARDS","is_daily":false,"chose_seed":false,"campfire_upgraded":3,"win_rate":0.0,"timestamp":1613498037,"path_taken":["M","M","M","$","M","R","M","M","T","R","?","M","?","M","R","BOSS"],"items_purchased_type":["Card"],"build_version":"2020-12-22","purchased_purges":0,"victory":false,"max_hp_per_floor":[80,80,80,80,80,80,80,80,80,80,80,80,80,80,80,80,80],"card_choices":[{"not_picked":["Twin Strike","Armaments"],"picked":"Inflame","floor":0},{"not_picked":["Ghostly Armor","Body Slam"],"picked":"Iron Wave","floor":1},{"not_picked":["Inflame","Havoc"],"picked":"Headbutt","floor":2},{"not_picked":["Seeing Red","Second Wind"],"picked":"Hemokinesis","floor":3},{"not_picked":["Ghostly Armor","Perfected Strike"],"picked":"Rage","floor":5},{"not_picked":["Fire Breathing","Clothesline"],"picked":"Warcry","floor":7},{"not_picked":["Body Slam","Power Through","Iron Wave"],"picked":"SKIP","floor":8},{"not_picked":["True Grit","Headbutt"],"picked":"Wild Strike","floor":12},{"not_picked":["Exhume","Wild Strike"],"picked":"Searing Blow","floor":14}],"player_experience":64716,"relics_obtained":[{"floor":9,"key":"Toy Ornithopter"}],"event_choices":[{"damage_healed":0,"gold_gain":0,"player_choice":"Take Wound","damage_taken":0,"relics_obtained":["Golden Idol"],"max_hp_gain":0,"max_hp_loss":0,"event_name":"Golden Idol","floor":11,"gold_loss":0,"cards_obtained":["Injury"]},{"damage_healed":0,"gold_gain":75,"player_choice":"Gather Gold","damage_taken":11,"max_hp_gain":0,"max_hp_loss":0,"event_name":"World of Goop","floor":13,"gold_loss":0}],"is_beta":false,"boss_relics":[],"items_purged_floors":[],"is_endless":false,"potions_floor_spawned":[1,7,12,14],"killed_by":"The Guardian","ascension_level":0}}