{"host":"jq8d8epkoknfq6em","time":1613493053,"event":{"mods":["AchievementEnabler","BaseMod","Colored Map","Colored Powertips","Highlight Path","Minty Spire (QoL Compilation)","Quick Restart","Relic Stats","StSLib"],"gold_per_floor":[116,133,133,150,167,197,213,213,213,227,302,320,320,349,349,349,349],"floor_reached":16,"language":"ENG","playtime":827,"items_purged":[],"score":200,"play_id":"8e0f317e-69b6-4e90-94a3-d2076471eaa7","local_time":"20210216173053","is_ascension_mode":true,"campfire_choices":[{"data":"Bash","floor":8,"key":"SMITH"},{"data":"Cleave","floor":13,"key":"SMITH"},{"floor":15,"key":"REST"}],"circlet_count":0,"master_deck":["AscendersBane","Strike_R","Strike_R","Strike_R","Strike_R","Strike_R","Defend_R","Defend_R","Defend_R","Defend_R","Bash+1","Sword Boomerang","Carnage+1","Twin Strike","Cleave+1","Pummel","Brutality","Fire Breathing","Flame Barrier"],"relics":["Burning Blood","Toy Ornithopter","White Beast Statue","Du-Vu Doll"],"acts_visited":["Exordium"],"potions_floor_usage":[7,10,12,14,16],"damage_taken":[{"damage":7,"enemies":"Small Slimes","floor":1,"turns":4},{"damage":1,"enemies":"Cultist","floor":2,"turns":3},{"damage":9,"enemies":"2 Louse","floor":4,"turns":2},{"damage":24,"enemies":"Exordium Thugs","floor":5,"turns":5},{"damage":40,"enemies":"Lagavulin","floor":6,"turns":7},{"damage":8,"enemies":"Red Slaver","floor":7,"turns":3},{"damage":8,"enemies":"3 Louse","floor":10,"turns":2},{"damage":0,"enemies":"2 Fungi Beasts","floor":12,"turns":1},{"damage":26,"enemies":"Gremlin Nob","floor":14,"turns":4},{"damage":57,"enemies":"The Guardian","floor":16,"turns":13}],"seed_played":"7633452178462328206","potions_obtained":[{"floor":1,"key":"GamblersBrew"},{"floor":4,"key":"Explosive Potion"},{"floor":10,"key":"Energy Potion"},{"floor":12,"key":"Regen Potion"},{"floor":14,"key":"SneckoOil"}],"is_trial":false,"path_per_floor":["M","M","?","M","M","E","M","R","T","M","?","M","R","E","R","B"],"character_chosen":"IRONCLAD","items_purchased":[],"campfire_rested":1,"item_purchase_floors":[],"current_hp_per_floor":[74,79,79,76,58,24,27,27,27,30,19,30,30,27,51,0,0],"gold":349,"neow_bonus":"TEN_PERCENT_HP_BONUS","is_daily":false,"chose_seed":false,"campfire_upgraded":2,"win_rate":0.0,"timestamp":1613493053,"path_taken":["M","M","?","M","M","E","M","R","T","?","?","M","R","E","R","BOSS"],"items_purchased_type":[],"build_version":"2020-12-22","purchased_purges":0,"victory":false,"max_hp_per_floor":[82,82,82,82,82,82,82,82,82,82,82,82,82,82,82,82,82],"relic_stats":{"counters":[10,44],"obtain_stats":[{"Du-Vu Doll":14,"Burning Blood":0,"Toy Ornithopter":6,"White Beast Statue":9},{"Du-Vu Doll":9,"Burning Blood":0,"Toy Ornithopter":5,"White Beast Statue":6},{"Du-Vu Doll":31,"Burning Blood":0,"Toy Ornithopter":21,"White Beast Statue":24}],"Burning Blood":54,"Toy Ornithopter":25},"card_choices":[{"not_picked":["Second Wind","Body Slam"],"picked":"Sword Boomerang","floor":1},{"not_picked":["Combust","Sword Boomerang"],"picked":"Carnage","floor":2},{"not_picked":["Reckless Charge","Heavy Blade"],"picked":"Twin Strike","floor":4},{"not_picked":["Bloodletting","Heavy Blade"],"picked":"Cleave","floor":5},{"not_picked":["Blood for Blood","Burning Pact"],"picked":"Pummel","floor":6},{"not_picked":["Sword Boomerang","Perfected Strike","Burning Pact"],"picked":"SKIP","floor":7},{"not_picked":["Cleave","Heavy Blade"],"picked":"Brutality","floor":10},{"not_picked":["Perfected Strike","Pommel Strike"],"picked":"Fire Breathing","floor":12},{"not_picked":["Juggernaut","Iron Wave"],"picked":"Flame Barrier","floor":14}],"player_experience":1034585,"relics_obtained":[{"floor":6,"key":"Toy Ornithopter"},{"floor":9,"key":"White Beast Statue"},{"floor":14,"key":"Du-Vu Doll"}],"event_choices":[{"damage_healed":0,"gold_gain":0,"player_choice":"Upgraded","damage_taken":0,"max_hp_gain":0,"max_hp_loss":0,"event_name":"Upgrade Shrine","floor":3,"gold_loss":0,"cards_upgraded":["Carnage"]},{"damage_healed":0,"gold_gain":75,"player_choice":"Gather Gold","damage_taken":11,"max_hp_gain":0,"max_hp_loss":0,"event_name":"World of Goop","floor":11,"gold_loss":0}],"is_beta":false,"boss_relics":[],"items_purged_floors":[],"is_endless":false,"potions_floor_spawned":[1,4,6,10,12,14],"killed_by":"The Guardian","ascension_level":15}}