{"host":"baujym3o9opv3mbj","time":1613477982,"event":{"mods":["AchievementEnabler","BaseMod","Colored Map","Minty Spire (QoL Compilation)","Rare Cards Sparkle","StSLib","SuperFastMode"],"gold_per_floor":[115,115,140,140,61,61,95,111,111,74,74,98,114,132,132,132,132],"floor_reached":16,"language":"KOR","playtime":1494,"items_purged":[],"score":102,"play_id":"80883b77-0202-446f-8960-d56a3780a1c4","local_time":"20210216211942","is_ascension_mode":false,"campfire_choices":[{"floor":6,"key":"REST"},{"floor":15,"key":"REST"}],"circlet_count":0,"master_deck":["Strike_R","Strike_R","Strike_R","Strike_R","Defend_R","Defend_R","Defend_R","Defend_R","Bash","Twin Strike","Perfected Strike","Dropkick","Cleave","Hemokinesis","Entrench","Clothesline","Pommel Strike","Power Through"],"relics":["Burning Blood","Golden Idol","Self Forming Clay","Toy Ornithopter"],"acts_visited":["Exordium"],"potions_floor_usage":[16,16],"damage_taken":[{"damage":2,"enemies":"2 Louse","floor":1,"turns":3},{"damage":22,"enemies":"Small Slimes","floor":3,"turns":4},{"damage":48,"enemies":"3 Sentries","floor":7,"turns":7},{"damage":6,"enemies":"Cultist","floor":8,"turns":3},{"damage":10,"enemies":"Red Slaver","floor":12,"turns":3},{"damage":16,"enemies":"2 Fungi Beasts","floor":13,"turns":3},{"damage":6,"enemies":"Exordium Wildlife","floor":14,"turns":2},{"damage":58,"enemies":"The Guardian","floor":16,"turns":11}],"seed_played":"7623162096644370607","potions_obtained":[{"floor":7,"key":"SpeedPotion"},{"floor":8,"key":"FairyPotion"},{"floor":12,"key":"Weak Potion"},{"floor":14,"key":"PowerPotion"}],"is_trial":false,"path_per_floor":["M","?","M","?","$","R","E","M","T","$","?","M","M","M","R","B"],"character_chosen":"IRONCLAD","items_purchased":["Dropkick","Entrench"],"campfire_rested":2,"item_purchase_floors":[5,10],"current_hp_per_floor":[80,80,64,64,64,80,38,38,38,38,38,34,24,24,48,0,0],"gold":132,"neow_bonus":"","is_daily":false,"chose_seed":false,"campfire_upgraded":0,"win_rate":0.0,"timestamp":1613477982,"path_taken":["M","?","M","?","$","R","E","?","T","?","?","?","M","M","R","BOSS"],"items_purchased_type":["Card","Card"],"build_version":"2020-12-22","purchased_purges":0,"victory":false,"max_hp_per_floor":[80,80,80,80,80,80,80,80,80,80,80,80,80,80,80,80,80],"card_choices":[{"not_picked":["Sever Soul","Pummel"],"picked":"Twin Strike","floor":1},{"not_picked":["Armaments","Whirlwind"],"picked":"Perfected Strike","floor":3},{"not_picked":["True Grit","Berserk"],"picked":"Cleave","floor":7},{"not_picked":["Twin Strike","True Grit"],"picked":"Hemokinesis","floor":8},{"not_picked":["Fire Breathing","Metallicize"],"picked":"Clothesline","floor":12},{"not_picked":["Clothesline","Twin Strike"],"picked":"Pommel Strike","floor":13},{"not_picked":["Battle Trance","Disarm"],"picked":"Power Through","floor":14}],"player_experience":0,"relics_obtained":[{"floor":7,"key":"Self Forming Clay"},{"floor":9,"key":"Toy Ornithopter"}],"event_choices":[{"damage_healed":0,"gold_gain":0,"player_choice":"Take Wound","damage_taken":0,"relics_obtained":["Golden Idol"],"max_hp_gain":0,"max_hp_loss":0,"event_name":"Golden Idol","floor":2,"gold_loss":0,"cards_obtained":["Injury"]},{"cards_removed":["Injury"],"damage_healed":0,"gold_gain":0,"player_choice":"Removed Curses","damage_taken":0,"max_hp_gain":0,"max_hp_loss":0,"event_name":"Fountain of Cleansing","floor":4,"gold_loss":0},{"cards_removed":["Strike_R"],"damage_healed":0,"gold_gain":0,"player_choice":"Offered Basic","damage_taken":0,"max_hp_gain":0,"max_hp_loss":0,"event_name":"Bonfire Elementals","floor":11,"gold_loss":0}],"is_beta":false,"boss_relics":[],"items_purged_floors":[],"is_endless":false,"potions_floor_spawned":[7,8,12,14],"killed_by":"The Guardian","ascension_level":0}}