{"host":"xc18ixkpjvqrt8st","time":1613491025,"event":{"mods":["Act Like it!","BaseMod","Better Match","Better Third Choice","Conspire","Hallownest","Hermit","Hubris","Jorbs\u0027s Wanderer Trilogy","Minty Spire (QoL Compilation)","Reliquary","Robot Space Explorer","Shade Mod","Shop Mod","Spicy Shops","Spire Arcade","StSLib","The Jungle","The Sage"],"gold_per_floor":[110,0,0,13,13,42,58,58,81,81,110,110,120,132,132,230,230,245,256,256,256,256,285,285,111,111,122,2,2,20,36,36,36,36],"floor_reached":33,"language":"ENG","playtime":2172,"items_purged":[],"score":300,"play_id":"4b9cd67b-c79c-4285-9748-ace74f1d5ee3","local_time":"20210216095705","is_ascension_mode":false,"campfire_choices":[{"floor":8,"key":"RECALL"},{"floor":12,"key":"REST"},{"floor":15,"key":"REST"},{"floor":24,"key":"REST"},{"floor":32,"key":"REST"}],"circlet_count":0,"master_deck":["Shade:Strike_Shade","Shade:Strike_Shade","Shade:Strike_Shade+1","Shade:Strike_Shade","Shade:Defend_Shade","Shade:Defend_Shade","Shade:Defend_Shade","Shade:AnimateDead+1","Shade:CarefulCut","Shade:FeralStrike+1","Enlightenment+1","Shade:WallOfFlesh","Shade:ExtraLimbs+1","Shade:FingerOfDeath","Shade:ClawBack","Shade:GraveStillness","Shade:FleshLikeOak","Shade:DarkOfNight","Shade:FleshLikeOak+1","Shade:CallWraith+1","Shade:Doomsay+1","Shade:StitchTogether+1","Shade:Bonestorm+1","hubris:NaturalOne","Shade:WallOfFlesh+1","Shade:Brains","Shade:FreshBones","Dramatic Entrance","Shade:GraveStillness","Shade:Bite_Shade","Shade:GreyBargain","Shade:Carnophage+1"],"relics":["Shade:YorickSkull","NeowsBlessing","Bag of Preparation","reliquary:ExpiredCoupon","reliquary:Boomerang","Dead Branch","Astrolabe","hubris:Icosahedron","reliquary:Buckler","Lee\u0027s Waffle","reliquary:Buckler","hubris:Towel"],"acts_visited":["Exordium","TheCity"],"potions_floor_usage":[11,28,33,33],"damage_taken":[{"damage":0,"enemies":"Cultist","floor":1,"turns":1},{"damage":0,"enemies":"Jaw Worm","floor":4,"turns":1},{"damage":0,"enemies":"Lagavulin","floor":6,"turns":3},{"damage":0,"enemies":"2 Louse","floor":7,"turns":3},{"damage":16,"enemies":"Gremlin Nob","floor":11,"turns":4},{"damage":0,"enemies":"2 Fungi Beasts","floor":13,"turns":4},{"damage":2,"enemies":"Looter","floor":14,"turns":3},{"damage":28,"enemies":"The Guardian","floor":16,"turns":15},{"damage":10,"enemies":"Shell Parasite","floor":18,"turns":7},{"damage":14,"enemies":"conspire:FuzzyDice","floor":19,"turns":8},{"damage":16,"enemies":"Gremlin Leader","floor":23,"turns":7},{"damage":26,"enemies":"Snecko","floor":27,"turns":7},{"damage":29,"enemies":"conspire:HollyBat","floor":30,"turns":9},{"damage":38,"enemies":"Sentry and Sphere","floor":31,"turns":6},{"damage":58,"enemies":"Automaton","floor":33,"turns":10}],"seed_played":"3944331634192226733","potions_obtained":[{"floor":4,"key":"Regen Potion"},{"floor":13,"key":"SmokeBomb"},{"floor":14,"key":"sagemod:Wine"},{"floor":18,"key":"GamblersBrew"},{"floor":27,"key":"Weak Potion"},{"floor":31,"key":"SkillPotion"}],"is_trial":false,"path_per_floor":["M","?","$","M","?","E","M","R","T","?","E","R","M","M","R","B",null,"M","M","?","?","?","E","R","$","T","M","$","?","M","M","R","B"],"character_chosen":"SHADE","items_purchased":["Lee\u0027s Waffle","Shade:Brains","Dramatic Entrance","Shade:GraveStillness","Shade:Bite_Shade"],"campfire_rested":4,"item_purchase_floors":[25,25,28,28,28],"current_hp_per_floor":[65,71,71,71,71,71,71,71,71,33,29,50,50,48,69,41,71,61,47,47,47,47,41,62,78,78,62,62,62,47,21,44,0,0],"gold":36,"neow_bonus":"THREE_ENEMY_KILL","is_daily":false,"chose_seed":false,"campfire_upgraded":0,"win_rate":0.0,"timestamp":1613491025,"path_taken":["M","?","$","M","?","E","M","R","T","?","E","R","M","M","R","BOSS","M","M","?","?","?","E","R","$","T","?","?","?","M","M","R","BOSS"],"items_purchased_type":["Relic","Card","Card","Card","Card"],"build_version":"2020-12-22","purchased_purges":0,"victory":false,"max_hp_per_floor":[65,71,71,71,71,71,71,71,71,71,71,71,71,71,71,71,71,71,71,71,71,71,71,71,78,78,78,78,78,78,78,78,78,78],"card_choices":[{"not_picked":["Shade:SanguineRitual","Shade:Trample"],"picked":"Shade:FeralStrike","floor":1},{"not_picked":["Shade:FingerOfDeath","Shade:ClawBack"],"picked":"Shade:WallOfFlesh","floor":4},{"not_picked":["Shade:DangerousRitual","Shade:FleshLikeOak"],"picked":"Shade:ExtraLimbs","floor":6},{"not_picked":["Shade:PressTheAttack","Shade:Frenzy"],"picked":"Shade:FingerOfDeath","floor":7},{"not_picked":["Shade:AblativeArmor","Shade:OminousRitual"],"picked":"Shade:ClawBack","floor":11},{"not_picked":["Shade:WallOfFlesh","Shade:Doomsay"],"picked":"Shade:GraveStillness","floor":13},{"not_picked":["Shade:RitualOffering","Shade:Frenzy"],"picked":"Shade:FleshLikeOak","floor":14},{"not_picked":["Shade:GreaterAnimation","Shade:OfferingToTheBeyond"],"picked":"Shade:DarkOfNight","floor":16},{"not_picked":["Shade:FuneraryJewels","Shade:DangerousRitual"],"picked":"Shade:StitchTogether+1","floor":18},{"not_picked":["Shade:ExtraLimbs","Shade:AblativeArmor+1"],"picked":"Shade:Bonestorm","floor":19},{"not_picked":["Shade:CoffinDance","Shade:RavenousHorde"],"picked":"Shade:WallOfFlesh+1","floor":23},{"not_picked":["Shade:CoffinDance","Shade:GraveStillness"],"picked":"Shade:FreshBones","floor":27},{"not_picked":["Shade:Awaken","Shade:DangerousRitual+1"],"picked":"Shade:GreyBargain","floor":30},{"not_picked":["Shade:FleshToFlesh","Shade:Bonestorm+1"],"picked":"Shade:Carnophage+1","floor":31}],"player_experience":520576,"relics_obtained":[{"floor":6,"key":"Bag of Preparation"},{"floor":9,"key":"reliquary:ExpiredCoupon"},{"floor":11,"key":"Dead Branch"},{"floor":23,"key":"reliquary:Buckler"},{"floor":26,"key":"reliquary:SculptingSteel"}],"event_choices":[{"damage_healed":0,"gold_gain":0,"player_choice":"RENOUNCE","damage_taken":110,"max_hp_gain":0,"max_hp_loss":0,"event_name":"betterThird:BetterSerpent","floor":2,"gold_loss":110,"cards_obtained":["Enlightenment"]},{"damage_healed":0,"gold_gain":0,"player_choice":"Serpent","damage_taken":0,"max_hp_gain":0,"max_hp_loss":0,"event_name":"BanditSerpent","floor":21,"gold_loss":0},{"damage_healed":0,"gold_gain":0,"player_choice":"Ignored","damage_taken":0,"max_hp_gain":0,"max_hp_loss":0,"event_name":"Purifier","floor":22,"gold_loss":0}],"is_beta":false,"boss_relics":[{"not_picked":["hubris:GrandSneckoEye","conspire:SlowCooker"],"picked":"Astrolabe"}],"items_purged_floors":[],"is_endless":false,"potions_floor_spawned":[4,13,14,18,19,27,31],"killed_by":"Automaton","ascension_level":0}}