{"host":"5jdby9iqu3ct6557","time":1613434907,"event":{"mods":["BaseMod","DeckTracker","Highlight Path","Minty Spire (QoL Compilation)","Relic Stats","StSLib","ojb\u0027s Info Mod"],"gold_per_floor":[115,40,54,54,81,122,63,63,87,11,11,11],"floor_reached":11,"language":"ENG","playtime":881,"items_purged":[],"score":142,"play_id":"e9d590c1-e951-408d-8299-d89e87862393","local_time":"20210215192147","is_ascension_mode":true,"campfire_choices":[{"floor":8,"key":"REST"}],"circlet_count":0,"master_deck":["AscendersBane","Strike_G","Strike_G","Strike_G","Strike_G","Defend_G","Defend_G","Defend_G","Defend_G","Defend_G","Survivor","Neutralize","Underhanded Strike","Reflex","Underhanded Strike","Acrobatics","Blade Dance","Expertise"],"relics":["Runic Dome","CeramicFish","HornCleat","Orichalcum"],"acts_visited":["Exordium"],"potions_floor_usage":[6],"damage_taken":[{"damage":0,"enemies":"2 Louse","floor":1,"turns":3},{"damage":12,"enemies":"Jaw Worm","floor":3,"turns":7},{"damage":0,"enemies":"Cultist","floor":5,"turns":3},{"damage":44,"enemies":"Gremlin Nob","floor":6,"turns":5},{"damage":23,"enemies":"Lagavulin","floor":11,"turns":6}],"seed_played":"-651451476393193884","potions_obtained":[{"floor":1,"key":"BlessingOfTheForge"}],"is_trial":false,"path_per_floor":["M","?","M","T","M","E","?","R","T","$","E"],"character_chosen":"THE_SILENT","items_purchased":["Blade Dance","Expertise"],"campfire_rested":1,"item_purchase_floors":[10,10],"current_hp_per_floor":[59,59,47,47,47,3,3,22,22,22,0,0],"gold":11,"neow_bonus":"BOSS_RELIC","is_daily":false,"chose_seed":false,"campfire_upgraded":0,"win_rate":0.0,"timestamp":1613434907,"path_taken":["M","?","M","?","M","E","?","R","T","$","E"],"items_purchased_type":["Card","Card"],"build_version":"2020-12-22","purchased_purges":0,"victory":false,"max_hp_per_floor":[66,66,66,66,66,66,66,66,66,66,66,66],"relic_stats":{"counters":[5,24],"CeramicFish":36,"Orichalcum":[12],"obtain_stats":[{"Runic Dome":0,"HornCleat":6,"CeramicFish":4,"Orichalcum":9,"Ring of the Snake":0},{"Runic Dome":0,"HornCleat":4,"CeramicFish":2,"Orichalcum":4,"Ring of the Snake":0},{"Runic Dome":0,"HornCleat":18,"CeramicFish":10,"Orichalcum":18,"Ring of the Snake":0}]},"card_choices":[{"not_picked":["Expertise","Concentrate"],"picked":"Underhanded Strike","floor":1},{"not_picked":["Setup","Concentrate"],"picked":"Reflex","floor":3},{"not_picked":["Calculated Gamble","PiercingWail"],"picked":"Underhanded Strike","floor":5},{"not_picked":["Riddle With Holes","Accuracy"],"picked":"Acrobatics","floor":6}],"player_experience":2761885,"relics_obtained":[{"floor":4,"key":"CeramicFish"},{"floor":6,"key":"HornCleat"},{"floor":9,"key":"Orichalcum"}],"event_choices":[{"cards_removed":["Strike_G"],"damage_healed":0,"gold_gain":0,"player_choice":"Card Removal","damage_taken":0,"max_hp_gain":0,"max_hp_loss":0,"event_name":"The Cleric","floor":2,"gold_loss":75},{"damage_healed":0,"gold_gain":0,"player_choice":"Left Gold","damage_taken":0,"max_hp_gain":0,"max_hp_loss":0,"event_name":"World of Goop","floor":7,"gold_loss":59}],"is_beta":false,"boss_relics":[],"items_purged_floors":[],"is_endless":false,"potions_floor_spawned":[1],"killed_by":"Lagavulin","ascension_level":20}}