{"host":"sf9jac3ppl7h88gj","time":1613494424,"event":{"mods":["AchievementEnabler","Ascension Unlocker","BaseMod","Colored Map","Custom Start","Force Act Four","Minty Spire (QoL Compilation)","Replay The Spire","StSLib"],"gold_per_floor":[112,112,37,37,37,37,56,56,129,154,169,183,183,193,193,193,193],"floor_reached":16,"language":"ENG","playtime":992,"items_purged":["Defend_P"],"score":200,"play_id":"a22c35cb-fb30-4729-81dd-f53f185e2090","local_time":"20210216115344","is_ascension_mode":true,"campfire_choices":[{"data":"Replay:DivineShield","floor":6,"key":"SMITH"},{"data":"Vault","floor":8,"key":"SMITH"},{"floor":13,"key":"REST"},{"data":"Halt","floor":15,"key":"SMITH"}],"circlet_count":0,"master_deck":["AscendersBane","Strike_P","Strike_P","Strike_P","Strike_P","Defend_P","Defend_P","Eruption","Vigilance","Vault+1","Replay:DivineShield+1","FollowUp","FlurryOfBlows","Halt+1","CutThroughFate","Collect"],"relics":["PureWater","Garlic","Gremlin Horn"],"acts_visited":["Exordium"],"potions_floor_usage":[10,14,16],"damage_taken":[{"damage":4,"enemies":"Small Slimes","floor":1,"turns":4},{"damage":4,"enemies":"Cultist","floor":7,"turns":4},{"damage":26,"enemies":"3 Sentries","floor":10,"turns":9},{"damage":0,"enemies":"Jaw Worm","floor":11,"turns":4},{"damage":3,"enemies":"Blue Slaver","floor":12,"turns":4},{"damage":0,"enemies":"Exordium Wildlife","floor":14,"turns":2},{"damage":54,"enemies":"Hexaghost","floor":16,"turns":10}],"seed_played":"8440949408651137711","potions_obtained":[{"floor":1,"key":"AttackPotion"},{"floor":2,"key":"Toxic Potion"},{"floor":11,"key":"Strength Potion"},{"floor":12,"key":"Energy Potion"}],"is_trial":false,"path_per_floor":["M","?","$","?","$","R","M","R","T","E","M","M","R","M","R","B"],"character_chosen":"WATCHER","items_purchased":[],"campfire_rested":1,"item_purchase_floors":[],"current_hp_per_floor":[57,57,57,62,62,62,58,58,58,32,32,29,50,50,50,0,0],"gold":193,"neow_bonus":"TRANSFORM_CARD","is_daily":false,"chose_seed":false,"campfire_upgraded":3,"win_rate":0.0,"timestamp":1613494424,"path_taken":["M","?","?","?","?","R","M","R","T","E","M","M","R","M","R","BOSS"],"items_purchased_type":[],"build_version":"2020-12-22","purchased_purges":1,"victory":false,"max_hp_per_floor":[68,68,68,73,73,73,73,73,73,73,73,73,73,73,73,73,73],"card_choices":[{"not_picked":["Prostrate","ForeignInfluence"],"picked":"Replay:DivineShield","floor":1},{"not_picked":["Prostrate","Collect"],"picked":"FollowUp","floor":7},{"not_picked":["ClearTheMind","WaveOfTheHand"],"picked":"FlurryOfBlows","floor":10},{"not_picked":["FlyingSleeves","ConjureBlade"],"picked":"Halt","floor":11},{"not_picked":["Replay:Anticipation","InnerPeace"],"picked":"CutThroughFate","floor":12},{"not_picked":["JustLucky","Study"],"picked":"Collect","floor":14}],"player_experience":1302905,"relics_obtained":[{"floor":9,"key":"Garlic"},{"floor":10,"key":"Gremlin Horn"}],"event_choices":[{"damage_healed":0,"gold_gain":0,"player_choice":"Got Potions","damage_taken":0,"max_hp_gain":0,"max_hp_loss":0,"event_name":"Lab","floor":2,"gold_loss":0},{"damage_healed":0,"gold_gain":0,"player_choice":"Donut","damage_taken":0,"max_hp_gain":5,"max_hp_loss":0,"event_name":"Big Fish","floor":4,"gold_loss":0}],"is_beta":false,"boss_relics":[],"items_purged_floors":[3],"is_endless":false,"potions_floor_spawned":[1,11,12],"killed_by":"Hexaghost","ascension_level":20}}