{"host":"5dk97cf2ubw2v967","time":1613483835,"event":{"mods":["AlwaysNeverKeys","BaseMod","Better Altar","Better Vampires","Block Reminder","Card Filter","Colored Powertips","Downfall","Googly Eyes","Highlight Path","Minty Spire (QoL Compilation)","Permanent Neow","Potion Indicator Mod","Quick Restart","Relic Filter","Relic Stats","Say the Spire","Spicy Shops","StSLib","Waifu the Spire","everything is the same but u backflip on backflip"],"gold_per_floor":[113,133,145,145,70,70,97,97,97,126,126,276,310,385,385,457,457,469,488,488,488,488,488,519,519,519,30,30,62,76,26,26,26,26],"floor_reached":33,"language":"ENG","playtime":1109,"items_purged":["Defend_R","Strike_R","Strike_R"],"score":594,"play_id":"cd84c538-bc05-4763-b13b-537bc79586db","local_time":"20210216135715","is_ascension_mode":true,"campfire_choices":[{"data":"Infernal Blade","floor":6.0,"key":"SMITH"},{"data":"Ghostly Armor","floor":8.0,"key":"SMITH"},{"floor":15,"key":"REST"},{"data":"Fire Breathing","floor":23,"key":"SMITH"},{"floor":25,"key":"REST"},{"data":"Shockwave","floor":28,"key":"SMITH"},{"floor":32,"key":"REST"}],"circlet_count":0,"master_deck":["AscendersBane","Defend_R","Defend_R","Infernal Blade+1","Ghostly Armor+1","Fire Breathing+1","Feel No Pain","Carnage","Doubt","Intimidate","Barricade","Shockwave+1","Reckless Charge","Reaper"],"relics":["Burning Blood","FaceOfCleric","MealTicket","Juzu Bracelet","Pear","Snecko Eye","Nloth\u0027s Gift","Toxic Egg 2","Centennial Puzzle","HornCleat","Tiny Chest"],"acts_visited":["Exordium","TheCity"],"potions_floor_usage":[13,13,16,29],"damage_taken":[{"damage":14.0,"enemies":"Small Slimes","floor":1.0,"turns":4.0},{"damage":0.0,"enemies":"Cultist","floor":2.0,"turns":2.0},{"damage":1.0,"enemies":"2 Louse","floor":3.0,"turns":4.0},{"damage":15.0,"enemies":"3 Sentries","floor":7.0,"turns":4.0},{"damage":29.0,"enemies":"Gremlin Nob","floor":10.0,"turns":4.0},{"damage":25,"enemies":"Lagavulin","floor":13,"turns":5},{"damage":5,"enemies":"Slime Boss","floor":16,"turns":8},{"damage":10,"enemies":"3 Byrds","floor":18,"turns":7},{"damage":23,"enemies":"Shell Parasite","floor":19,"turns":7},{"damage":36,"enemies":"Slavers","floor":24,"turns":4},{"damage":70,"enemies":"Book of Stabbing","floor":29,"turns":7},{"damage":0,"enemies":"Snecko","floor":30,"turns":5},{"damage":82,"enemies":"Automaton","floor":33,"turns":12}],"seed_played":"-8885297833070407444","potions_obtained":[{"floor":1.0,"key":"Strength Potion"},{"floor":2.0,"key":"DistilledChaos"},{"floor":11.0,"key":"Fire Potion"},{"floor":11.0,"key":"SteroidPotion"},{"floor":13,"key":"SkillPotion"},{"floor":19,"key":"SteroidPotion"},{"floor":30,"key":"Ancient Potion"}],"is_trial":false,"path_per_floor":["M","M","M","?","$","R","E","R","T","E","?","?","E","?","R","B",null,"M","M","?","?","?","R","E","R","T","$","R","E","M","?","R","B"],"character_chosen":"IRONCLAD","items_purchased":["HornCleat"],"campfire_rested":3,"item_purchase_floors":[27],"current_hp_per_floor":[60,66,68,68,68,68,60,60,60,38,38,38,30,19,43,45,73,70,54,54,54,54,54,33,58,58,73,73,20,33,33,59,0,0],"gold":26,"neow_bonus":"REMOVE_TWO","is_daily":false,"chose_seed":false,"campfire_upgraded":4,"win_rate":0.0,"timestamp":1613483835,"path_taken":["M","M","M","?","?","R","E","R","T","E","?","?","E","?","R","BOSS","M","M","?","?","?","R","E","R","T","$","R","E","M","?","R","BOSS"],"items_purchased_type":["Relic"],"build_version":"2020-12-22","purchased_purges":3,"victory":false,"max_hp_per_floor":[68,68,68,68,68,68,69,69,69,70,70,70,81,81,81,82,82,83,84,84,84,84,84,85,85,85,85,85,86,87,87,87,87,87],"relic_stats":{"Centennial Puzzle":[6],"FaceOfCleric":9,"counters":[13,73],"Snecko Eye":[56,65,61,49],"MealTicket":15,"Tiny Chest":0,"Juzu Bracelet":3,"Nloth\u0027s Gift":2,"obtain_stats":[{"Centennial Puzzle":26,"Pear":13,"HornCleat":27,"FaceOfCleric":4,"Ornamental Fan":9,"Snecko Eye":17,"MealTicket":7,"Tiny Chest":29,"Juzu Bracelet":10,"Nloth\u0027s Gift":20,"Toxic Egg 2":24,"Burning Blood":0},{"Centennial Puzzle":10,"Pear":6,"HornCleat":10,"FaceOfCleric":3,"Ornamental Fan":4,"Snecko Eye":7,"MealTicket":4,"Tiny Chest":11,"Juzu Bracelet":5,"Nloth\u0027s Gift":9,"Toxic Egg 2":10,"Burning Blood":0},{"Centennial Puzzle":49,"Pear":23,"HornCleat":49,"FaceOfCleric":10,"Ornamental Fan":14,"Snecko Eye":31,"MealTicket":14,"Tiny Chest":56,"Juzu Bracelet":18,"Nloth\u0027s Gift":45,"Toxic Egg 2":49,"Burning Blood":0}],"Burning Blood":69},"card_choices":[{"not_picked":["Dual Wield","Thunderclap"],"picked":"Infernal Blade","floor":1.0},{"not_picked":["Pommel Strike","Twin Strike"],"picked":"Ghostly Armor","floor":2.0},{"not_picked":["Armaments","Power Through"],"picked":"Fire Breathing","floor":3.0},{"not_picked":["Anger","Twin Strike"],"picked":"Feel No Pain","floor":7.0},{"not_picked":["Anger","Clothesline"],"picked":"Carnage","floor":10.0},{"not_picked":["True Grit","Perfected Strike"],"picked":"Intimidate","floor":13},{"not_picked":["Demon Form","Reaper"],"picked":"Barricade","floor":16},{"not_picked":["Headbutt","Armaments"],"picked":"Shockwave","floor":18},{"not_picked":["Headbutt","Dual Wield","Shrug It Off"],"picked":"SKIP","floor":19},{"not_picked":["Demon Form","Pommel Strike","Wild Strike"],"picked":"SKIP","floor":24},{"not_picked":["Rupture","Reaper","Double Tap+1"],"picked":"SKIP","floor":29},{"not_picked":["Clash","Body Slam","Dropkick"],"picked":"SKIP","floor":30}],"player_experience":1327388,"relics_obtained":[{"floor":7.0,"key":"MealTicket"},{"floor":9.0,"key":"Ornamental Fan"},{"floor":10.0,"key":"Juzu Bracelet"},{"floor":13,"key":"Pear"},{"floor":24,"key":"Toxic Egg 2"},{"floor":26,"key":"Centennial Puzzle"},{"floor":29,"key":"Tiny Chest"}],"event_choices":[{"damage_healed":0.0,"max_hp_gain":0.0,"max_hp_loss":0.0,"gold_gain":0.0,"event_name":"FaceTrader","player_choice":"Trade","floor":4.0,"gold_loss":0.0,"damage_taken":0.0,"relics_obtained":["FaceOfCleric"]},{"damage_healed":0.0,"max_hp_gain":0.0,"max_hp_loss":0.0,"gold_gain":0.0,"event_name":"Lab","player_choice":"Got Potions","floor":11.0,"gold_loss":0.0,"damage_taken":0.0},{"damage_healed":0.0,"max_hp_gain":0.0,"max_hp_loss":0.0,"gold_gain":150.0,"event_name":"Liars Game","player_choice":"AGREE","floor":12.0,"gold_loss":0.0,"damage_taken":0.0,"cards_obtained":["Doubt"]},{"damage_healed":0,"gold_gain":75,"player_choice":"Gather Gold","damage_taken":11,"max_hp_gain":0,"max_hp_loss":0,"event_name":"World of Goop","floor":14,"gold_loss":0},{"damage_healed":0,"gold_gain":0,"player_choice":"Traded Relic","damage_taken":0,"relics_obtained":["Nloth\u0027s Gift"],"max_hp_gain":0,"max_hp_loss":0,"event_name":"N\u0027loth","floor":20,"relics_lost":["Ornamental Fan"],"gold_loss":0},{"cards_removed":["Bash"],"damage_healed":0,"gold_gain":0,"player_choice":"Offered Basic","damage_taken":0,"max_hp_gain":0,"max_hp_loss":0,"event_name":"Bonfire Elementals","floor":21,"gold_loss":0},{"damage_healed":0,"gold_gain":0,"cards_transformed":["Strike_R","Strike_R"],"player_choice":"Became Test Subject","damage_taken":0,"max_hp_gain":0,"max_hp_loss":0,"event_name":"Drug Dealer","floor":22,"gold_loss":0,"cards_obtained":["Reckless Charge","Reaper"]},{"damage_healed":0,"gold_gain":0,"player_choice":"Bet on Murderer","damage_taken":0,"max_hp_gain":0,"max_hp_loss":0,"event_name":"The Joust","floor":31,"gold_loss":50}],"is_beta":false,"boss_relics":[{"not_picked":["Calling Bell","Busted Crown"],"picked":"Snecko Eye"}],"items_purged_floors":[5,27,27],"is_endless":false,"potions_floor_spawned":[1,2,13,19,30],"killed_by":"Automaton","ascension_level":20}}