{"host":"x8s7139x96bc3le0","time":1613504054,"event":{"mods":["AchievementEnabler","BaseMod","Bestiary","Minty Spire (QoL Compilation)","Relic Stats","ojb\u0027s Better Paths Mod","ojb\u0027s Info Mod"],"gold_per_floor":[118,3,13,23,34,34,60,60,86,105,120,139,149,182,182,182,182],"floor_reached":16,"language":"ENG","playtime":850,"items_purged":["Parasite"],"score":168,"play_id":"bb279e0a-05be-4080-970a-0bfea45855fa","local_time":"20210216203414","is_ascension_mode":true,"campfire_choices":[{"data":"Neutralize","floor":6.0,"key":"SMITH"},{"data":"Dagger Spray","floor":8.0,"key":"SMITH"},{"data":"Flechettes","floor":15.0,"key":"SMITH"}],"circlet_count":0,"master_deck":["Strike_G","Strike_G","Strike_G","Strike_G","Strike_G","Defend_G","Defend_G","Defend_G","Defend_G","Defend_G","Survivor","Neutralize+1","Skewer","Predator","Dagger Spray+1","Endless Agony","Dagger Throw","Flechettes+1","Dash","Acrobatics","All Out Attack","Underhanded Strike"],"relics":["Ring of the Snake","Ginger","Boot","Snake Skull","Bag of Preparation"],"acts_visited":["Exordium"],"potions_floor_usage":[16,16],"damage_taken":[{"damage":2.0,"enemies":"Small Slimes","floor":1.0,"turns":3.0},{"damage":0.0,"enemies":"Cultist","floor":3.0,"turns":5.0},{"damage":2.0,"enemies":"Jaw Worm","floor":4.0,"turns":3.0},{"damage":3.0,"enemies":"Blue Slaver","floor":5.0,"turns":3.0},{"damage":16.0,"enemies":"3 Sentries","floor":7.0,"turns":9.0},{"damage":0.0,"enemies":"2 Fungi Beasts","floor":10.0,"turns":2.0},{"damage":0.0,"enemies":"Lots of Slimes","floor":11.0,"turns":2.0},{"damage":7.0,"enemies":"Looter","floor":12.0,"turns":3.0},{"damage":0.0,"enemies":"2 Fungi Beasts","floor":13.0,"turns":2.0},{"damage":10.0,"enemies":"Lagavulin","floor":14.0,"turns":5.0},{"damage":24,"enemies":"The Guardian","floor":16,"turns":14}],"seed_played":"-7978174409811907262","potions_obtained":[{"floor":3.0,"key":"LiquidMemories"},{"floor":10.0,"key":"EssenceOfSteel"},{"floor":11.0,"key":"Energy Potion"},{"floor":12.0,"key":"ColorlessPotion"},{"floor":14.0,"key":"Block Potion"}],"is_trial":false,"path_per_floor":["M","$","M","M","M","R","E","R","T","M","M","M","M","E","R","B"],"character_chosen":"THE_SILENT","items_purchased":["Predator"],"campfire_rested":0,"item_purchase_floors":[2],"current_hp_per_floor":[61,61,61,59,56,56,40,40,40,40,40,33,33,23,23,0,0],"gold":182,"neow_bonus":"ONE_RARE_RELIC","is_daily":false,"chose_seed":false,"campfire_upgraded":3,"win_rate":0.0,"timestamp":1613504054,"path_taken":["M","$","M","M","M","R","E","R","T","M","M","M","M","E","R","BOSS"],"items_purchased_type":["Card"],"build_version":"2020-12-22","purchased_purges":1,"victory":false,"max_hp_per_floor":[70,67,67,67,67,67,67,67,67,67,67,67,67,67,67,67,67],"relic_stats":{"counters":[11,51],"Snake Skull":[0],"Bag of Preparation":[2],"Ginger":[2],"Boot":[21],"obtain_stats":[{"Snake Skull":9,"Bag of Preparation":14,"Ginger":0,"Boot":7,"Ring of the Snake":0},{"Snake Skull":5,"Bag of Preparation":10,"Ginger":0,"Boot":5,"Ring of the Snake":0},{"Snake Skull":23,"Bag of Preparation":37,"Ginger":0,"Boot":23,"Ring of the Snake":0}],"Ring of the Snake":[22]},"card_choices":[{"not_picked":["Leg Sweep","Expertise"],"picked":"Skewer","floor":1.0},{"not_picked":["Deflect","Flying Knee"],"picked":"Dagger Spray","floor":3.0},{"not_picked":["Acrobatics","Underhanded Strike"],"picked":"Endless Agony","floor":4.0},{"not_picked":["All Out Attack","Catalyst"],"picked":"Dagger Throw","floor":5.0},{"not_picked":["Well Laid Plans","Reflex","Deadly Poison"],"picked":"SKIP","floor":7.0},{"not_picked":["Skewer","Prepared"],"picked":"Flechettes","floor":10.0},{"not_picked":["Escape Plan","Deadly Poison"],"picked":"Dash","floor":11.0},{"not_picked":["Deadly Poison","Outmaneuver"],"picked":"Acrobatics","floor":12.0},{"not_picked":["Acrobatics","Cloak And Dagger"],"picked":"All Out Attack","floor":13.0},{"not_picked":["Well Laid Plans","Outmaneuver"],"picked":"Underhanded Strike","floor":14.0}],"player_experience":854066,"relics_obtained":[{"floor":7.0,"key":"Boot"},{"floor":9.0,"key":"Snake Skull"},{"floor":14.0,"key":"Bag of Preparation"}],"event_choices":[],"is_beta":false,"boss_relics":[],"items_purged_floors":[2],"is_endless":false,"potions_floor_spawned":[3,10,11,12,14],"killed_by":"The Guardian","ascension_level":9}}