{"host":"y4fuci1jk2rsxnep","time":1613510877,"event":{"mods":["AchievementEnabler","BaseMod","Colored Powertips","Custom Start","Defuse TimeMaze Blight","Dio Mod","Downfall","Hermit","Hero for Fun","Hubris","Hunter ??","Infinite Spire","Minty Spire (QoL Compilation)","Quick Restart","Reliquary","Remove Card Discount Mod","Replay The Spire","StSLib","The Blackbeard","The Bug Knight","The Mystic","The Runesmith"],"gold_per_floor":[113,288,305,162,162,191,205,218,272,291,311,368,394,242,242,339,339,351,351,156,213,223,258,258,258,307,307,319,336,336,336,336,336,336],"floor_reached":33,"language":"ENG","playtime":2327,"items_purged":["hermit:Strike_Hermit"],"score":319,"play_id":"b7620037-38fe-46cb-bf0f-8bbdcd5ef74f","local_time":"20210216222757","is_ascension_mode":true,"campfire_choices":[{"data":"hermit:FromBeyond","floor":15,"key":"SMITH"},{"data":"Apotheosis","floor":25,"key":"SMITH"},{"data":"hermit:FromBeyond","floor":27,"key":"SMITH"},{"data":"hermit:Covet","floor":30,"key":"SMITH"},{"data":"hermit:BigShot","floor":32,"key":"SMITH"}],"circlet_count":0,"master_deck":["hermit:Strike_Hermit","hermit:Strike_Hermit","hermit:Strike_Hermit","hermit:Defend_Hermit","hermit:Defend_Hermit","hermit:Defend_Hermit","hermit:Defend_Hermit","hermit:Snapshot","hermit:Covet+1","hermit:Quickdraw","Doubt","hermit:Quickdraw","hermit:FromBeyond+1","hermit:Brawl","hermit:Quickdraw","hermit:Ricochet","hermit:Midnight","hermit:BigShot+1","hermit:FromBeyond+1","hermit:Deadeye","Apotheosis+1","ReplayTheSpireMod:Splinters","hermit:Grudge+1","hermit:PistolWhip","hermit:Misfire"],"relics":["hermit:Momento","NeowsBlessing","Gambling Chip","Bag of Preparation","hermit:RyeStalk","Blood Vial","Bronze Scales","hubris:ScarierMask","Nunchaku","Turnip","Juzu Bracelet","hubris:Towel"],"acts_visited":["Exordium","TheCity"],"potions_floor_usage":[33],"damage_taken":[{"damage":0,"enemies":"Cultist","floor":1,"turns":1},{"damage":0,"enemies":"Jaw Worm","floor":3,"turns":1},{"damage":0,"enemies":"Lagavulin","floor":6,"turns":1},{"damage":0,"enemies":"2 Louse","floor":7,"turns":2},{"damage":13,"enemies":"Exordium Wildlife","floor":8,"turns":4},{"damage":0,"enemies":"Looter","floor":10,"turns":2},{"damage":9,"enemies":"2 Fungi Beasts","floor":11,"turns":2},{"damage":23,"enemies":"3 Sentries","floor":12,"turns":8},{"damage":20,"enemies":"The Guardian","floor":16,"turns":9},{"damage":4,"enemies":"Chosen","floor":18,"turns":3},{"damage":6,"enemies":"Shell Parasite","floor":22,"turns":4},{"damage":11,"enemies":"Slavers","floor":23,"turns":4},{"damage":3,"enemies":"Chosen and Byrds","floor":28,"turns":4},{"damage":14,"enemies":"Snecko","floor":29,"turns":4},{"damage":49,"enemies":"Collector","floor":33,"turns":3}],"seed_played":"1302795738816474516","potions_obtained":[{"floor":3,"key":"Elixir"},{"floor":7,"key":"LifebloodPotion"},{"floor":11,"key":"EssenceOfSteel"},{"floor":12,"key":"Ancient Potion"},{"floor":21,"key":"Doom Potion"}],"is_trial":false,"path_per_floor":["M","?","M","$","?","E","M","M","T","M","M","?","T","$","R","B",null,"M","?","$","?","M","E","?","R","T","R","M","M","R","?","R","B"],"character_chosen":"HERMIT","items_purchased":["hermit:FromBeyond","Bronze Scales","Apotheosis"],"campfire_rested":0,"item_purchase_floors":[4,14,20],"current_hp_per_floor":[75,75,75,75,75,75,75,62,62,62,53,30,30,30,30,12,75,71,71,71,71,67,58,58,58,58,58,57,45,45,45,45,0,0],"gold":336,"neow_bonus":"THREE_ENEMY_KILL","is_daily":false,"chose_seed":false,"campfire_upgraded":5,"win_rate":0.0,"timestamp":1613510877,"path_taken":["M","?","M","$","?","E","M","?","T","M","M","?","?","$","R","BOSS","M","?","$","?","M","E","?","R","T","R","M","M","R","?","R","BOSS"],"items_purchased_type":["Card","Relic","Card"],"build_version":"2020-12-22","purchased_purges":1,"victory":false,"max_hp_per_floor":[75,75,75,75,75,75,75,75,75,75,75,75,75,75,75,75,75,75,75,75,75,75,75,75,75,75,75,75,75,75,75,75,75,75],"card_choices":[{"not_picked":["hermit:GoldenBullet","hermit:Combo"],"picked":"hermit:Quickdraw","floor":1},{"not_picked":["hermit:ItchyTrigger","hermit:HoleUp"],"picked":"hermit:Quickdraw","floor":3},{"not_picked":["hermit:BodyArmor","hermit:TakeCover"],"picked":"hermit:Brawl","floor":6},{"not_picked":["hermit:Coalescence","hermit:Feint"],"picked":"hermit:Quickdraw","floor":7},{"not_picked":["hermit:Manifest","hermit:Headshot"],"picked":"hermit:Ricochet","floor":8},{"not_picked":["hermit:Gambit","hermit:Coalescence","hermit:Headshot"],"picked":"SKIP","floor":10},{"not_picked":["hermit:Quickdraw","hermit:WideOpen"],"picked":"hermit:Midnight","floor":11},{"not_picked":["hermit:CalledShot","hermit:Headshot"],"picked":"hermit:BigShot","floor":12},{"not_picked":["hermit:RoundhouseKick","hermit:Roughhouse"],"picked":"hermit:FromBeyond","floor":16},{"not_picked":["hermit:Feint","hermit:WideOpen"],"picked":"hermit:Deadeye","floor":18},{"not_picked":["hermit:ItchyTrigger","hermit:Snipe"],"picked":"hermit:Grudge+1","floor":22},{"not_picked":["hermit:DeadOrAlive","hermit:TrackingShot"],"picked":"hermit:PistolWhip","floor":23},{"not_picked":["hermit:LoneWolf","hermit:EyeOfTheStorm+1","hermit:Headshot"],"picked":"SKIP","floor":28},{"not_picked":["hermit:Headshot","hermit:FinalCanter"],"picked":"hermit:Misfire","floor":29}],"player_experience":612620,"relics_obtained":[{"floor":6,"key":"Gambling Chip"},{"floor":9,"key":"Bag of Preparation"},{"floor":13,"key":"Blood Vial"},{"floor":21,"key":"Nunchaku"},{"floor":23,"key":"Turnip"},{"floor":26,"key":"Juzu Bracelet"}],"event_choices":[{"damage_healed":0,"gold_gain":175,"player_choice":"AGREE","damage_taken":0,"max_hp_gain":0,"max_hp_loss":0,"event_name":"Liars Game","floor":2,"gold_loss":0,"cards_obtained":["Doubt"]},{"damage_healed":0,"gold_gain":0,"player_choice":"Bought 0 Potions","damage_taken":0,"max_hp_gain":0,"max_hp_loss":0,"event_name":"The Woman in Blue","floor":5,"gold_loss":0},{"damage_healed":0,"gold_gain":0,"player_choice":"Searched \u00272\u0027 times","damage_taken":0,"relics_obtained":["hermit:RyeStalk"],"max_hp_gain":0,"max_hp_loss":0,"event_name":"Dead Adventurer","floor":12,"gold_loss":0},{"damage_healed":0,"gold_gain":0,"player_choice":"Ignored","damage_taken":0,"max_hp_gain":0,"max_hp_loss":0,"event_name":"Beggar","floor":24,"gold_loss":0}],"is_beta":false,"boss_relics":[{"not_picked":["Empty Cage","Runic Pyramid"],"picked":"hubris:ScarierMask"}],"items_purged_floors":[14],"is_endless":false,"potions_floor_spawned":[3,7,11,12,23,29],"killed_by":"Collector","ascension_level":2}}