{"host":"bf5upntvbdompq33","time":1613501598,"event":{"mods":["BaseMod","Bestiary","Colored Map","Colored Powertips","Curses Come First","Highlight Path","Minty Spire (QoL Compilation)","StSLib","ojb\u0027s Info Mod"],"gold_per_floor":[119,69,81,6,81,81,111,111,111,137,137,60,60,83,83,178,178,203,221,237,336,361,361,361],"floor_reached":23,"language":"ENG","playtime":1161,"items_purged":["Strike_R"],"score":321,"play_id":"4913ca85-37c0-42a5-92a8-379f636ded92","local_time":"20210216115318","is_ascension_mode":true,"campfire_choices":[{"data":"Body Slam","floor":6,"key":"SMITH"},{"data":"Bash","floor":8,"key":"SMITH"},{"data":"Power Through","floor":13,"key":"SMITH"},{"floor":15,"key":"REST"}],"circlet_count":0,"master_deck":["AscendersBane","Strike_R","Strike_R","Strike_R","Strike_R","Defend_R","Defend_R","Defend_R","Defend_R","Bash+1","Fire Breathing","Body Slam+1","Cleave","Power Through+1","Reaper","Feed","Intimidate+1","Iron Wave","Double Tap"],"relics":["Black Blood","FossilizedHelix","Akabeko","StrikeDummy","Happy Flower","Golden Idol"],"acts_visited":["Exordium","TheCity"],"potions_floor_usage":[16,22],"damage_taken":[{"damage":0,"enemies":"Cultist","floor":1,"turns":5},{"damage":0,"enemies":"Jaw Worm","floor":3,"turns":6},{"damage":42,"enemies":"Lagavulin","floor":7,"turns":7},{"damage":0,"enemies":"2 Louse","floor":14,"turns":1},{"damage":39,"enemies":"Hexaghost","floor":16,"turns":11},{"damage":14,"enemies":"Chosen","floor":18,"turns":6},{"damage":27,"enemies":"2 Thieves","floor":19,"turns":5},{"damage":24,"enemies":"Centurion and Healer","floor":20,"turns":9},{"damage":38,"enemies":"Snake Plant","floor":22,"turns":5},{"damage":45,"enemies":"Slavers","floor":23,"turns":6}],"seed_played":"8235009480862552861","potions_obtained":[{"floor":1,"key":"SteroidPotion"},{"floor":3,"key":"Ancient Potion"},{"floor":19,"key":"Block Potion"}],"is_trial":false,"path_per_floor":["M","?","M","$","?","R","E","R","T","T","?","$","R","M","R","B",null,"M","M","M","?","M","E"],"character_chosen":"IRONCLAD","items_purchased":["Power Through"],"campfire_rested":1,"item_purchase_floors":[12],"current_hp_per_floor":[74,74,75,75,64,64,28,28,28,28,28,28,28,34,54,34,60,58,54,50,50,30,0,0],"gold":361,"neow_bonus":"ONE_RARE_RELIC","is_daily":false,"chose_seed":false,"campfire_upgraded":3,"win_rate":0.0,"timestamp":1613501598,"path_taken":["M","?","M","$","?","R","E","R","T","?","?","$","R","M","R","BOSS","M","M","M","?","M","E"],"items_purchased_type":["Card"],"build_version":"2020-12-22","purchased_purges":1,"victory":false,"max_hp_per_floor":[75,75,75,75,75,75,75,75,75,75,69,69,69,69,69,69,69,69,69,69,69,69,69,69],"card_choices":[{"not_picked":["Pummel","Reckless Charge"],"picked":"Fire Breathing","floor":1},{"not_picked":["Warcry","Flex"],"picked":"Body Slam","floor":3},{"not_picked":["Shockwave","Battle Trance"],"picked":"Cleave","floor":7},{"not_picked":["Perfected Strike","Iron Wave"],"picked":"Reaper","floor":14},{"not_picked":["Exhume","Offering"],"picked":"Feed","floor":16},{"not_picked":["Burning Pact","Pummel"],"picked":"Intimidate+1","floor":18},{"not_picked":["Pommel Strike+1","Flex"],"picked":"Iron Wave","floor":19},{"not_picked":["Warcry","Sword Boomerang"],"picked":"Double Tap","floor":20},{"not_picked":["Heavy Blade","Pommel Strike","Sever Soul"],"picked":"SKIP","floor":22}],"player_experience":1603887,"relics_obtained":[{"floor":7,"key":"Akabeko"},{"floor":9,"key":"StrikeDummy"},{"floor":10,"key":"Happy Flower"}],"event_choices":[{"cards_removed":["Doubt"],"damage_healed":0,"gold_gain":0,"player_choice":"Card Removal","damage_taken":0,"max_hp_gain":0,"max_hp_loss":0,"event_name":"The Cleric","floor":2,"gold_loss":50},{"damage_healed":0,"gold_gain":75,"player_choice":"Gather Gold","damage_taken":11,"max_hp_gain":0,"max_hp_loss":0,"event_name":"World of Goop","floor":5,"gold_loss":0},{"damage_healed":0,"gold_gain":0,"player_choice":"Lose Max HP","damage_taken":0,"relics_obtained":["Golden Idol"],"max_hp_gain":0,"max_hp_loss":6,"event_name":"Golden Idol","floor":11,"gold_loss":0},{"damage_healed":0,"gold_gain":99,"player_choice":"Stole From Cult","damage_taken":0,"max_hp_gain":0,"max_hp_loss":0,"event_name":"Nest","floor":21,"gold_loss":0}],"is_beta":false,"boss_relics":[{"not_picked":["Busted Crown","Ectoplasm"],"picked":"Black Blood"}],"items_purged_floors":[4],"is_endless":false,"potions_floor_spawned":[1,3,19,20],"killed_by":"Slavers","ascension_level":14}}