{"host":"e1dlxrn9xf91lno8","time":1613453520,"event":{"mods":["AchievementEnabler","Ascension Reborn","Aspiration","BaseMod","Bestiary","Better Altar","Better Sensory Stone","Better Third Choice","BetterRewards","Bossed Relics","Colored Map","Downfall","Filter the Spire","Highlight Path","Hubris","Mimic Mod","Minty Spire (QoL Compilation)","Morshu Shopkeeper","Morshu Shopkeeper - ENHANCED","Relic Filter","Reliquary","Replay The Spire","StSLib","The Disciple","The Saiyan","Uncapped","Waifu the Spire","everything is the same but u backflip on backflip"],"gold_per_floor":[89,36,36,50,50,50,66,97,97,97,97,29,45,61,61,61,61],"floor_reached":16,"language":"ENG","playtime":562,"items_purged":[],"score":100,"play_id":"d82fd8fe-77d9-43bf-8e6c-4a410dc1760f","local_time":"20210216003200","is_ascension_mode":true,"campfire_choices":[{"data":"Saiyan:KaioKen","floor":6,"key":"SMITH"},{"floor":15,"key":"DIG"}],"circlet_count":0,"master_deck":["Saiyan:SAIYA_Strike","Saiyan:SAIYA_Strike","Saiyan:SAIYA_Strike","Saiyan:SAIYA_Strike","Saiyan:SAIYA_Defend","Saiyan:SAIYA_Defend","Saiyan:SAIYA_Defend","Saiyan:SAIYA_Defend","Saiyan:EnergyBlast","Saiyan:KaioKen+1","Saiyan:RuthlessBlow","Saiyan:RemoveWeights","Saiyan:DoubleMasenko","Saiyan:KameHameHa+1","Saiyan:Flurry","Saiyan:DrainingStrike","Saiyan:UltraInstinct","Saiyan:Medicine","Saiyan:Afterimage"],"relics":["SaiyanSoul","SaiyanHeart","aspiration:BabyByrd","reliquary:WeakTea","hubris:ToyBattleship","Golden Egg"],"acts_visited":["Exordium"],"potions_floor_usage":[16],"damage_taken":[{"damage":8,"enemies":"Small Slimes","floor":1,"turns":3},{"damage":4,"enemies":"Jaw Worm","floor":4,"turns":3},{"damage":0,"enemies":"Cultist","floor":7,"turns":3},{"damage":30,"enemies":"Gremlin Nob","floor":8,"turns":5},{"damage":11,"enemies":"Large Slime","floor":13,"turns":8},{"damage":7,"enemies":"Blue Slaver","floor":14,"turns":3},{"damage":41,"enemies":"Hexaghost","floor":16,"turns":8}],"seed_played":"-3495862625621275318","potions_obtained":[{"floor":4,"key":"LifebloodPotion"},{"floor":7,"key":"champ:CounterPotion"}],"is_trial":false,"path_per_floor":["M","$","?","M","?","R","M","E","T","?","?","$","M","M","R_BF","B"],"character_chosen":"SAIYAJIN","items_purchased":["Saiyan:DoubleMasenko","Saiyan:UltraInstinct"],"campfire_rested":0,"item_purchase_floors":[2,12],"current_hp_per_floor":[60,60,60,57,57,57,57,29,29,46,46,46,37,34,34,0,0],"gold":61,"neow_bonus":"TEN_PERCENT_HP_BONUS","is_daily":false,"chose_seed":false,"campfire_upgraded":1,"win_rate":0.0,"timestamp":1613453520,"path_taken":["M","$","?","M","?","R","?","E","T","?","?","$","M","M","R_BF","BOSS"],"items_purchased_type":["Card","Card"],"build_version":"2020-12-22","purchased_purges":0,"victory":false,"max_hp_per_floor":[68,68,68,69,69,69,69,71,71,71,68,68,70,71,71,72,72],"card_choices":[{"not_picked":["Saiyan:WarmUp","Saiyan:SpiritSword"],"picked":"Saiyan:RemoveWeights","floor":1},{"not_picked":["Saiyan:FinalFlash","Saiyan:SpiritSword"],"picked":"Saiyan:KameHameHa","floor":4},{"not_picked":["Saiyan:Kienzan","Saiyan:Makankosappo"],"picked":"Saiyan:Flurry","floor":7},{"not_picked":["Saiyan:ThirstForFight","Saiyan:DragonRadar"],"picked":"Saiyan:DrainingStrike","floor":8},{"not_picked":["Saiyan:ReverberatingForce","Saiyan:DrainingStrike"],"picked":"Saiyan:Medicine","floor":13},{"not_picked":["Saiyan:DoubleMasenko","Saiyan:Medicine"],"picked":"Saiyan:Afterimage","floor":14}],"player_experience":18935,"relics_obtained":[{"floor":8,"key":"reliquary:WeakTea"},{"floor":9,"key":"hubris:ToyBattleship"},{"floor":15,"key":"Golden Egg"}],"event_choices":[{"damage_healed":0,"gold_gain":0,"player_choice":"Upgraded","damage_taken":0,"max_hp_gain":0,"max_hp_loss":0,"event_name":"Upgrade Shrine","floor":5,"gold_loss":0,"cards_upgraded":["Saiyan:KameHameHa"]},{"damage_healed":17,"gold_gain":0,"player_choice":"Healed and dodged fight","damage_taken":0,"max_hp_gain":0,"max_hp_loss":0,"event_name":"Mushrooms","floor":10,"gold_loss":0,"cards_obtained":["Parasite"]},{"cards_removed":["Parasite"],"damage_healed":0,"gold_gain":0,"player_choice":"Purged","damage_taken":0,"max_hp_gain":0,"max_hp_loss":0,"event_name":"Purifier","floor":11,"gold_loss":0}],"is_beta":false,"boss_relics":[],"items_purged_floors":[],"is_endless":false,"potions_floor_spawned":[4,7],"killed_by":"Hexaghost","ascension_level":0}}