{"host":"0fupymmp6wdjyqoi","time":1613458156,"event":{"mods":["BaseMod","Bestiary","Clockwork Mod","Conspire","Downfall","GifTheSpireLib","Hubris","Infinite Spire","Minty Spire (QoL Compilation)","Replay The Spire","StSLib","The Construct","The Senshi"],"gold_per_floor":[113,143,158,169,169,169,169,200,200,215,21,21,21,52,64,175,187,218,230,230,39,50,50,50,50,50,50,50,50,50,50],"floor_reached":30,"language":"ENG","playtime":4421,"items_purged":["Strike_R"],"score":237,"play_id":"e8b73b2d-81ca-4efe-8a25-31354e229ff8","local_time":"20210216074916","is_ascension_mode":true,"campfire_choices":[{"floor":6.0,"key":"RECALL"},{"floor":12.0,"key":"REST"},{"data":"Carnage","floor":15.0,"key":"SMITH"},{"floor":23.0,"key":"REST"},{"data":"Battle Trance","floor":25.0,"key":"SMITH"}],"circlet_count":0,"master_deck":["Strike_R","Strike_R","Strike_R","Strike_R","Defend_R","Defend_R","Defend_R","Defend_R","Bash+1","Thunderclap","Headbutt","ReplayTheSpireMod:Strike From Hell","Seeing Red","Carnage+1","Armaments","Shrug It Off","ReplayTheSpireMod:Stacked","Iron Wave","Perfected Strike","Demon Form","infinitespire:OneForAll+1","Warcry+1","Battle Trance+1"],"relics":["Burning Blood","NeowsBlessing","infinitespire:WardingShard","Blue Candle","hubris:Towel","Replay:Rubber Ducky","Gremlin Food","BargainBundle","MawBank","hubris:HollowSoul","Blood Vial"],"acts_visited":["Exordium","TheCity"],"potions_floor_usage":[],"damage_taken":[{"damage":0.0,"enemies":"2 Louse","floor":1.0,"turns":2.0},{"damage":0.0,"enemies":"conspire:MimicChest","floor":2.0,"turns":1.0},{"damage":0.0,"enemies":"Small Slimes","floor":3.0,"turns":1.0},{"damage":6.0,"enemies":"Jaw Worm","floor":4.0,"turns":4.0},{"damage":26.0,"enemies":"Gremlin Nob","floor":8.0,"turns":4.0},{"damage":13.0,"enemies":"2 Fungi Beasts","floor":10.0,"turns":3.0},{"damage":0.0,"enemies":"Looter","floor":14.0,"turns":4.0},{"damage":48.0,"enemies":"Fading Forest","floor":16.0,"turns":11.0},{"damage":24.0,"enemies":"3 Byrds","floor":18.0,"turns":7.0},{"damage":16.0,"enemies":"2 Thieves","floor":20.0,"turns":4.0},{"damage":0.0,"enemies":"conspire:HollyBat","floor":22.0,"turns":9.0},{"damage":22,"enemies":"Gremlin Leader","floor":30,"turns":3}],"seed_played":"6954578868372822067","potions_obtained":[{"floor":1.0,"key":"Guardian:BlockOnCardUsePotion"},{"floor":4.0,"key":"Strength Potion"},{"floor":10.0,"key":"Adrenaline Potion"},{"floor":16.0,"key":"Explosive Potion"},{"floor":19.0,"key":"Doom Potion"}],"is_trial":false,"path_per_floor":["M","?","M","M","?","R","?","E","T","M","$","R","?","M","R","B",null,"M","?","M","$","M","R","$","R","T","PTL","PTL","PTL","E"],"character_chosen":"IRONCLAD","items_purchased":["BargainBundle","Shrug It Off","ReplayTheSpireMod:Stacked","Iron Wave","DistilledChaos","Warcry","Blood Vial"],"campfire_rested":2,"item_purchase_floors":[11,11,11,11,11,21,21],"current_hp_per_floor":[80,80,80,80,75,75,75,55,55,48,48,72,65,71,71,39,80,62,62,52,52,60,80,80,80,80,80,80,80,0,0],"gold":50,"neow_bonus":"THREE_ENEMY_KILL","is_daily":false,"chose_seed":false,"campfire_upgraded":2,"win_rate":0.0,"timestamp":1613458156,"path_taken":["M","?","M","M","?","R","?","E","T","M","?","R","?","M","R","BOSS","M","?","M","$","M","R","?","R","T","PTL","PTL","PTL","E"],"items_purchased_type":["Relic","Card","Card","Card","Potion","Card","Relic"],"build_version":"2020-12-22","purchased_purges":1,"victory":false,"max_hp_per_floor":[80,80,80,80,80,80,80,80,80,80,80,80,80,80,80,80,80,80,80,80,80,80,80,80,80,80,80,80,80,80,80],"card_choices":[{"not_picked":["Clash","conspire:Charge"],"picked":"Thunderclap","floor":1.0},{"not_picked":["Body Slam","ReplayTheSpireMod:Strike From Hell"],"picked":"Headbutt","floor":2.0},{"not_picked":["Wild Strike","hubris:ReadiedAction"],"picked":"ReplayTheSpireMod:Strike From Hell","floor":3.0},{"not_picked":["Thunderclap","Iron Wave"],"picked":"Seeing Red","floor":4.0},{"not_picked":["Twin Strike","Headbutt"],"picked":"Carnage","floor":8.0},{"not_picked":["Anger","True Grit"],"picked":"Armaments","floor":10.0},{"not_picked":["Intimidate","ReplayTheSpireMod:Strike From Hell"],"picked":"Perfected Strike","floor":14.0},{"not_picked":["Bludgeon","Berserk"],"picked":"Demon Form","floor":16.0},{"not_picked":["Warcry","Thunderclap"],"picked":"infinitespire:OneForAll+1","floor":18.0},{"not_picked":["Replay:Undeath\u0027s Touch","ReplayTheSpireMod:Strike From Hell","hubris:ReadiedAction"],"picked":"SKIP","floor":20.0},{"not_picked":["ReplayTheSpireMod:LeadingStrike","Headbutt"],"picked":"Battle Trance","floor":22.0}],"player_experience":135985,"relics_obtained":[{"floor":2.0,"key":"infinitespire:WardingShard"},{"floor":8.0,"key":"Replay:Rubber Ducky"},{"floor":9.0,"key":"Gremlin Food"}],"event_choices":[{"damage_healed":0.0,"max_hp_gain":0.0,"max_hp_loss":0.0,"gold_gain":0.0,"event_name":"Scrap Ooze","player_choice":"Success","floor":13.0,"gold_loss":0.0,"damage_taken":7.0,"relics_obtained":["MawBank"]},{"damage_healed":0.0,"max_hp_gain":0.0,"max_hp_loss":0.0,"gold_gain":0.0,"event_name":"Lab","player_choice":"Got Potions","floor":19.0,"gold_loss":0.0,"damage_taken":0.0}],"is_beta":false,"boss_relics":[{"not_picked":["Kintsugi","Empty Cage"],"picked":"hubris:HollowSoul"}],"items_purged_floors":[11],"is_endless":false,"potions_floor_spawned":[1,4,10,16,20],"killed_by":"Gremlin Leader","ascension_level":1}}