{"host":"3knbl8zxdy69ze8y","time":1613453859,"event":{"mods":["Astrologer","Bard","BaseMod","Colored Map","Hermit","Minty Spire (QoL Compilation)","Shapeshifter Mod","Smile Girya","StSLib","The Animator","The Hierophant","The Runesmith","The Widow","TheBandit"],"gold_per_floor":[12,28,28,51,64,104,104,117,143,143,163,206,206,59,59,188,188,212,231,110,133,152,152,191,215,215,259,259,259,259,279,279,381,381,397,413,424,524,524,549,549,549,572,587,614,278,293,324,324,324,324,324,17,45,45],"floor_reached":56,"language":"ENG","playtime":4200,"items_purged":["theWidow:StrikeWidow","theWidow:Dysphoria"],"score":1214,"play_id":"1740f922-5890-484f-b49f-6f4bea92d854","local_time":"20210215213739","is_ascension_mode":false,"campfire_choices":[{"data":"theWidow:Ironthread","floor":7.0,"key":"SMITH"},{"data":"theWidow:Stinger","floor":10.0,"key":"SMITH"},{"floor":15.0,"key":"REST"},{"data":"theWidow:OmniCannon","floor":23.0,"key":"SMITH"},{"data":"theWidow:OmniCannon+1","floor":30.0,"key":"SMITH"},{"data":"theWidow:OmniCannon+2","floor":32.0,"key":"SMITH"},{"data":"theWidow:Scrapper","floor":41.0,"key":"SMITH"},{"floor":49,"key":"RECALL"},{"data":"Apotheosis","floor":52,"key":"SMITH"}],"circlet_count":0,"master_deck":["theWidow:Steelweave+1","theWidow:StringShot+1","theWidow:Injection","theWidow:VenomStrike","theWidow:Ironthread+1","theWidow:MetalBurrs","theWidow:Lair+1","theWidow:Stinger+1","theWidow:Toxic","theWidow:ExplosiveKick","theWidow:OmniCannon+5","theWidow:JunkHeap","theWidow:Exploit","theWidow:JunkHeap","theWidow:GeminiBot2+1","theWidow:Scrapper+1","theWidow:SadisticIntent+1","theWidow:Desperation","theWidow:Gash+1","theWidow:RocketDash","theWidow:Spinnerets","theWidow:Injection","theWidow:ImprobabilityDrive","theWidow:FusionScythe","theWidow:Skitter","theWidow:JunkHeap","theWidow:Scrapper+1","theWidow:Ambush+1","theWidow:Neurojack+1","Apotheosis+1"],"relics":["theWidow:CyberheartRelic","Bloody Idol","Happy Flower","Art of War","Potion Belt","Orichalcum","Runesmith:UraniumAnvil","Toy Ornithopter","Ornamental Fan","Shuriken","Pandora\u0027s Box","Eternal Feather","Ancient Tea Set","Centennial Puzzle","Whetstone","Sling","StoneCalendar"],"acts_visited":["Exordium","TheCity","TheBeyond","TheEnding"],"potions_floor_usage":[50,54,55,55,55],"damage_taken":[{"damage":0.0,"enemies":"2 Louse","floor":1.0,"turns":3.0},{"damage":6.0,"enemies":"Jaw Worm","floor":2.0,"turns":3.0},{"damage":0.0,"enemies":"Cultist","floor":4.0,"turns":3.0},{"damage":7.0,"enemies":"Looter","floor":5.0,"turns":3.0},{"damage":15.0,"enemies":"Gremlin Nob","floor":6.0,"turns":4.0},{"damage":6.0,"enemies":"Exordium Wildlife","floor":8.0,"turns":4.0},{"damage":0.0,"enemies":"3 Louse","floor":11.0,"turns":2.0},{"damage":10.0,"enemies":"3 Sentries","floor":12.0,"turns":7.0},{"damage":20.0,"enemies":"The Guardian","floor":16.0,"turns":11.0},{"damage":12.0,"enemies":"Spheric Guardian","floor":18.0,"turns":5.0},{"damage":3.0,"enemies":"3 Byrds","floor":19.0,"turns":3.0},{"damage":3.0,"enemies":"Snake Plant","floor":21.0,"turns":4.0},{"damage":8.0,"enemies":"Shelled Parasite and Fungi","floor":22.0,"turns":3.0},{"damage":20.0,"enemies":"Book of Stabbing","floor":24.0,"turns":8.0},{"damage":1.0,"enemies":"Chosen and Byrds","floor":25.0,"turns":8.0},{"damage":12.0,"enemies":"Gremlin Leader","floor":27.0,"turns":4.0},{"damage":2.0,"enemies":"Centurion and Healer","floor":31.0,"turns":2.0},{"damage":13.0,"enemies":"Collector","floor":33.0,"turns":8.0},{"damage":0.0,"enemies":"3 Shapes","floor":35.0,"turns":5.0},{"damage":3.0,"enemies":"Orb Walker","floor":36.0,"turns":3.0},{"damage":0.0,"enemies":"Spire Growth","floor":37.0,"turns":5.0},{"damage":4.0,"enemies":"Nemesis","floor":40.0,"turns":5.0},{"damage":8.0,"enemies":"Jaw Worm Horde","floor":44.0,"turns":3.0},{"damage":46.0,"enemies":"Reptomancer","floor":45.0,"turns":7.0},{"damage":0.0,"enemies":"Sphere and 2 Shapes","floor":47.0,"turns":5.0},{"damage":5,"enemies":"Nemesis","floor":48,"turns":5},{"damage":22,"enemies":"Time Eater","floor":50,"turns":8},{"damage":26,"enemies":"Shield and Spear","floor":54,"turns":7},{"damage":48,"enemies":"The Heart","floor":55,"turns":8}],"seed_played":"8379829962372971017","potions_obtained":[{"floor":5.0,"key":"BlessingOfTheForge"},{"floor":6.0,"key":"LiquidBronze"},{"floor":8.0,"key":"Block Potion"},{"floor":12.0,"key":"DistilledChaos"},{"floor":21.0,"key":"theWidow:SilkPotion"},{"floor":22.0,"key":"Regen Potion"},{"floor":25.0,"key":"FearPotion"},{"floor":27.0,"key":"LiquidMemories"},{"floor":40.0,"key":"EssenceOfSteel"},{"floor":45.0,"key":"Energy Potion"},{"floor":47.0,"key":"Explosive Potion"},{"floor":48,"key":"EssenceOfSteel"}],"is_trial":false,"path_per_floor":["M","M","?","M","M","E","R","M","T","R","M","E","?","$","R","B",null,"M","M","$","M","M","R","E","M","T","E","?","?","R","M","R","B",null,"M","M","M","?","?","E","R","?","T","M","E","$","M","E","R","B",null,"R","$","E","B",null],"character_chosen":"THE_WIDOW","items_purchased":["Orichalcum","theWidow:JunkHeap","PowerPotion","Apotheosis","Whetstone","Sling"],"campfire_rested":1,"item_purchase_floors":[14,20,46,46,53,53],"current_hp_per_floor":[75,69,69,69,62,47,47,41,41,41,41,31,24,24,44,24,69,57,54,54,51,43,43,23,27,27,37,37,37,37,40,40,37,69,69,69,69,68,68,69,69,69,69,66,25,31,36,36,54,37,75,75,75,54,21],"gold":45,"neow_bonus":"THREE_RARE_CARDS","is_daily":false,"chose_seed":false,"campfire_upgraded":7,"win_rate":0.0,"timestamp":1613453859,"path_taken":["M","M","?","M","M","E","R","M","T","R","M","E","?","?","R","BOSS","M","M","$","?","M","R","E","M","T","E","?","?","R","M","R","BOSS","M","M","M","?","?","E","R","?","T","M","E","$","M","E","R","BOSS","R","$","E","BOSS"],"items_purchased_type":["Relic","Card","Potion","Card","Relic","Relic"],"build_version":"2020-12-22","purchased_purges":2,"victory":true,"max_hp_per_floor":[75,75,69,69,69,69,69,69,69,69,69,69,69,69,69,69,69,69,69,69,69,69,69,69,69,69,69,69,69,69,69,69,69,69,69,69,69,69,69,69,69,69,69,69,69,75,75,75,75,75,75,75,75,75,75],"card_choices":[{"not_picked":["theWidow:OmniCannon","theWidow:BombLauncher"],"picked":"theWidow:Injection","floor":0.0},{"not_picked":["theWidow:Underfoot","theWidow:Skitter"],"picked":"theWidow:VenomStrike","floor":1.0},{"not_picked":["theWidow:Chemistry","theWidow:BioInformatics"],"picked":"theWidow:Ironthread","floor":2.0},{"not_picked":["theWidow:Nanobots","theWidow:Chemistry"],"picked":"theWidow:MetalBurrs","floor":4.0},{"not_picked":["theWidow:BioInformatics","theWidow:Spinnerets"],"picked":"theWidow:Lair","floor":5.0},{"not_picked":["theWidow:Harden","theWidow:MetalBurrs"],"picked":"theWidow:Stinger","floor":6.0},{"not_picked":["theWidow:Ironthread","theWidow:Underfoot"],"picked":"theWidow:Toxic","floor":8.0},{"not_picked":["theWidow:UnstableCell","theWidow:Toxic","theWidow:ExtraCompartment"],"picked":"SKIP","floor":11.0},{"not_picked":["theWidow:Lair","theWidow:Grenadier"],"picked":"theWidow:ExplosiveKick","floor":12.0},{"not_picked":["theWidow:BombLauncher","theWidow:TheBigOne"],"picked":"theWidow:OmniCannon","floor":16.0},{"not_picked":["theWidow:InForTheKill","theWidow:UnstableCell"],"picked":"theWidow:JunkHeap","floor":18.0},{"not_picked":["theWidow:Iterate+1","theWidow:DischargeBattery"],"picked":"theWidow:Exploit","floor":19.0},{"not_picked":["theWidow:ExplosiveKick","theWidow:Ironthread+1"],"picked":"theWidow:GeminiBot2+1","floor":21.0},{"not_picked":["theWidow:SearingBlade","theWidow:Opportunist"],"picked":"theWidow:Scrapper+1","floor":22.0},{"not_picked":["theWidow:Iterate","theWidow:Underfoot"],"picked":"theWidow:SadisticIntent+1","floor":24.0},{"not_picked":["theWidow:Ironthread+1","theWidow:SearingBlade"],"picked":"theWidow:Desperation","floor":25.0},{"not_picked":["theWidow:HydraulicLimbs","theWidow:Desperation"],"picked":"theWidow:Gash+1","floor":27.0},{"not_picked":["theWidow:Forge","theWidow:UnstableCell"],"picked":"theWidow:Entrap+1","floor":31.0},{"not_picked":["theWidow:OmniCannon","theWidow:Unstoppable"],"picked":"theWidow:Dysphoria","floor":33.0},{"not_picked":["theWidow:ExtraCompartment+1","theWidow:SearingBlade+1"],"picked":"theWidow:Scrapper","floor":35.0},{"not_picked":["theWidow:ExplosiveKick","theWidow:VenomStrike","theWidow:DischargeBattery+1"],"picked":"SKIP","floor":36.0},{"not_picked":["theWidow:Stinger","theWidow:ExplosiveKick"],"picked":"theWidow:Ambush+1","floor":37.0},{"not_picked":["theWidow:InForTheKill+1","theWidow:Entrap"],"picked":"theWidow:Neurojack+1","floor":40.0},{"not_picked":["theWidow:Chemistry","theWidow:RocketDash+1","theWidow:Stinger+1"],"picked":"SKIP","floor":44.0},{"not_picked":["theWidow:ExplosiveKick","theWidow:Toxic","theWidow:ExtraCompartment+1"],"picked":"SKIP","floor":45.0},{"not_picked":["theWidow:SelfImprovement+1","theWidow:Refine+1","theWidow:Nanobots"],"picked":"SKIP","floor":47.0},{"not_picked":["theWidow:Toxic+1","theWidow:Nanobots","theWidow:Weld"],"picked":"SKIP","floor":48},{"not_picked":["theWidow:Hide","theWidow:Nanobots+1","theWidow:Scrapskin+1"],"picked":"SKIP","floor":54}],"player_experience":803189,"relics_obtained":[{"floor":6.0,"key":"Happy Flower"},{"floor":9.0,"key":"Art of War"},{"floor":12.0,"key":"Potion Belt"},{"floor":24.0,"key":"Toy Ornithopter"},{"floor":26.0,"key":"Ornamental Fan"},{"floor":27.0,"key":"Shuriken"},{"floor":40.0,"key":"Eternal Feather"},{"floor":45.0,"key":"Ancient Tea Set"},{"floor":48,"key":"Centennial Puzzle"},{"floor":54,"key":"StoneCalendar"}],"event_choices":[{"damage_healed":0.0,"max_hp_gain":0.0,"max_hp_loss":6.0,"gold_gain":0.0,"event_name":"Golden Idol","player_choice":"Lose Max HP","floor":3.0,"gold_loss":0.0,"damage_taken":0.0,"relics_obtained":["Golden Idol"]},{"cards_removed":["theWidow:StrikeWidow"],"damage_healed":0.0,"max_hp_gain":0.0,"max_hp_loss":0.0,"gold_gain":0.0,"event_name":"Golden Wing","player_choice":"Card Removal","floor":13.0,"gold_loss":0.0,"damage_taken":7.0},{"damage_healed":0.0,"max_hp_gain":0.0,"max_hp_loss":0.0,"gold_gain":0.0,"event_name":"Forgotten Altar","player_choice":"Gave Idol","floor":28.0,"relics_lost":["Golden Idol"],"gold_loss":0.0,"damage_taken":0.0,"relics_obtained":["Bloody Idol"]},{"cards_removed":["theWidow:Entrap"],"damage_healed":0.0,"max_hp_gain":0.0,"max_hp_loss":0.0,"gold_gain":0.0,"event_name":"Falling","player_choice":"Removed Skill","floor":39.0,"gold_loss":0.0,"damage_taken":0.0},{"damage_healed":0.0,"max_hp_gain":0.0,"max_hp_loss":0.0,"gold_gain":0.0,"event_name":"Tomb of Lord Red Mask","player_choice":"Ignored","floor":42.0,"gold_loss":0.0,"damage_taken":0.0}],"is_beta":false,"boss_relics":[{"not_picked":["theWidow:PerfectHeartRelic","Calling Bell"],"picked":"Runesmith:UraniumAnvil"},{"not_picked":["Philosopher\u0027s Stone","SlaversCollar"],"picked":"Pandora\u0027s Box"}],"items_purged_floors":[20,46],"is_endless":false,"potions_floor_spawned":[5,6,8,12,21,22,25,27,40,45,47,48],"ascension_level":0}}