{"host":"d73an99q9oevilk5","time":1613446105,"event":{"mods":["2.2 Compatiblity","AchievementEnabler","Act Like it!","Aspiration","BaseMod","Beaked The Cultist","Better Third Choice","BetterRewards","Colored Map","Colored Powertips","Conspire","Downfall","GifTheSpireLib","Halation","Hubris","Infinite Spire","Marisa????????","Mimic Mod","Minty Spire (QoL Compilation)","MostiFishMod","Quick Restart","Relic Sorter","Reliquary","Replay The Spire","Shop Mod","Spikes Relics","StSLib","Stuff the Spire","The Cursed","The Jungle","The Necromancer","The Saiyan","Waifu the Spire","egg","slay the spire mod where everything is the same but ironclad has a cowboy hat"],"gold_per_floor":[110,110,285,303,68,68,96,96,96,116,143,218,234,252,252,347,347,359,359,359,401,115,141,141,155,155,170,170,200,200,211,211,311,311,327,344,344,361,373,406,425,425,457,468,487,506,506,540,540,540,540],"floor_reached":50,"language":"ENG","playtime":1860,"items_purged":["Doubt"],"score":854,"play_id":"f3bac473-8dbf-42c9-8dc6-5f0f0037c24c","local_time":"20210215202825","is_ascension_mode":false,"campfire_choices":[{"data":"Riddle With Holes","floor":6.0,"key":"SMITH"},{"data":"Cloak And Dagger","floor":15.0,"key":"SMITH"},{"data":"Deadly Poison","floor":24.0,"key":"SMITH"},{"data":"MostiFishMod:WinterMarkForm","floor":28.0,"key":"SMITH"},{"data":"MostiFishMod:ShivMaster","floor":42.0,"key":"SMITH"}],"circlet_count":0,"master_deck":["Strike_G","Strike_G","Strike_G","Strike_G","Strike_G","Defend_G","Defend_G","Defend_G","Defend_G","Defend_G","Survivor","Neutralize","Deadly Poison+1","Riddle With Holes+1","Fluid Movement+1","StuffTheSpire:Sprint","Thunderclap","Bane+1","Cloak And Dagger+1","Outmaneuver","MostiFishMod:WinterMarkForm+1","Accuracy+1","Choke","StuffTheSpire:DoubleShiv","Noxious Fumes","Blade Dance+1","Dagger Spray","Leg Sweep+1","Cloak And Dagger+1","MostiFishMod:ShivMaster+1","Cloak And Dagger+1","Cloak And Dagger+1","MostiFishMod:ShivMaster+1","Skewer","Cloak And Dagger+1","Dodge and Roll","MostiFishMod:PerfectParry+1","Blade Dance","Dash+1"],"relics":["Ring of the Snake","RhineFirstAidKit","hubris:Icosahedron","DaveBox","reliquary:PartyBalloon","aspiration:Nostalgia","m_GuardianBlood","SynthV:TestCard","infinitespire:CheckeredPen","reliquary:ExpiredCoupon","hubris:AncientText","aspiration:EmptySkull","Bottled Lightning","aspiration:SneckoTail","halation:SwordOfLegend","aspiration:FetidBarrel","reliquary:RosewoodLute","hubris:Towel","reliquary:Buckler","Replay:Bottled Eggs","GiantMaggot","StuffTheSpire:GrapeVine","halation:PapillonHeart"],"acts_visited":["Exordium","TheCity","TheBeyond"],"potions_floor_usage":[50,50],"damage_taken":[{"damage":6.0,"enemies":"conspire:RoseBush","floor":1.0,"turns":4.0},{"damage":3.0,"enemies":"Jaw Worm","floor":4.0,"turns":5.0},{"damage":18.0,"enemies":"Lagavulin","floor":7.0,"turns":4.0},{"damage":0.0,"enemies":"Cultist","floor":10.0,"turns":3.0},{"damage":5.0,"enemies":"Gremlin Nob","floor":11.0,"turns":3.0},{"damage":1.0,"enemies":"Blue Slaver","floor":13.0,"turns":2.0},{"damage":0.0,"enemies":"3 Louse","floor":14.0,"turns":3.0},{"damage":19.0,"enemies":"Hexaghost","floor":16.0,"turns":12.0},{"damage":6.0,"enemies":"Chosen","floor":18.0,"turns":3.0},{"damage":22.0,"enemies":"Slavers","floor":23.0,"turns":3.0},{"damage":16.0,"enemies":"Shell Parasite","floor":25.0,"turns":3.0},{"damage":12.0,"enemies":"Snake Plant","floor":27.0,"turns":4.0},{"damage":13.0,"enemies":"conspire:Head Lice","floor":29.0,"turns":3.0},{"damage":0.0,"enemies":"Snecko","floor":31.0,"turns":2.0},{"damage":13.0,"enemies":"hubris:MusketHawk","floor":33.0,"turns":4.0},{"damage":24.0,"enemies":"3 Shapes","floor":35.0,"turns":3.0},{"damage":15.0,"enemies":"3 Darklings","floor":36.0,"turns":4.0},{"damage":2.0,"enemies":"4 Shapes","floor":38.0,"turns":5.0},{"damage":5.0,"enemies":"Transient","floor":39.0,"turns":5.0},{"damage":5.0,"enemies":"R_Hoarder","floor":40.0,"turns":4.0},{"damage":17.0,"enemies":"Spire Growth","floor":41.0,"turns":4.0},{"damage":0.0,"enemies":"Writhing Mass","floor":43.0,"turns":4.0},{"damage":20.0,"enemies":"Writhing Mass","floor":44.0,"turns":3.0},{"damage":2.0,"enemies":"Transient","floor":45.0,"turns":5.0},{"damage":8.0,"enemies":"Sphere and 2 Shapes","floor":46.0,"turns":3.0},{"damage":17.0,"enemies":"infinitespire:Three Voidlings","floor":47.0,"turns":3.0},{"damage":7.0,"enemies":"Giant Head","floor":48.0,"turns":4.0},{"damage":64,"enemies":"Awakened One","floor":50,"turns":3}],"seed_played":"2641428921576988807","potions_obtained":[{"floor":7.0,"key":"SkillPotion"},{"floor":10.0,"key":"Adrenaline Potion"},{"floor":11.0,"key":"GamblersBrew"},{"floor":13.0,"key":"PowerPotion"},{"floor":16.0,"key":"champ:CounterPotion"},{"floor":21.0,"key":"Energy Potion"},{"floor":25.0,"key":"Strength Potion"},{"floor":29.0,"key":"LiquidBronze"},{"floor":33.0,"key":"SkillPotion"},{"floor":35.0,"key":"GhostInAJar"},{"floor":40.0,"key":"Energy Potion"},{"floor":41.0,"key":"DuplicationPotion"},{"floor":46.0,"key":"bronze:BurnAndBuffPotion"}],"is_trial":false,"path_per_floor":["M","?","?","M","$","R","E","?","T","M","E","?","M","M","R","B",null,"M","?","?","?","$","E","R","M","T","M","R","E","$","M","R_BF","B",null,"M","M","?","M","M","E","M","R","MIM","M","M","M","?","E","R_BF","B"],"character_chosen":"THE_SILENT","items_purchased":["reliquary:PartyBalloon","aspiration:Nostalgia","Death Potion","Fluid Movement","Noxious Fumes","Bottled Lightning"],"campfire_rested":0,"item_purchase_floors":[0,0,5,5,22,22],"current_hp_per_floor":[70,70,70,70,70,70,58,58,58,64,65,58,63,69,69,56,70,70,57,57,57,57,75,75,65,65,59,58,51,51,57,63,56,75,57,48,48,52,53,54,75,75,75,61,65,63,52,51,60,0,0],"gold":540,"neow_bonus":"","is_daily":false,"chose_seed":false,"campfire_upgraded":5,"win_rate":0.0,"timestamp":1613446105,"path_taken":["M","?","?","?","?","R","E","?","T","M","E","?","?","M","R","BOSS","M","?","?","?","?","E","R","M","T","?","R","E","$","M","R_BF","BOSS","M","?","?","M","M","E","M","R","MIM","?","M","M","?","E","R_BF","BOSS"],"items_purchased_type":["Relic","Relic","Potion","Card","Card","Relic"],"build_version":"2020-12-22","purchased_purges":1,"victory":false,"max_hp_per_floor":[70,70,70,70,70,70,70,70,70,70,70,70,70,70,70,70,70,70,75,75,75,75,75,75,75,75,75,75,75,75,75,75,75,75,75,75,75,75,75,75,75,75,75,75,75,75,75,75,71,71,71],"card_choices":[{"not_picked":["Guardian:GuardianWhirl","Prepared"],"picked":"Deadly Poison","floor":1.0},{"not_picked":["Heavy Blade","Predator","Slice","Underhanded Strike"],"picked":"Riddle With Holes","floor":4.0},{"not_picked":["Blade Dance","Guardian:DonusPower","Underhanded Strike","MostiFishMod:Wind"],"picked":"StuffTheSpire:Sprint","floor":7.0},{"not_picked":["Twin Strike","hubris:SlightOfHand","Hidden Blade","StuffTheSpire:Python"],"picked":"Thunderclap","floor":10.0},{"not_picked":["StuffTheSpire:Fury","Flying Knee","Backflip","MostiFishMod:ThornCasing"],"picked":"Bane","floor":11.0},{"not_picked":["Acrobatics","PiercingWail","Dagger Throw","Bane"],"picked":"Cloak And Dagger","floor":13.0},{"not_picked":["PiercingWail","Reflex","aspiration:Lunge","Guardian:Gem_Red"],"picked":"Outmaneuver","floor":14.0},{"not_picked":["Burst","Envenom","Reaper","MostiFishMod:Dislodge"],"picked":"MostiFishMod:WinterMarkForm","floor":16.0},{"not_picked":["Bane","Prepared","MostiFishMod:PoisonShield","StuffTheSpire:ClusterCrunch+1"],"picked":"Accuracy+1","floor":18.0},{"not_picked":["PiercingWail","Finisher","Backflip+1","StuffTheSpire:BrimstoneBlast"],"picked":"Choke","floor":21.0},{"not_picked":["StuffTheSpire:BrimstoneBlast","hubris:SlightOfHand","StuffTheSpire:Python","Pace+1"],"picked":"StuffTheSpire:DoubleShiv","floor":21.0},{"not_picked":["Reflex","Flying Knee","StuffTheSpire:Incursion","StuffTheSpire:Injection"],"picked":"Blade Dance+1","floor":23.0},{"not_picked":["MostiFishMod:Opportunism","MostiFishMod:FrostNova+1","hubris:SlightOfHand+1","Dagger Throw","PiercingWail"],"picked":"SKIP","floor":25.0},{"not_picked":["Dodge and Roll","Slice","Dagger Throw+1","StuffTheSpire:Injection+1"],"picked":"Dagger Spray","floor":27.0},{"not_picked":["Cloak And Dagger","MostiFishMod:SpreadingSpore","Prepared","Blade Dance"],"picked":"Leg Sweep+1","floor":29.0},{"not_picked":["Sucker Punch","Underhanded Strike","Outmaneuver+1","Backflip"],"picked":"Cloak And Dagger","floor":31.0},{"not_picked":["MostiFishMod:GrandStart","MostiFishMod:HiddenBlade","Poison Darts","MostiFishMod:AdrenalineArouse"],"picked":"MostiFishMod:ShivMaster","floor":33.0},{"not_picked":["Blade Dance","Eviscerate","Slice","Catalyst"],"picked":"Cloak And Dagger+1","floor":35.0},{"not_picked":["MostiFishMod:PerfectParry","Deflect","StuffTheSpire:Injection","All Out Attack"],"picked":"Cloak And Dagger","floor":36.0},{"not_picked":["Underhanded Strike","ShadowRift+1","Eviscerate+1","Hidden Blade","Wraith Form v2"],"picked":"SKIP","floor":38.0},{"not_picked":["StuffTheSpire:BumpUp+1","Dash+1","StuffTheSpire:Incantation+1","Backflip+1","Quick Slash+1"],"picked":"SKIP","floor":39.0},{"not_picked":["hubris:SlightOfHand+1","Catalyst","Dagger Spray+1","Poisoned Stab"],"picked":"MostiFishMod:ShivMaster","floor":40.0},{"not_picked":["Dodge and Roll","ShadowRift","Underhanded Strike","Infinite Blades"],"picked":"Skewer","floor":41.0},{"not_picked":["Replay:Poison Smokescreen+1","Caltrops","StuffTheSpire:ClusterCrunch+1","Acrobatics+1"],"picked":"Cloak And Dagger","floor":43.0},{"not_picked":["Deadly Poison+1","StuffTheSpire:Incantation","Sucker Punch+1","Prepared+1"],"picked":"Dodge and Roll","floor":44.0},{"not_picked":["Pace","MostiFishMod:Listen","Reflex+1","Poisoned Stab+1"],"picked":"MostiFishMod:PerfectParry+1","floor":45.0},{"not_picked":["Bane+1","PiercingWail+1","StuffTheSpire:ClusterCrunch","Underhanded Strike"],"picked":"Blade Dance","floor":46.0},{"not_picked":["Poisoned Stab+1","Dodge and Roll","StuffTheSpire:ClusterCrunch+1","StuffTheSpire:Python+1"],"picked":"Dash+1","floor":48.0}],"player_experience":1919994,"relics_obtained":[{"floor":1.0,"key":"SynthV:TestCard"},{"floor":7.0,"key":"infinitespire:CheckeredPen"},{"floor":9.0,"key":"reliquary:ExpiredCoupon"},{"floor":11.0,"key":"hubris:AncientText"},{"floor":21.0,"key":"aspiration:EmptySkull"},{"floor":23.0,"key":"aspiration:SneckoTail"},{"floor":26.0,"key":"halation:SwordOfLegend"},{"floor":29.0,"key":"aspiration:FetidBarrel"},{"floor":40.0,"key":"reliquary:Buckler"},{"floor":43.0,"key":"Replay:Bottled Eggs"},{"floor":43.0,"key":"GiantMaggot"},{"floor":48.0,"key":"StuffTheSpire:GrapeVine"}],"event_choices":[{"damage_healed":0.0,"max_hp_gain":0.0,"max_hp_loss":0.0,"gold_gain":0.0,"event_name":"conspire:LoneGhost","player_choice":"Disagree","floor":2.0,"gold_loss":0.0,"damage_taken":0.0},{"damage_healed":0.0,"max_hp_gain":0.0,"max_hp_loss":0.0,"gold_gain":175.0,"event_name":"betterThird:BetterSerpent","player_choice":"AGREE","floor":3.0,"gold_loss":0.0,"damage_taken":110.0},{"damage_healed":0.0,"max_hp_gain":0.0,"max_hp_loss":0.0,"gold_gain":75.0,"event_name":"FaceTrader","player_choice":"Touch","floor":12.0,"gold_loss":0.0,"damage_taken":7.0},{"damage_healed":0.0,"max_hp_gain":5.0,"max_hp_loss":0.0,"gold_gain":0.0,"event_name":"Forgotten Altar","player_choice":"Shed Blood","floor":19.0,"gold_loss":0.0,"damage_taken":18.0},{"damage_healed":0.0,"max_hp_gain":0.0,"max_hp_loss":0.0,"gold_gain":0.0,"event_name":"The Mausoleum","player_choice":"Opened","floor":32.0,"gold_loss":0.0,"damage_taken":0.0,"relics_obtained":["reliquary:RosewoodLute"]}],"is_beta":false,"boss_relics":[{"not_picked":["xbg","Sozu","aspiration:FutureDiary"]},{"not_picked":["conspire:SeveredTorchhead","GuanYuAspect","FixedStarFall"]}],"items_purged_floors":[5],"is_endless":false,"potions_floor_spawned":[7,10,11,13,16,25,29,33,35,40,41,46,47],"killed_by":"Awakened One","ascension_level":0}}