{"host":"bpdbi03e31cbjklx","time":1613516732,"event":{"mods":["BaseMod","Colored Map","Colored Powertips","Downfall","Highlight Path","Minty Spire (QoL Compilation)","StSLib","The Senshi"],"gold_per_floor":[99,117,137,201,211,211,211,11,38,23,23,38,53,64,74,174,174,174,274,285,296,306,306,333,333,350,350,369,385,400,433,453,453,453,453],"floor_reached":33,"language":"ENG","playtime":6022,"items_purged":[],"score":375,"play_id":"8a387e87-5fff-4416-9160-9e25763af75b","local_time":"20210216170532","is_ascension_mode":false,"campfire_choices":[{"floor":1,"key":"RECALL"},{"data":"champ:IronFortress","floor":8,"key":"SMITH"},{"data":"champ:TripleStrike","floor":18,"key":"SMITH"},{"data":"champ:Backstep","floor":23,"key":"SMITH"},{"data":"champ:Parry","floor":27,"key":"SMITH"}],"circlet_count":0,"master_deck":["champ:Strike","champ:Strike","champ:Strike","champ:Defend","champ:Defend","champ:Defend","champ:Defend","champ:Execute","champ:Taunt","champ:IronFortress+1","champ:EnGarde","champ:FlashCut","champ:Parry+1","champ:FancyFootwork","champ:Shatter+1","champ:PreciseThrust","champ:Backstep+1","champ:FaceSlap+1","champ:TripleStrike+1","champ:BringItOn+1","champ:GutPunch","champ:StanceDance","champ:StanceDance+1"],"relics":["champ:ChampionCrown","White Beast Statue","downfall:HeartBlessingRed","downfall:HeartBlessingBlue","Singing Bowl","Runic Pyramid","Whetstone","theSenshi:FeatherClipsRelic"],"acts_visited":["Exordium","TheCity"],"potions_floor_usage":[9,10,13,14,16,16,21,21,25,26,28,28,29,30,31,31,33,33],"damage_taken":[{"damage":13,"enemies":"Jaw Worm","floor":2,"turns":5},{"damage":13,"enemies":"Small Slimes","floor":3,"turns":3},{"damage":50,"enemies":"Gremlin Nob","floor":4,"turns":5},{"damage":0,"enemies":"2 Louse","floor":5,"turns":3},{"damage":45,"enemies":"Lagavulin","floor":9,"turns":6},{"damage":20,"enemies":"downfall:FleeingMerchant","floor":10,"turns":4},{"damage":27,"enemies":"Exordium Wildlife","floor":12,"turns":7},{"damage":14,"enemies":"Blue Slaver","floor":13,"turns":4},{"damage":2,"enemies":"downfall:LooterAlt","floor":14,"turns":2},{"damage":10,"enemies":"Lots of Slimes","floor":15,"turns":5},{"damage":15,"enemies":"WA_ARCHETYPE_RETAIN","floor":16,"turns":4},{"damage":16,"enemies":"Spheric Guardian","floor":20,"turns":4},{"damage":32,"enemies":"downfall:LooterAlt2","floor":21,"turns":5},{"damage":15,"enemies":"Chosen and Byrds","floor":22,"turns":2},{"damage":17,"enemies":"3 Cultists","floor":26,"turns":5},{"damage":8,"enemies":"Snake Plant","floor":28,"turns":2},{"damage":38,"enemies":"Centurion and Healer","floor":29,"turns":5},{"damage":34,"enemies":"Shelled Parasite and Fungi","floor":30,"turns":5},{"damage":45,"enemies":"Slavers","floor":31,"turns":5},{"damage":10,"enemies":"Snake Plant","floor":32,"turns":4},{"damage":38,"enemies":"DF_ARCHETYPE_CLAW","floor":33,"turns":5}],"seed_played":"7183906520491123494","potions_obtained":[{"floor":3,"key":"Ancient Potion"},{"floor":5,"key":"SkillPotion"},{"floor":9,"key":"Fire Potion"},{"floor":10,"key":"PowerPotion"},{"floor":12,"key":"CultistPotion"},{"floor":13,"key":"LiquidMemories"},{"floor":14,"key":"SpeedPotion"},{"floor":15,"key":"PowerPotion"},{"floor":16,"key":"Weak Potion"},{"floor":20,"key":"sneckomod:MuddlingPotion"},{"floor":21,"key":"DuplicationPotion"},{"floor":22,"key":"Regen Potion"},{"floor":25,"key":"champ:UltimateStancePotion"},{"floor":25,"key":"Fruit Juice"},{"floor":25,"key":"LiquidBronze"},{"floor":26,"key":"CultistPotion"},{"floor":28,"key":"SkillPotion"},{"floor":29,"key":"sneckomod:MuddlingPotion"},{"floor":30,"key":"Explosive Potion"},{"floor":31,"key":"Fire Potion"},{"floor":32,"key":"Energy Potion"}],"is_trial":false,"path_per_floor":["R","M","M","?","M","?","T","R","E","$","?","M","M","M","M","B",null,"R","?","M","M","M","R","T","?","M","R","M","M","M","E","M","B"],"character_chosen":"THE_CHAMP","items_purchased":[],"campfire_rested":0,"item_purchase_floors":[],"current_hp_per_floor":[99,96,93,63,63,63,63,73,58,58,58,56,54,52,52,52,111,111,111,105,103,105,105,105,110,105,105,97,71,47,29,37,0,0,0],"gold":453,"neow_bonus":"TEN_PERCENT_HP_BONUS","is_daily":false,"chose_seed":false,"campfire_upgraded":4,"win_rate":0.0,"timestamp":1613516732,"path_taken":["R","M","M","?","M","?","T","R","E","?","?","M","?","M","M","BOSS","R","?","M","M","M","R","T","?","M","R","M","M","M","E","M","BOSS"],"items_purchased_type":[],"build_version":"2020-12-22","purchased_purges":0,"victory":false,"max_hp_per_floor":[99,99,99,99,99,99,99,109,109,109,109,109,111,111,111,111,111,111,111,111,111,113,113,113,118,120,120,120,122,122,124,126,126,126,126],"card_choices":[{"not_picked":["champ:FanOfKnives","champ:TornadoPunch"],"picked":"champ:IronFortress","floor":2},{"not_picked":["champ:Shatter","champ:FanOfKnives"],"picked":"champ:EnGarde","floor":3},{"not_picked":["champ:AdrenalArmor","champ:EndlessRage"],"picked":"champ:FlashCut","floor":4},{"not_picked":["champ:DeathBlow","champ:RapidStrikes"],"picked":"champ:Parry","floor":5},{"not_picked":["champ:CrookedStrike","champ:Endure"],"picked":"champ:FancyFootwork","floor":9},{"not_picked":["champ:SwordThrow","champ:FanOfKnives"],"picked":"champ:Shatter","floor":10},{"not_picked":["champ:FlashCut","champ:Circumvent"],"picked":"champ:PreciseThrust","floor":12},{"not_picked":["champ:Endure","champ:DefensiveShout","champ:FocusedBerserking"],"picked":"Singing Bowl","floor":13},{"not_picked":["champ:DancingMaster","champ:BladeFlurry"],"picked":"champ:Backstep","floor":14},{"not_picked":["champ:Circumvent","champ:HeartStrike"],"picked":"champ:FaceSlap","floor":15},{"not_picked":["champ:LastStand","champ:IgnorePain"],"picked":"champ:TripleStrike","floor":16},{"not_picked":["champ:Encircle+1","champ:FanOfKnives"],"picked":"champ:BringItOn+1","floor":20},{"not_picked":["champ:ShieldSlam","champ:Shatter"],"picked":"champ:GutPunch","floor":21},{"not_picked":["champ:BringItOn+1","champ:Endure","champ:RapidStrikes"],"picked":"Singing Bowl","floor":22},{"not_picked":["champ:BerserkersShout+1","champ:DeathBlow","champ:FanOfKnives+1"],"picked":"Singing Bowl","floor":26},{"not_picked":["champ:RecklessLeap","champ:PreciseThrust"],"picked":"champ:StanceDance","floor":28},{"not_picked":["champ:LastStand","champ:Haymaker","champ:FlashCut"],"picked":"Singing Bowl","floor":29},{"not_picked":["champ:RapidStrikes","champ:FanOfKnives"],"picked":"champ:StanceDance+1","floor":30},{"not_picked":["champ:FocusedBerserking","champ:FanOfKnives+1","champ:FalseCounter"],"picked":"Singing Bowl","floor":31},{"not_picked":["champ:BladeFlurry","champ:BerserkersShout","champ:Circumvent"],"picked":"Singing Bowl","floor":32}],"player_experience":413954,"relics_obtained":[{"floor":4,"key":"White Beast Statue"},{"floor":9,"key":"Singing Bowl"},{"floor":24,"key":"Whetstone"},{"floor":31,"key":"theSenshi:FeatherClipsRelic"}],"event_choices":[{"damage_healed":0,"gold_gain":0,"player_choice":"Got Potions","damage_taken":0,"max_hp_gain":0,"max_hp_loss":0,"event_name":"Lab","floor":25,"gold_loss":0}],"is_beta":false,"boss_relics":[{"not_picked":["Fusion Hammer","Coffee Dripper"],"picked":"Runic Pyramid"}],"items_purged_floors":[],"is_endless":false,"potions_floor_spawned":[3,5,9,10,12,13,14,15,16,20,21,22,26,28,29,30,31,32],"killed_by":"DF_ARCHETYPE_CLAW","ascension_level":0}}