{"host":"7cp3z5w0tcrrm8ys","time":1613443921,"event":{"mods":["AchievementEnabler","BaseMod","DeckTracker","Minty Spire (QoL Compilation)","StSLib","SuperFastMode"],"gold_per_floor":[359,136,147,147,147,147,147,181,181,217,236,264,16,40,40,124,124,136,156,171,40,69,69,69,94,117,117,117],"floor_reached":27,"language":"KOR","playtime":843,"items_purged":[],"score":450,"play_id":"aaee38b6-d5f2-4ea7-ae94-8dabbe3ec941","local_time":"20210216115201","is_ascension_mode":true,"campfire_choices":[{"floor":6,"key":"REST"},{"data":"Defragment","floor":15,"key":"SMITH"},{"floor":23,"key":"REST"}],"circlet_count":0,"master_deck":["AscendersBane","Strike_B","Strike_B","Strike_B","Strike_B+1","Defend_B","Defend_B","Defend_B","Defend_B+1","Zap","Dualcast","Sweeping Beam","Self Repair","Beam Cell","Glacier","Barrage","Defragment+1","Compile Driver","Glacier","Ball Lightning","Undo","Lockon","Master of Strategy","Gash","Seek","Rebound","Force Field","Ball Lightning","Self Repair"],"relics":["Cracked Core","Blue Candle","CeramicFish","TungstenRod","Busted Crown","Anchor"],"acts_visited":["Exordium","TheCity"],"potions_floor_usage":[8,10,12,20,22,22,25,25,27],"damage_taken":[{"damage":0,"enemies":"Cultist","floor":1,"turns":3},{"damage":3,"enemies":"Jaw Worm","floor":3,"turns":4},{"damage":11,"enemies":"Lagavulin","floor":8,"turns":7},{"damage":22,"enemies":"Gremlin Nob","floor":10,"turns":4},{"damage":0,"enemies":"2 Louse","floor":11,"turns":2},{"damage":0,"enemies":"Blue Slaver","floor":12,"turns":4},{"damage":10,"enemies":"Lots of Slimes","floor":14,"turns":4},{"damage":31,"enemies":"Hexaghost","floor":16,"turns":14},{"damage":24,"enemies":"2 Thieves","floor":18,"turns":4},{"damage":10,"enemies":"Spheric Guardian","floor":19,"turns":7},{"damage":23,"enemies":"Shelled Parasite and Fungi","floor":20,"turns":8},{"damage":11,"enemies":"Cultist and Chosen","floor":22,"turns":7},{"damage":18,"enemies":"Snake Plant","floor":25,"turns":6},{"damage":25,"enemies":"Centurion and Healer","floor":27,"turns":6}],"seed_played":"4165938075979922750","potions_obtained":[{"floor":3,"key":"Weak Potion"},{"floor":8,"key":"SteroidPotion"},{"floor":11,"key":"SteroidPotion"},{"floor":16,"key":"SpeedPotion"},{"floor":19,"key":"PotionOfCapacity"},{"floor":24,"key":"SpeedPotion"},{"floor":24,"key":"FocusPotion"},{"floor":25,"key":"Energy Potion"}],"is_trial":false,"path_per_floor":["M","$","M","?","?","R","?","E","T","E","M","M","$","M","R","B",null,"M","M","M","$","M","R","?","M","T","M"],"character_chosen":"DEFECT","items_purchased":["Self Repair","Beam Cell","Glacier","Barrage","Lockon","Master of Strategy","Force Field","SkillPotion"],"campfire_rested":2,"item_purchase_floors":[2,2,2,2,13,13,21,21],"current_hp_per_floor":[46,46,50,50,29,50,50,46,46,31,31,38,38,35,35,11,56,39,36,13,13,9,30,30,19,19,0,0],"gold":117,"neow_bonus":"TWO_FIFTY_GOLD","is_daily":false,"chose_seed":false,"campfire_upgraded":1,"win_rate":0.0,"timestamp":1613443921,"path_taken":["M","$","M","?","?","R","?","E","T","E","M","M","?","M","R","BOSS","M","M","M","?","M","R","?","?","T","M"],"items_purchased_type":["Card","Card","Card","Card","Card","Card","Card","Potion"],"build_version":"2020-12-22","purchased_purges":0,"victory":false,"max_hp_per_floor":[71,71,71,71,71,71,71,71,71,71,71,71,71,71,71,71,71,71,71,71,71,71,71,71,71,71,71,71],"card_choices":[{"not_picked":["Darkness","Gash"],"picked":"Sweeping Beam","floor":1},{"not_picked":["Redo","Self Repair"],"picked":"Defragment","floor":3},{"not_picked":["Recycle","Echo Form"],"picked":"Compile Driver","floor":8},{"not_picked":["Doom and Gloom","Compile Driver"],"picked":"Glacier","floor":10},{"not_picked":["Gash","Go for the Eyes"],"picked":"Ball Lightning","floor":11},{"not_picked":["Static Discharge","Sweeping Beam"],"picked":"Undo","floor":12},{"not_picked":["Auto Shields","Stack"],"picked":"Gash","floor":14},{"not_picked":["Thunder Strike","Core Surge"],"picked":"Seek","floor":16},{"not_picked":["Scrape"],"picked":"SKIP","floor":18},{"not_picked":[],"picked":"Rebound","floor":19},{"not_picked":["Double Energy"],"picked":"SKIP","floor":20},{"not_picked":[],"picked":"Ball Lightning","floor":22},{"not_picked":[],"picked":"Self Repair","floor":25}],"player_experience":814882,"relics_obtained":[{"floor":8,"key":"Blue Candle"},{"floor":9,"key":"CeramicFish"},{"floor":10,"key":"TungstenRod"},{"floor":26,"key":"Anchor"}],"event_choices":[{"damage_healed":0,"gold_gain":0,"player_choice":"Fled","damage_taken":0,"max_hp_gain":0,"max_hp_loss":0,"event_name":"Scrap Ooze","floor":4,"gold_loss":0},{"damage_healed":0,"gold_gain":0,"player_choice":"Entered Light","damage_taken":21,"max_hp_gain":0,"max_hp_loss":0,"event_name":"Shining Light","floor":5,"gold_loss":0,"cards_upgraded":["Defend_B","Strike_B"]},{"damage_healed":0,"gold_gain":0,"player_choice":"Ignored","damage_taken":0,"max_hp_gain":0,"max_hp_loss":0,"event_name":"Liars Game","floor":7,"gold_loss":0},{"damage_healed":0,"gold_gain":0,"player_choice":"Got Potions","damage_taken":0,"max_hp_gain":0,"max_hp_loss":0,"event_name":"Lab","floor":24,"gold_loss":0}],"is_beta":false,"boss_relics":[{"not_picked":["SlaversCollar","Black Star"],"picked":"Busted Crown"}],"items_purged_floors":[],"is_endless":false,"potions_floor_spawned":[3,8,11,16,19,25],"killed_by":"Centurion and Healer","ascension_level":20}}