{"host":"enu5gq013fznxjyt","time":1613454232,"event":{"mods":["BaseMod","Better Note","Block Reminder","Colored Powertips","Minty Spire (QoL Compilation)","Quick Restart","Relic Stats","StSLib"],"gold_per_floor":[115,133,83,83,97,124,124,136,136,136,152,63,63,90,90,90,90],"floor_reached":16,"language":"ENG","playtime":677,"items_purged":[],"score":110,"play_id":"3672ba26-5415-4210-bed3-db42af77fce5","local_time":"20210215214352","is_ascension_mode":false,"campfire_choices":[{"data":"Zap","floor":7,"key":"SMITH"},{"data":"Aggregate","floor":10,"key":"SMITH"},{"floor":15,"key":"REST"}],"circlet_count":0,"master_deck":["Strike_B","Strike_B","Strike_B","Strike_B","Defend_B","Defend_B","Defend_B","Zap+1","Dualcast","Conserve Battery","Aggregate+1","Redo","Redo+1","Force Field+1","Leap+1","Storm","Conserve Battery+1"],"relics":["Cracked Core","Boot","Toxic Egg 2","Pear","Smiling Mask"],"acts_visited":["Exordium"],"potions_floor_usage":[6,6,6,14,14,16,16],"damage_taken":[{"damage":11,"enemies":"Jaw Worm","floor":1,"turns":3},{"damage":0,"enemies":"Cultist","floor":2,"turns":4},{"damage":0,"enemies":"Small Slimes","floor":5,"turns":3},{"damage":18,"enemies":"3 Sentries","floor":6,"turns":5},{"damage":5,"enemies":"Exordium Wildlife","floor":8,"turns":3},{"damage":13,"enemies":"Lots of Slimes","floor":11,"turns":4},{"damage":21,"enemies":"Gremlin Nob","floor":14,"turns":5},{"damage":34,"enemies":"Slime Boss","floor":16,"turns":16}],"seed_played":"2951675642138632290","potions_obtained":[{"floor":1,"key":"Dexterity Potion"},{"floor":4,"key":"EssenceOfDarkness"},{"floor":4,"key":"SkillPotion"},{"floor":5,"key":"EntropicBrew"},{"floor":14,"key":"Block Potion"}],"is_trial":false,"path_per_floor":["M","M","?","?","M","E","R","M","T","R","M","$","?","E","R","B"],"character_chosen":"DEFECT","items_purchased":["Storm","Conserve Battery+1"],"campfire_rested":1,"item_purchase_floors":[12,12],"current_hp_per_floor":[64,64,64,64,64,46,46,41,41,41,28,28,26,5,30,0,0],"gold":90,"neow_bonus":"RANDOM_COMMON_RELIC","is_daily":false,"chose_seed":false,"campfire_upgraded":2,"win_rate":0.0,"timestamp":1613454232,"path_taken":["M","M","?","?","M","E","R","M","T","R","?","$","?","E","R","BOSS"],"items_purchased_type":["Card","Card"],"build_version":"2020-12-22","purchased_purges":0,"victory":false,"max_hp_per_floor":[75,75,75,75,75,75,75,75,75,75,75,75,85,85,85,85,85],"relic_stats":{"counters":[8,43],"Boot":[11],"Smiling Mask":0,"obtain_stats":[{"Pear":13,"Toxic Egg 2":6,"Cracked Core":0,"Boot":0,"Smiling Mask":14},{"Pear":6,"Toxic Egg 2":4,"Cracked Core":0,"Boot":0,"Smiling Mask":7},{"Pear":22,"Toxic Egg 2":15,"Cracked Core":0,"Boot":0,"Smiling Mask":27}]},"card_choices":[{"not_picked":["Storm","Rip and Tear"],"picked":"Conserve Battery","floor":1},{"not_picked":["Darkness","Stack"],"picked":"Aggregate","floor":2},{"not_picked":["Skim","Turbo"],"picked":"Redo","floor":5},{"not_picked":["Sweeping Beam","Leap+1"],"picked":"Redo+1","floor":6},{"not_picked":["Rip and Tear","Compile Driver"],"picked":"Force Field+1","floor":8},{"not_picked":["Streamline","Hologram+1"],"picked":"Leap+1","floor":11},{"not_picked":["Compile Driver","Steam Power+1","Cold Snap"],"picked":"SKIP","floor":14}],"player_experience":251022,"relics_obtained":[{"floor":6,"key":"Toxic Egg 2"},{"floor":14,"key":"Smiling Mask"}],"event_choices":[{"cards_removed":["Defend_B"],"damage_healed":0,"gold_gain":0,"player_choice":"Card Removal","damage_taken":0,"max_hp_gain":0,"max_hp_loss":0,"event_name":"The Cleric","floor":3,"gold_loss":50},{"damage_healed":0,"gold_gain":0,"player_choice":"Got Potions","damage_taken":0,"max_hp_gain":0,"max_hp_loss":0,"event_name":"Lab","floor":4,"gold_loss":0},{"damage_healed":0,"gold_gain":0,"player_choice":"Success","damage_taken":12,"relics_obtained":["Pear"],"max_hp_gain":0,"max_hp_loss":0,"event_name":"Scrap Ooze","floor":13,"gold_loss":0}],"is_beta":false,"boss_relics":[],"items_purged_floors":[],"is_endless":false,"potions_floor_spawned":[1,5,6,14],"killed_by":"Slime Boss","ascension_level":0}}