{"host":"2c84cb4cp1emursg","time":1613442129,"event":{"mods":["Act Like it!","BaseMod","Better Third Choice","Bossed Relics","Hermit","Mimic Mod","Minty Spire (QoL Compilation)","Permanent Neow","StSLib"],"gold_per_floor":[118,128,128,128,98,123,123,123,123],"floor_reached":8,"language":"ENG","playtime":400,"items_purged":[],"score":68,"play_id":"eac217a3-f43c-4aae-a67b-e58cad2428a8","local_time":"20210215192209","is_ascension_mode":true,"campfire_choices":[{"data":"Neutralize","floor":7,"key":"SMITH"}],"circlet_count":0,"master_deck":["Strike_G","Strike_G","Strike_G","Strike_G","Strike_G","Defend_G","Defend_G","Defend_G","Defend_G","Defend_G+1","Survivor","Neutralize+1","Accuracy+1","Outmaneuver","Steam Power+1","Concentrate"],"relics":["Tiny House","Art of War","betterThird:SlimedRelic","Gambling Chip"],"acts_visited":["Exordium"],"potions_floor_usage":[8],"damage_taken":[{"damage":5,"enemies":"Jaw Worm","floor":1,"turns":7},{"damage":9,"enemies":"2 Louse","floor":2,"turns":3},{"damage":9,"enemies":"3 Sentries","floor":6,"turns":17},{"damage":12,"enemies":"Lagavulin","floor":8,"turns":4}],"seed_played":"4460310997374362662","potions_obtained":[{"floor":6,"key":"PowerPotion"}],"is_trial":false,"path_per_floor":["M","M","?","?","?","E","R","E"],"character_chosen":"THE_SILENT","items_purchased":[],"campfire_rested":0,"item_purchase_floors":[],"current_hp_per_floor":[65,56,44,30,19,10,10,0,0],"gold":123,"neow_bonus":"BOSS_RELIC","is_daily":false,"chose_seed":false,"campfire_upgraded":1,"win_rate":0.0,"timestamp":1613442129,"path_taken":["M","M","?","?","?","E","R","E"],"items_purchased_type":[],"build_version":"2020-12-22","purchased_purges":0,"victory":false,"max_hp_per_floor":[70,70,70,70,70,70,70,70,70],"card_choices":[{"not_picked":["Prepared","Blade Dance"],"picked":"Accuracy","floor":1},{"not_picked":["Predator","Poisoned Stab"],"picked":"Outmaneuver","floor":2},{"not_picked":["Quick Slash","Slice"],"picked":"Concentrate","floor":6}],"player_experience":485774,"relics_obtained":[{"floor":6,"key":"Gambling Chip"}],"event_choices":[{"damage_healed":44,"gold_gain":0,"player_choice":"Upgrade","damage_taken":14,"max_hp_gain":0,"max_hp_loss":70,"event_name":"betterThird:BetterShining","floor":4,"gold_loss":0,"cards_upgraded":["Defend_G","Accuracy"]},{"damage_healed":0,"gold_gain":0,"player_choice":"Slimed","damage_taken":11,"max_hp_gain":0,"max_hp_loss":0,"event_name":"betterThird:BetterGoop","floor":5,"gold_loss":30}],"is_beta":false,"boss_relics":[],"items_purged_floors":[],"is_endless":false,"potions_floor_spawned":[6],"killed_by":"Lagavulin","ascension_level":5}}