{"host":"zybdh2ue20qfjbiz","time":1613488103,"event":{"mods":["AchievementEnabler","BaseMod","Better Altar","Better Skull","BetterRewards","Friendly Minions","Kiyohime（清?）","Koishi","Lobotomy","LobotomyExtend","Marisa（霧雨　魔理沙）","Minty Spire (QoL Compilation)","Remilia（蕾米莉?）","StSLib"],"gold_per_floor":[110,127,127,127,145,173,173,193,193,193,228,239,293,318,318,422,422,422,422,297,222,222,222,248,248,274,301,313,330,357,368,368,470,470,488,500,500,513,126,153,153,186,186,199,199,234,5,34,34,34,34,34,34,34,69,69],"floor_reached":57,"language":"ENG","playtime":6831,"items_purged":["Koishi:BasicStrike","Koishi:BasicStrike","Koishi:BasicStrike","Normality"],"score":1737,"play_id":"478e6f87-0db0-4808-9468-55d58b3ef0f2","local_time":"20210216180823","is_ascension_mode":true,"campfire_choices":[{"floor":10,"key":"REST"},{"floor":15,"key":"REST"},{"data":"Koishi:Provoke","floor":23,"key":"SMITH"},{"data":"Koishi:SpiritedAway","floor":25,"key":"SMITH"},{"data":"Koishi:UnseenTerror","floor":32,"key":"SMITH"},{"data":"Koishi:FormlessExistence","floor":41,"key":"SMITH"},{"floor":49,"key":"RECALL"},{"data":"Koishi:ImGoingToCallYouNow","floor":53,"key":"SMITH"}],"circlet_count":0,"master_deck":["Koishi:BasicDefend+1","Koishi:BasicDefend","Koishi:BasicDefend","Koishi:Provoke+1","Koishi:HauntingSlash+1","Koishi:MindNumbingTerror+1","Koishi:TremblingHands+1","Koishi:Vanish+1","Koishi:SubconsciousSweep+1","Koishi:DanmakuParanoia+1","Koishi:EmbersOfLove","Dazed","Koishi:MindNumbingTerror+1","Koishi:HeartStoppingHorror+1","Ghostly","Ghostly","Ghostly","Ghostly","Ghostly","Koishi:SpiritedAway+1","Koishi:UnseenTerror+1","Koishi:StingingMind","Koishi:Possession+1","Koishi:ImGoingToCallYouNow+1","Koishi:Catatonia+1","Koishi:RacingHeart","Koishi:Jaunt","Koishi:SpiritedAway","Koishi:FormlessExistence+1","Koishi:UnseenTerror","Koishi:FleetingPhantom+1","Injury","Koishi:SuperEgo","Koishi:Whimsy+1","Koishi:Heartbroken","Koishi:Possession","Koishi:GeneticsOfTheUnconscious","Koishi:Possession"],"relics":["Koishi:ImaginaryFriend","Bag of Marbles","Koishi:AHoleWhereASisterShouldBe","LetterFromLob","Question Card","Letter Opener","Centennial Puzzle","Cursed Key","Ancient Tea Set","Bag of Preparation","Toy Ornithopter","Calipers","SlaversCollar","Art of War","Lantern","Meat on the Bone","Oddly Smooth Stone","Pantograph","Lizard Tail"],"acts_visited":["Exordium","TheCity","TheBeyond","TheEnding"],"potions_floor_usage":[6,14,39],"damage_taken":[{"damage":3,"enemies":"Jaw Worm","floor":1,"turns":3},{"damage":0,"enemies":"Small Slimes","floor":2,"turns":2},{"damage":0,"enemies":"Cultist","floor":5,"turns":3},{"damage":12,"enemies":"3 Sentries","floor":6,"turns":8},{"damage":0,"enemies":"3 Louse","floor":8,"turns":3},{"damage":13,"enemies":"Gremlin Nob","floor":11,"turns":6},{"damage":0,"enemies":"Blue Slaver","floor":12,"turns":5},{"damage":1,"enemies":"3 Sentries","floor":14,"turns":4},{"damage":11,"enemies":"The Guardian","floor":16,"turns":17},{"damage":14,"enemies":"Book of Stabbing","floor":24,"turns":8},{"damage":0,"enemies":"Slavers","floor":27,"turns":5},{"damage":0,"enemies":"2 Thieves","floor":28,"turns":4},{"damage":3,"enemies":"Shell Parasite","floor":29,"turns":5},{"damage":12,"enemies":"Gremlin Leader","floor":30,"turns":5},{"damage":3,"enemies":"Centurion and Healer","floor":31,"turns":4},{"damage":6,"enemies":"Automaton","floor":33,"turns":9},{"damage":16,"enemies":"3 Shapes","floor":35,"turns":5},{"damage":1,"enemies":"Orb Walker","floor":36,"turns":3},{"damage":2,"enemies":"Transient","floor":38,"turns":5},{"damage":3,"enemies":"Reptomancer","floor":40,"turns":5},{"damage":6,"enemies":"Nemesis","floor":42,"turns":4},{"damage":3,"enemies":"Sphere and 2 Shapes","floor":44,"turns":5},{"damage":1,"enemies":"Giant Head","floor":46,"turns":7},{"damage":0,"enemies":"Nemesis","floor":48,"turns":5},{"damage":17,"enemies":"Awakened One","floor":50,"turns":7},{"damage":0,"enemies":"Shield and Spear","floor":55,"turns":6},{"damage":31,"enemies":"The Heart","floor":56,"turns":11}],"seed_played":"-1269470265661205801","potions_obtained":[{"floor":2,"key":"Ancient Potion"},{"floor":5,"key":"EntropicBrew"},{"floor":24,"key":"Explosive Potion"},{"floor":30,"key":"Swift Potion"},{"floor":33,"key":"LiquidMemories"},{"floor":44,"key":"LiquidBronze"},{"floor":46,"key":"PowerPotion"}],"is_trial":false,"path_per_floor":["M","M","?","?","M","E","?","M","T","R","E","M","?","E","R","B",null,"M","?","$","?","?","R","E","R","T","E","M","M","E","M","R","B",null,"M","M","?","M","$","E","R","E","T","M","?","E","$","E","R","B",null,null,"R","$","E","B",null],"character_chosen":"KOISHI","items_purchased":["Koishi:MindNumbingTerror","Koishi:TremblingHands","Bag of Marbles","Koishi:AHoleWhereASisterShouldBe","Koishi:FormlessExistence","Fruit Juice","Koishi:Heartbroken","Koishi:Possession"],"campfire_rested":2,"item_purchase_floors":[0,0,0,0,39,39,47,47],"current_hp_per_floor":[32,33,21,21,22,13,13,14,14,32,21,23,23,23,41,35,60,60,30,30,30,30,30,22,22,22,24,26,27,21,28,28,30,30,24,28,28,30,35,32,32,35,35,32,35,34,34,34,34,35,35,35,35,35,35,4],"gold":69,"neow_bonus":"","is_daily":false,"chose_seed":false,"campfire_upgraded":5,"win_rate":0.0,"timestamp":1613488103,"path_taken":["M","M","?","?","M","E","?","M","T","R","E","?","?","E","R","BOSS","M","?","$","?","?","R","E","R","T","E","M","M","E","?","R","BOSS","M","M","?","M","$","E","R","E","T","?","?","E","$","E","R","BOSS","R","$","E","BOSS"],"items_purchased_type":["Card","Card","Relic","Relic","Card","Potion","Card","Card"],"build_version":"2020-12-22","purchased_purges":4,"victory":true,"max_hp_per_floor":[60,60,60,60,60,60,60,60,60,60,60,60,60,60,60,60,60,60,30,30,30,30,30,30,30,30,30,30,30,30,30,30,30,30,30,30,30,30,35,35,35,35,35,35,35,35,35,35,35,35,35,35,35,35,35,35],"card_choices":[{"not_picked":["Koishi:Vanish","Koishi:UnconsciousUrges","Koishi:PhantomBarrier"],"picked":"SKIP","floor":1},{"not_picked":["Koishi:UnconsciousUrges","Koishi:PhantomBarrier"],"picked":"Koishi:Vanish","floor":1},{"not_picked":["Koishi:DreadfulBlow","Koishi:EmbryosDream"],"picked":"Koishi:SubconsciousSweep","floor":2},{"not_picked":["Koishi:GhostParty","Koishi:Vanish","Koishi:JumpScare"],"picked":"SKIP","floor":5},{"not_picked":["Koishi:UnconsciousUprising","Koishi:UnansweredLove"],"picked":"Koishi:DanmakuParanoia","floor":6},{"not_picked":["Koishi:ParalyzingFear","Koishi:SpiritedAway","Koishi:DanmakuParanoia","Koishi:EmbryosDream"],"picked":"SKIP","floor":8},{"not_picked":["Koishi:ParalyzingFear","Koishi:ConditionedTeleport","Koishi:EmbryosDream"],"picked":"Koishi:EmbersOfLove","floor":11},{"not_picked":["Koishi:JumpScare","Koishi:DreadfulBlow","Koishi:PhantomStrike"],"picked":"Koishi:BloodcurdlingScream","floor":12},{"not_picked":["Koishi:SpiritedAway","Koishi:VengefulSpirit","Koishi:FidgetySnatcher"],"picked":"Koishi:MindNumbingTerror","floor":14},{"not_picked":["Koishi:TerrifyingSpectre","Koishi:MentalBreakdown","Koishi:ConfinedInnocent"],"picked":"Koishi:HeartStoppingHorror","floor":16},{"not_picked":["Koishi:SubconsciousSweep","Koishi:ApparitionsStalkTheNight","Koishi:ParalyzingFear"],"picked":"Koishi:SpiritedAway","floor":24},{"not_picked":["Koishi:EmbryosDream+1","Koishi:FreudianInstinct+1","Koishi:DreadfulBlow","Koishi:ReleaseOfTheId"],"picked":"SKIP","floor":27},{"not_picked":["Koishi:CatchAndRose+1","Koishi:FleetingPhantom+1","Koishi:PhantomStrike"],"picked":"Koishi:UnseenTerror","floor":28},{"not_picked":["Koishi:Jaunt","Koishi:PhantomStrike","Koishi:UnconsciousUrges","Koishi:UnansweredLove"],"picked":"SKIP","floor":29},{"not_picked":["Koishi:SprinkleStarAndHeart","Koishi:MentalBreakdown","Koishi:IdleWhim"],"picked":"Koishi:StingingMind","floor":30},{"not_picked":["Koishi:ReflexRadar","Koishi:PhantomStrike","Koishi:SpiritedAway+1"],"picked":"Koishi:Possession+1","floor":31},{"not_picked":["Koishi:Ego","Koishi:FadingMemory","Koishi:HeartStoppingHorror"],"picked":"Koishi:ImGoingToCallYouNow","floor":33},{"not_picked":["Koishi:HeartfeltFancy","Koishi:FleetingPhantom","Koishi:SubconsciousSweep"],"picked":"Koishi:Catatonia+1","floor":35},{"not_picked":["Koishi:Prune+1","Koishi:HeartfeltFancy+1","Koishi:SubterraneanRose"],"picked":"Koishi:RacingHeart","floor":36},{"not_picked":["Koishi:CatchAndRose+1","Koishi:SubconsciousSweep+1","Koishi:PhantomBarrier"],"picked":"Koishi:SpiritedAway","floor":38},{"not_picked":["Koishi:FreudianInstinct+1","Koishi:ParalyzingFear","Koishi:UnansweredLove"],"picked":"Koishi:UnseenTerror","floor":40},{"not_picked":["Koishi:DNAsFlaw","Koishi:PhilosophyOfTheDespised+1","Koishi:ReflexRadar"],"picked":"Koishi:FleetingPhantom+1","floor":42},{"not_picked":["Koishi:DreadfulBlow","Koishi:FleetingPhantom","Koishi:MassHysteria"],"picked":"Koishi:SuperEgo","floor":44},{"not_picked":["Koishi:FleetingPhantom","Koishi:Prune+1","Koishi:BloodcurdlingScream+1"],"picked":"Koishi:Whimsy+1","floor":46},{"not_picked":["Koishi:DanmakuParanoia+1","Koishi:Vanish","Koishi:Catatonia"],"picked":"Koishi:GeneticsOfTheUnconscious","floor":48},{"not_picked":["Koishi:TremblingHands+1","Koishi:SubconsciousSweep","Koishi:DNAsFlaw+1"],"picked":"Koishi:Possession","floor":55}],"player_experience":438721,"relics_obtained":[{"floor":1,"key":"LetterFromLob"},{"floor":6,"key":"Question Card"},{"floor":11,"key":"Letter Opener"},{"floor":14,"key":"Centennial Puzzle"},{"floor":24,"key":"Ancient Tea Set"},{"floor":26,"key":"Bag of Preparation"},{"floor":27,"key":"Toy Ornithopter"},{"floor":30,"key":"Calipers"},{"floor":40,"key":"Art of War"},{"floor":42,"key":"Lantern"},{"floor":43,"key":"Meat on the Bone"},{"floor":46,"key":"Oddly Smooth Stone"},{"floor":48,"key":"Pantograph"},{"floor":55,"key":"Lizard Tail"}],"event_choices":[{"damage_healed":0,"gold_gain":0,"player_choice":"Entered Light","damage_taken":12,"max_hp_gain":0,"max_hp_loss":0,"event_name":"Shining Light","floor":3,"gold_loss":0,"cards_upgraded":["Koishi:Vanish","Koishi:BasicDefend"]},{"cards_removed":["Koishi:BasicStrike"],"damage_healed":0,"gold_gain":0,"player_choice":"Forget","damage_taken":0,"max_hp_gain":0,"max_hp_loss":0,"event_name":"Living Wall","floor":4,"gold_loss":0},{"damage_healed":0,"gold_gain":0,"player_choice":"Upgraded","damage_taken":0,"max_hp_gain":0,"max_hp_loss":0,"event_name":"Upgrade Shrine","floor":7,"gold_loss":0,"cards_upgraded":["Koishi:DanmakuParanoia"]},{"damage_healed":0,"gold_gain":54,"player_choice":"Gained Gold","damage_taken":0,"max_hp_gain":0,"max_hp_loss":0,"event_name":"Golden Wing","floor":13,"gold_loss":0},{"damage_healed":0,"gold_gain":0,"player_choice":"Became a Ghost","damage_taken":0,"max_hp_gain":0,"max_hp_loss":30,"event_name":"Ghosts","floor":19,"gold_loss":0,"cards_obtained":["Ghostly","Ghostly","Ghostly","Ghostly","Ghostly"]},{"cards_removed":["Koishi:BasicDefend"],"damage_healed":0,"gold_gain":0,"player_choice":"Gave Gold","damage_taken":0,"max_hp_gain":0,"max_hp_loss":0,"event_name":"Beggar","floor":21,"gold_loss":75},{"damage_healed":0,"gold_gain":0,"player_choice":"Forge","damage_taken":0,"max_hp_gain":0,"max_hp_loss":0,"event_name":"Accursed Blacksmith","floor":22,"gold_loss":0,"cards_upgraded":["Koishi:HauntingSlash"]},{"damage_healed":0,"gold_gain":0,"player_choice":"1 cards matched","damage_taken":0,"max_hp_gain":0,"max_hp_loss":0,"event_name":"Match and Keep!","floor":37,"gold_loss":0,"cards_obtained":["Koishi:Jaunt"]}],"is_beta":false,"boss_relics":[{"not_picked":["Busted Crown","Ectoplasm"],"picked":"Cursed Key"},{"not_picked":["Runic Dome","Calling Bell"],"picked":"SlaversCollar"}],"items_purged_floors":[0,0,20,39],"is_endless":false,"potions_floor_spawned":[2,5,12,24,30,33,44,46],"ascension_level":1}}