{"host":"qp7xs8nuzfsyommi","time":1613479324,"event":{"mods":["2.2 Compatiblity","BaseMod","Colored Powertips","DeckTracker","Highlight Path","Minty Spire (QoL Compilation)","Permanent Neow","Quick Restart","StSLib"],"gold_per_floor":[114,114,132,144,158,158,168,188,214,127,159,159,56,88,88,159,159,175,175,175,186,199,199,27,27,54,69,81,81,97,128,128,205,205,220,240,240,240],"floor_reached":37,"language":"ENG","playtime":2688,"items_purged":[],"score":806,"play_id":"14ba7e30-5971-49f1-b5c6-79edd96de069","local_time":"20210216074204","is_ascension_mode":true,"campfire_choices":[{"floor":6.0,"key":"REST"},{"data":"Zap","floor":12.0,"key":"SMITH"},{"data":"Dualcast","floor":15.0,"key":"SMITH"},{"floor":23,"key":"REST"},{"floor":29,"key":"RECALL"},{"floor":32,"key":"REST"}],"circlet_count":0,"master_deck":["AscendersBane","Zap+1","Dualcast+1","All For One","Coolheaded+1","Glacier","Streamline","All For One","Capacitor","Genetic Algorithm","Consume","Finesse","Loop","Machine Learning","Turbo","Beam Cell","Chill","Beam Cell+1","Streamline","Undo","Recycle","Echo Form","Fusion","Fission","Recycle","Doom and Gloom","Fusion","Gash","All For One","BootSequence","White Noise","Leap+1"],"relics":["Cracked Core","Omamori","Bird Faced Urn","Boot","Calling Bell","Lantern","InkBottle","Incense Burner","Lee\u0027s Waffle","Blood Vial","Toy Ornithopter","Pandora\u0027s Box"],"acts_visited":["Exordium","TheCity","TheBeyond"],"potions_floor_usage":[16,18,31,33,35],"damage_taken":[{"damage":0.0,"enemies":"Small Slimes","floor":1.0,"turns":2.0},{"damage":0.0,"enemies":"Jaw Worm","floor":3.0,"turns":3.0},{"damage":1.0,"enemies":"Cultist","floor":4.0,"turns":4.0},{"damage":16.0,"enemies":"Lots of Slimes","floor":5.0,"turns":4.0},{"damage":1.0,"enemies":"2 Fungi Beasts","floor":7.0,"turns":4.0},{"damage":10.0,"enemies":"Large Slime","floor":8.0,"turns":7.0},{"damage":19.0,"enemies":"Lagavulin","floor":11.0,"turns":12.0},{"damage":8.0,"enemies":"3 Sentries","floor":14.0,"turns":7.0},{"damage":22,"enemies":"Slime Boss","floor":16,"turns":11},{"damage":32,"enemies":"3 Byrds","floor":18,"turns":7},{"damage":14,"enemies":"Spheric Guardian","floor":21,"turns":5},{"damage":12,"enemies":"3 Cultists","floor":22,"turns":6},{"damage":12,"enemies":"Centurion and Healer","floor":27,"turns":10},{"damage":12,"enemies":"Snecko","floor":28,"turns":5},{"damage":13,"enemies":"3 Cultists","floor":30,"turns":6},{"damage":62,"enemies":"Book of Stabbing","floor":31,"turns":7},{"damage":36,"enemies":"Champ","floor":33,"turns":9},{"damage":50,"enemies":"3 Darklings","floor":35,"turns":6},{"damage":0,"enemies":"3 Shapes","floor":36,"turns":5},{"damage":43,"enemies":"Spire Growth","floor":37,"turns":4}],"seed_played":"-1932070393161514257","potions_obtained":[{"floor":5.0,"key":"Regen Potion"},{"floor":7.0,"key":"SneckoOil"},{"floor":14.0,"key":"GamblersBrew"},{"floor":16,"key":"PotionOfCapacity"},{"floor":22,"key":"LiquidBronze"},{"floor":30,"key":"PowerPotion"},{"floor":31,"key":"SteroidPotion"},{"floor":33,"key":"PowerPotion"},{"floor":35,"key":"PotionOfCapacity"}],"is_trial":false,"path_per_floor":["M","?","M","M","M","R","M","M","T","$","E","R","$","E","R","B",null,"M","?","?","M","M","R","$","?","T","M","M","R","M","E","R","B",null,"M","M","M"],"character_chosen":"DEFECT","items_purchased":["Consume","Finesse","Lee\u0027s Waffle"],"campfire_rested":3,"item_purchase_floors":[10,13,24],"current_hp_per_floor":[64,45,45,44,28,47,46,36,36,36,32,32,32,26,26,8,50,22,35,35,27,21,40,71,71,71,63,55,55,50,6,27,4,54,15,27,0,0],"gold":240,"neow_bonus":"THREE_RARE_CARDS","is_daily":false,"chose_seed":false,"campfire_upgraded":2,"win_rate":0.0,"timestamp":1613479324,"path_taken":["M","?","M","M","M","R","M","M","T","$","E","R","?","E","R","BOSS","M","?","?","M","M","R","$","?","T","M","M","R","M","E","R","BOSS","M","M","?"],"items_purchased_type":["Card","Card","Relic"],"build_version":"2020-12-22","purchased_purges":0,"victory":false,"max_hp_per_floor":[64,64,64,64,64,64,64,64,64,64,64,64,64,64,64,64,64,64,64,64,64,64,64,71,71,71,71,71,71,71,71,71,71,71,71,71,71,71],"card_choices":[{"not_picked":["Buffer","Reboot"],"picked":"All For One","floor":0.0},{"not_picked":["Sweeping Beam","Ball Lightning"],"picked":"Coolheaded","floor":1.0},{"not_picked":["Reprogram","Barrage"],"picked":"Glacier","floor":3.0},{"not_picked":["Redo","Fusion"],"picked":"Streamline","floor":4.0},{"not_picked":["Steam","Heatsinks"],"picked":"All For One","floor":5.0},{"not_picked":["Coolheaded","Ball Lightning"],"picked":"Capacitor","floor":7.0},{"not_picked":["Chaos","Stack"],"picked":"Genetic Algorithm","floor":8.0},{"not_picked":["Coolheaded","Rebound","Skim"],"picked":"SKIP","floor":11.0},{"not_picked":["Fission","Coolheaded"],"picked":"Loop","floor":14.0},{"not_picked":["Meteor Strike","Thunder Strike"],"picked":"Machine Learning","floor":16},{"not_picked":["Compile Driver","Rebound"],"picked":"Turbo","floor":18},{"not_picked":["Steam","Coolheaded"],"picked":"Beam Cell","floor":21},{"not_picked":["Beam Cell","Skim"],"picked":"Chill","floor":22},{"not_picked":["Hyperbeam","Stack"],"picked":"Beam Cell+1","floor":27},{"not_picked":["Rebound","Compile Driver"],"picked":"Streamline","floor":28},{"not_picked":["Turbo","Heatsinks"],"picked":"Undo","floor":30},{"not_picked":["Loop+1","Heatsinks"],"picked":"Recycle","floor":31},{"not_picked":["Rainbow","Multi-Cast"],"picked":"Echo Form","floor":33},{"not_picked":["Coolheaded","Streamline"],"picked":"White Noise","floor":35},{"not_picked":["Rebound+1","Streamline"],"picked":"Leap+1","floor":36}],"player_experience":1932053,"relics_obtained":[{"floor":9.0,"key":"Omamori"},{"floor":11.0,"key":"Bird Faced Urn"},{"floor":14.0,"key":"Boot"},{"floor":17,"key":"Lantern"},{"floor":17,"key":"InkBottle"},{"floor":17,"key":"Incense Burner"},{"floor":26,"key":"Blood Vial"},{"floor":31,"key":"Toy Ornithopter"}],"event_choices":[{"damage_healed":0.0,"max_hp_gain":0.0,"max_hp_loss":0.0,"gold_gain":0.0,"event_name":"Shining Light","player_choice":"Entered Light","floor":2.0,"gold_loss":0.0,"damage_taken":19.0,"cards_upgraded":["Defend_B","Coolheaded"]},{"damage_healed":13,"gold_gain":0,"player_choice":"Heal","damage_taken":0,"max_hp_gain":0,"max_hp_loss":0,"event_name":"The Library","floor":19,"gold_loss":0},{"damage_healed":0,"gold_gain":0,"player_choice":"Ignored","damage_taken":0,"max_hp_gain":0,"max_hp_loss":0,"event_name":"Vampires","floor":20,"gold_loss":0},{"damage_healed":0,"gold_gain":0,"player_choice":"Ignored","damage_taken":0,"max_hp_gain":0,"max_hp_loss":0,"event_name":"N\u0027loth","floor":25,"gold_loss":0}],"is_beta":false,"boss_relics":[{"not_picked":["Nuclear Battery","Empty Cage"],"picked":"Calling Bell"},{"not_picked":["Runic Dome","Philosopher\u0027s Stone"],"picked":"Pandora\u0027s Box"}],"items_purged_floors":[],"is_endless":false,"potions_floor_spawned":[5,7,8,14,16,22,30,31,33,35],"killed_by":"Spire Growth","ascension_level":20}}