{"host":"rylkjufw9dlhr07b","time":1613434268,"event":{"mods":["AchievementEnabler","BaseMod","Better Note","BetterRewards","Hubris","Minty Spire (QoL Compilation)","Quick Restart","StSLib","The Servant 0.9.4"],"gold_per_floor":[109,109,109,158,178,205,205,45,69,69,69,69,84,100,100,202,202,214,214,36,48,62,90,90,108,108,23,23,35,62,62,62,159,159,171,221,273,273,291,291,317,329,366,378,378],"floor_reached":44,"language":"FRA","playtime":1677,"items_purged":[],"score":502,"play_id":"97383f7f-690c-46f4-a30f-26ca84289ce2","local_time":"20210216011108","is_ascension_mode":false,"campfire_choices":[{"floor":7,"key":"REST"},{"data":"KillingDoll","floor":10,"key":"SMITH"},{"floor":15,"key":"REST"},{"data":"Defy","floor":28,"key":"SMITH"},{"data":"SoulSculpture","floor":32,"key":"SMITH"},{"data":"Spin","floor":40,"key":"SMITH"}],"circlet_count":0,"master_deck":["Strike_S","Strike_S","Strike_S","Strike_S","Defend_S","Defend_S","Defend_S","Defend_S+1","KidneyShot","Exchange","TimeWarp","Starlight","Defy+1","KillingDoll+1","SoulSculpture+1","Spin+1","LightFlow+1","Snipe","Defy+1","Rewind","Luminosity","Comet+1","Finesse+1","Defy+1","SurpressingFire","PendulumOfEternity","DoubleEdge+1","DualDimension+1","Madness","Madness","Rearm+1","Potential"],"relics":["SplendidAttire","Vajra","Akabeko","Pen Nib","hubris:FunFungus","Regal Pillow","MealTicket","Potion Belt","Pear","Tiny Chest","Juzu Bracelet","Frozen Egg 2","Black Star","Unceasing Top","Bag of Preparation","MawBank","Darkstone Periapt","Bronze Scales"],"acts_visited":["Exordium","TheCity","TheBeyond"],"potions_floor_usage":[16,23,33,41,41],"damage_taken":[{"damage":0,"enemies":"Small Slimes","floor":1,"turns":3},{"damage":1,"enemies":"Jaw Worm","floor":5,"turns":2},{"damage":13,"enemies":"3 Sentries","floor":6,"turns":6},{"damage":0,"enemies":"2 Louse","floor":13,"turns":1},{"damage":4,"enemies":"Blue Slaver","floor":14,"turns":2},{"damage":13,"enemies":"The Guardian","floor":16,"turns":15},{"damage":0,"enemies":"Spheric Guardian","floor":18,"turns":1},{"damage":0,"enemies":"Chosen","floor":21,"turns":1},{"damage":0,"enemies":"Shelled Parasite and Fungi","floor":22,"turns":2},{"damage":18,"enemies":"Slavers","floor":23,"turns":3},{"damage":0,"enemies":"Snake Plant","floor":25,"turns":1},{"damage":0,"enemies":"3 Cultists","floor":29,"turns":4},{"damage":46,"enemies":"Automaton","floor":33,"turns":11},{"damage":0,"enemies":"Orb Walker","floor":35,"turns":1},{"damage":18,"enemies":"Mind Bloom Boss Battle","floor":36,"turns":3},{"damage":4,"enemies":"3 Shapes","floor":39,"turns":5},{"damage":49,"enemies":"Reptomancer","floor":41,"turns":6},{"damage":17,"enemies":"Transient","floor":44,"turns":3}],"seed_played":"6384435042616109990","potions_obtained":[{"floor":6,"key":"LiquidMemories"},{"floor":14,"key":"Regen Potion"},{"floor":22,"key":"Energy Potion"},{"floor":25,"key":"Energy Potion"},{"floor":36,"key":"GamblersBrew"}],"is_trial":false,"path_per_floor":["M","?","?","T","M","E","R","$","T","R","?","?","M","M","R","B",null,"M","?","$","M","M","E","?","M","T","?","R","M","T","T","R","B",null,"M","?","T","?","M","R","E","?","T","M"],"character_chosen":"THE_SERVANT","items_purchased":["KillingDoll","MealTicket","Defy"],"campfire_rested":2,"item_purchase_floors":[8,20,20],"current_hp_per_floor":[65,47,47,47,46,33,52,52,52,52,57,43,43,39,70,65,70,70,70,70,70,70,52,52,52,62,62,62,63,63,63,63,20,80,80,62,62,52,51,51,7,7,7,0,0],"gold":378,"neow_bonus":"RANDOM_COMMON_RELIC","is_daily":false,"chose_seed":false,"campfire_upgraded":4,"win_rate":0.0,"timestamp":1613434268,"path_taken":["M","?","?","?","?","E","R","$","T","R","?","?","M","M","R","BOSS","M","?","?","M","M","E","?","M","T","?","R","M","?","?","R","BOSS","M","?","?","?","M","R","E","?","T","M"],"items_purchased_type":["Card","Relic","Card"],"build_version":"2020-12-22","purchased_purges":0,"victory":false,"max_hp_per_floor":[65,65,65,65,65,65,65,65,65,65,70,70,70,70,70,70,70,70,70,70,70,70,70,70,70,80,80,80,80,80,80,80,80,80,80,80,80,80,80,80,80,80,80,80,80],"card_choices":[{"not_picked":["ShiftingGears","ShatteredReality"],"picked":"TimeWarp","floor":1},{"not_picked":["BottledTime","FanOfKnives"],"picked":"Starlight","floor":5},{"not_picked":["FanOfKnives","DoubleEdge"],"picked":"Defy","floor":6},{"not_picked":["Advance","Rearm"],"picked":"SoulSculpture","floor":13},{"not_picked":["Revamp","Unruled"],"picked":"Spin","floor":14},{"not_picked":["Duplication","ForgedInTime"],"picked":"LightFlow","floor":16},{"not_picked":["Spin","ShatteredReality"],"picked":"Snipe","floor":18},{"not_picked":["BottledTime","Desolation"],"picked":"Rewind","floor":21},{"not_picked":["Starlight","Revamp"],"picked":"Luminosity","floor":22},{"not_picked":["ShatteredReality","BottledTime"],"picked":"Comet+1","floor":23},{"not_picked":["Starlight","Rewind+1"],"picked":"Defy+1","floor":25},{"not_picked":["FastForward","Spin"],"picked":"SurpressingFire","floor":29},{"not_picked":["KillingDoll","Dilation"],"picked":"PendulumOfEternity","floor":33},{"not_picked":["StarChef+1","Defy"],"picked":"DoubleEdge+1","floor":35},{"not_picked":["ShatteredReality","Rearm"],"picked":"DualDimension+1","floor":36},{"not_picked":["DualDimension+1","Potential"],"picked":"Rearm+1","floor":39},{"not_picked":["ShiftingGears","FanOfKnives+1"],"picked":"Potential","floor":41}],"player_experience":599677,"relics_obtained":[{"floor":4,"key":"Pen Nib"},{"floor":6,"key":"hubris:FunFungus"},{"floor":9,"key":"Regal Pillow"},{"floor":23,"key":"Potion Belt"},{"floor":26,"key":"Pear"},{"floor":30,"key":"Juzu Bracelet"},{"floor":31,"key":"Frozen Egg 2"},{"floor":36,"key":"Unceasing Top"},{"floor":37,"key":"Bag of Preparation"},{"floor":41,"key":"MawBank"},{"floor":41,"key":"Darkstone Periapt"},{"floor":43,"key":"Bronze Scales"}],"event_choices":[{"damage_healed":0,"gold_gain":0,"player_choice":"Success","damage_taken":18,"relics_obtained":["Akabeko"],"max_hp_gain":0,"max_hp_loss":0,"event_name":"Scrap Ooze","floor":2,"gold_loss":0},{"damage_healed":0,"gold_gain":0,"player_choice":"Ignored","damage_taken":0,"max_hp_gain":0,"max_hp_loss":0,"event_name":"Golden Wing","floor":3,"gold_loss":0},{"damage_healed":0,"gold_gain":0,"player_choice":"Donut","damage_taken":0,"max_hp_gain":5,"max_hp_loss":0,"event_name":"Big Fish","floor":11,"gold_loss":0},{"damage_healed":0,"gold_gain":0,"player_choice":"Entered Light","damage_taken":14,"max_hp_gain":0,"max_hp_loss":0,"event_name":"Shining Light","floor":12,"gold_loss":0,"cards_upgraded":["Defend_S","Defy"]},{"damage_healed":0,"gold_gain":0,"player_choice":"Upgraded","damage_taken":0,"max_hp_gain":0,"max_hp_loss":0,"event_name":"Upgrade Shrine","floor":19,"gold_loss":0,"cards_upgraded":["LightFlow"]},{"cards_removed":["LightFlow"],"damage_healed":0,"gold_gain":0,"player_choice":"Take \u0026 Give","damage_taken":0,"max_hp_gain":0,"max_hp_loss":0,"event_name":"betterNote:BetterNote","floor":24,"gold_loss":0,"cards_obtained":["Finesse"]},{"damage_healed":0,"gold_gain":0,"player_choice":"Obtained Relic","damage_taken":0,"relics_obtained":["Tiny Chest"],"max_hp_gain":0,"max_hp_loss":0,"event_name":"Addict","floor":27,"gold_loss":85},{"damage_healed":0,"gold_gain":0,"player_choice":"Fight","damage_taken":0,"max_hp_gain":0,"max_hp_loss":0,"event_name":"MindBloom","floor":36,"gold_loss":0},{"damage_healed":0,"gold_gain":0,"player_choice":"Embrace Madness","damage_taken":10,"max_hp_gain":0,"max_hp_loss":0,"event_name":"Winding Halls","floor":38,"gold_loss":0,"cards_obtained":["Madness","Madness"]},{"damage_healed":0,"gold_gain":0,"player_choice":"Ignored","damage_taken":0,"max_hp_gain":0,"max_hp_loss":0,"event_name":"Tomb of Lord Red Mask","floor":42,"gold_loss":0}],"is_beta":false,"boss_relics":[{"not_picked":["Fusion Hammer","Runic Pyramid"],"picked":"SplendidAttire"},{"not_picked":["Velvet Choker","hubris:HollowSoul"],"picked":"Black Star"}],"items_purged_floors":[],"is_endless":false,"potions_floor_spawned":[6,14,22,25,36],"killed_by":"Transient","ascension_level":0}}