{"host":"4epvxsx6d4oxmc67","time":1613518319,"event":{"mods":["AchievementEnabler","BaseMod","Colored Map","Highlight Path","Minty Spire (QoL Compilation)"],"gold_per_floor":[117,117,129,145,158,158,9,84,84,84,100,100,126,146,146,241,241,253,273,11,11,24,24,58,58,58],"floor_reached":25,"language":"ENG","playtime":1048,"items_purged":[],"score":301,"play_id":"8daed59e-ad99-4f4c-984d-40375a72994b","local_time":"20210216233159","is_ascension_mode":true,"campfire_choices":[{"data":"Armaments","floor":6.0,"key":"SMITH"},{"data":"Bash","floor":10.0,"key":"SMITH"},{"data":"Carnage","floor":12.0,"key":"SMITH"},{"data":"Feed","floor":15.0,"key":"SMITH"},{"floor":23.0,"key":"REST"}],"circlet_count":0,"master_deck":["Strike_R+1","Strike_R+1","Strike_R+1","Strike_R+1","Strike_R+1","Defend_R+1","Defend_R+1","Defend_R+1","Defend_R+1","Bash+1","Injury","Pummel","Clothesline","Evolve","Armaments+1","Pommel Strike","Carnage+1","Iron Wave","Feed+1","Corruption","Pummel+1","Shrug It Off+1","Headbutt+1","Dark Embrace+1"],"relics":["Black Blood","Champion Belt","Vajra","Orichalcum","Self Forming Clay","Molten Egg 2","Matryoshka"],"acts_visited":["Exordium","TheCity"],"potions_floor_usage":[24],"damage_taken":[{"damage":5.0,"enemies":"Small Slimes","floor":1.0,"turns":4.0},{"damage":4.0,"enemies":"Cultist","floor":3.0,"turns":3.0},{"damage":7.0,"enemies":"Jaw Worm","floor":4.0,"turns":4.0},{"damage":22.0,"enemies":"Exordium Wildlife","floor":5.0,"turns":7.0},{"damage":7.0,"enemies":"Lots of Slimes","floor":11.0,"turns":6.0},{"damage":6.0,"enemies":"Gremlin Nob","floor":13.0,"turns":3.0},{"damage":0.0,"enemies":"Looter","floor":14.0,"turns":2.0},{"damage":47.0,"enemies":"Slime Boss","floor":16.0,"turns":11.0},{"damage":31.0,"enemies":"Shell Parasite","floor":18.0,"turns":5.0},{"damage":2.0,"enemies":"Chosen","floor":19.0,"turns":4.0},{"damage":10.0,"enemies":"Snake Plant","floor":22.0,"turns":5.0},{"damage":72,"enemies":"Gremlin Leader","floor":24,"turns":4},{"damage":21,"enemies":"Centurion and Healer","floor":25,"turns":4}],"seed_played":"-3234440046392129118","potions_obtained":[{"floor":1.0,"key":"BlessingOfTheForge"},{"floor":5.0,"key":"Block Potion"},{"floor":18.0,"key":"LiquidMemories"}],"is_trial":false,"path_per_floor":["M","?","M","M","M","R","$","?","T","R","M","R","E","M","R","B",null,"M","M","$","?","M","R","E","M"],"character_chosen":"IRONCLAD","items_purchased":["Vajra","Molten Egg 2"],"campfire_rested":1,"item_purchase_floors":[7,20],"current_hp_per_floor":[73,73,75,74,58,58,58,47,47,47,46,46,46,52,52,11,63,44,54,54,54,56,80,20,0,0],"gold":58,"neow_bonus":"ONE_RARE_RELIC","is_daily":false,"chose_seed":false,"campfire_upgraded":4,"win_rate":0.0,"timestamp":1613518319,"path_taken":["M","?","M","M","M","R","?","?","T","R","?","R","E","M","R","BOSS","M","M","?","?","M","R","E","M"],"items_purchased_type":["Relic","Relic"],"build_version":"2020-12-22","purchased_purges":0,"victory":false,"max_hp_per_floor":[80,80,80,80,80,80,80,80,80,80,80,80,80,80,80,80,80,80,80,80,80,80,80,80,80,80],"card_choices":[{"not_picked":["Dark Embrace","Headbutt"],"picked":"Pummel","floor":1.0},{"not_picked":["Clash","Body Slam"],"picked":"Evolve","floor":3.0},{"not_picked":["Sentinel","Perfected Strike"],"picked":"Armaments","floor":4.0},{"not_picked":["Rage","Twin Strike"],"picked":"Pommel Strike","floor":5.0},{"not_picked":["Inflame","Shrug It Off"],"picked":"Carnage","floor":11.0},{"not_picked":["Blood for Blood","Warcry"],"picked":"Iron Wave","floor":13.0},{"not_picked":["Metallicize","Clothesline"],"picked":"Feed","floor":14.0},{"not_picked":["Bludgeon","Juggernaut"],"picked":"Corruption","floor":16.0},{"not_picked":["Combust","Armaments+1"],"picked":"Pummel+1","floor":18.0},{"not_picked":["Disarm","Ghostly Armor"],"picked":"Shrug It Off+1","floor":19.0},{"not_picked":["Intimidate","Twin Strike+1"],"picked":"Headbutt+1","floor":22.0},{"not_picked":["Clash+1","Havoc"],"picked":"Dark Embrace+1","floor":24}],"player_experience":137887,"relics_obtained":[{"floor":9.0,"key":"Orichalcum"},{"floor":13.0,"key":"Self Forming Clay"},{"floor":24,"key":"Matryoshka"}],"event_choices":[{"damage_healed":0.0,"max_hp_gain":0.0,"max_hp_loss":0.0,"gold_gain":0.0,"event_name":"Match and Keep!","player_choice":"1 cards matched","floor":2.0,"gold_loss":0.0,"damage_taken":0.0,"cards_obtained":["Clothesline"]},{"damage_healed":0.0,"max_hp_gain":0.0,"max_hp_loss":0.0,"gold_gain":75.0,"event_name":"World of Goop","player_choice":"Gather Gold","floor":8.0,"gold_loss":0.0,"damage_taken":11.0},{"damage_healed":0.0,"max_hp_gain":0.0,"max_hp_loss":0.0,"gold_gain":0.0,"event_name":"Back to Basics","player_choice":"Simplicity","floor":21.0,"gold_loss":0.0,"damage_taken":0.0,"cards_upgraded":["Strike_R","Strike_R","Strike_R","Strike_R","Strike_R","Defend_R","Defend_R","Defend_R","Defend_R"]}],"is_beta":false,"boss_relics":[{"not_picked":["Black Star","Empty Cage"],"picked":"Black Blood"}],"items_purged_floors":[],"is_endless":false,"potions_floor_spawned":[1,5,18],"killed_by":"Centurion and Healer","ascension_level":7}}