{"host":"q6ff4ns2kep02ti6","time":1613508400,"event":{"mods":["AchievementEnabler","BaseMod","Minty Spire (QoL Compilation)","Relic Stats","StSLib","Unceasing Turn Reminder"],"gold_per_floor":[112,37,48,58,71,71,105,105,105,138,63,97,97,114,114,193,193,210,224,239,239,43,43,74,74,100,115,149,183,183,216,216,216,216],"floor_reached":33,"language":"ENG","playtime":2747,"items_purged":["Shame"],"score":696,"play_id":"e36792e8-0ffc-4b5f-ab2e-fc88c0a7f6de","local_time":"20210216214640","is_ascension_mode":true,"campfire_choices":[{"data":"Whirlwind","floor":6,"key":"SMITH"},{"data":"Shockwave","floor":13,"key":"SMITH"},{"data":"Hemokinesis","floor":15,"key":"SMITH"},{"data":"Ghostly","floor":23,"key":"SMITH"},{"data":"Exhume","floor":25,"key":"SMITH"},{"floor":30,"key":"RECALL"},{"data":"Ghostly","floor":32,"key":"SMITH"}],"circlet_count":0,"master_deck":["AscendersBane","Strike_R","Strike_R","Strike_R","Strike_R","Defend_R","Defend_R","Defend_R","Defend_R","Bash","Headbutt","Whirlwind+1","Flame Barrier","Shockwave+1","Hemokinesis+1","Feed","Warcry+1","Ghostly+1","Ghostly","Ghostly+1","Apotheosis","Exhume+1","Regret"],"relics":["Cursed Key","Nunchaku","Potion Belt","Letter Opener","Strawberry","Runic Pyramid","Meat on the Bone","MealTicket","Red Mask","Tiny Chest"],"acts_visited":["TheCity"],"potions_floor_usage":[7,10,19,20,24,28,31,33,33],"damage_taken":[{"damage":2,"enemies":"Jaw Worm","floor":1,"turns":3},{"damage":0,"enemies":"2 Louse","floor":3,"turns":3},{"damage":11,"enemies":"Small Slimes","floor":4,"turns":4},{"damage":0,"enemies":"3 Louse","floor":5,"turns":2},{"damage":10,"enemies":"3 Sentries","floor":7,"turns":5},{"damage":12,"enemies":"Gremlin Nob","floor":10,"turns":3},{"damage":7,"enemies":"Lagavulin","floor":12,"turns":6},{"damage":4,"enemies":"Large Slime","floor":14,"turns":6},{"damage":32,"enemies":"Slime Boss","floor":16,"turns":6},{"damage":4,"enemies":"Chosen","floor":18,"turns":3},{"damage":12,"enemies":"Shell Parasite","floor":19,"turns":2},{"damage":2,"enemies":"Snecko","floor":20,"turns":5},{"damage":7,"enemies":"Book of Stabbing","floor":24,"turns":5},{"damage":4,"enemies":"3 Cultists","floor":27,"turns":6},{"damage":3,"enemies":"Gremlin Leader","floor":28,"turns":4},{"damage":10,"enemies":"Masked Bandits","floor":29,"turns":4},{"damage":3,"enemies":"Slavers","floor":31,"turns":7},{"damage":57,"enemies":"Collector","floor":33,"turns":10}],"seed_played":"-1767598844443959107","potions_obtained":[{"floor":3,"key":"Regen Potion"},{"floor":5,"key":"Energy Potion"},{"floor":7,"key":"SteroidPotion"},{"floor":14,"key":"PowerPotion"},{"floor":16,"key":"AttackPotion"},{"floor":18,"key":"Fire Potion"},{"floor":24,"key":"Fire Potion"},{"floor":28,"key":"SkillPotion"},{"floor":31,"key":"GamblersBrew"}],"is_trial":false,"path_per_floor":["M","?","M","M","M","R","E","?","T","E","$","E","R","M","R","B",null,"M","M","M","?","$","R","E","R","T","M","E","?","R","E","R","B"],"character_chosen":"IRONCLAD","items_purchased":["Apotheosis"],"campfire_rested":0,"item_purchase_floors":[22],"current_hp_per_floor":[66,66,66,55,55,55,59,64,64,52,52,52,52,48,48,16,69,65,56,57,46,46,46,43,43,43,43,43,40,40,41,41,0,0],"gold":216,"neow_bonus":"BOSS_RELIC","is_daily":false,"chose_seed":false,"campfire_upgraded":6,"win_rate":0.0,"timestamp":1613508400,"path_taken":["M","?","M","M","M","R","E","?","T","E","$","E","R","M","R","BOSS","M","M","M","?","$","R","E","R","T","M","E","?","R","E","R","BOSS"],"items_purchased_type":["Card"],"build_version":"2020-12-22","purchased_purges":1,"victory":false,"max_hp_per_floor":[75,75,75,75,75,75,75,80,80,80,80,87,87,87,87,87,87,87,90,93,46,46,46,50,50,50,54,57,64,64,68,68,68,68],"relic_stats":{"Nunchaku":[10],"counters":[18,84],"MealTicket":0,"Tiny Chest":0,"Letter Opener":[125],"Cursed Key":2,"obtain_stats":[{"Potion Belt":9,"Nunchaku":7,"Strawberry":12,"MealTicket":28,"Tiny Chest":31,"Red Mask":29,"Letter Opener":10,"Cursed Key":0,"Burning Blood":0,"Runic Pyramid":17,"Meat on the Bone":24},{"Potion Belt":5,"Nunchaku":5,"Strawberry":7,"MealTicket":15,"Tiny Chest":17,"Red Mask":16,"Letter Opener":6,"Cursed Key":0,"Burning Blood":0,"Runic Pyramid":9,"Meat on the Bone":13},{"Potion Belt":17,"Nunchaku":17,"Strawberry":26,"MealTicket":63,"Tiny Chest":74,"Red Mask":67,"Letter Opener":20,"Cursed Key":0,"Burning Blood":0,"Runic Pyramid":38,"Meat on the Bone":53}],"Meat on the Bone":0},"card_choices":[{"not_picked":["Clash","Anger"],"picked":"Headbutt","floor":1},{"not_picked":["Disarm","Rupture"],"picked":"Whirlwind","floor":3},{"not_picked":["Clothesline","Dark Embrace"],"picked":"Flame Barrier","floor":4},{"not_picked":["Combust","Havoc"],"picked":"Shockwave","floor":5},{"not_picked":["Dropkick","Armaments"],"picked":"Hemokinesis","floor":7},{"not_picked":["Inflame","Perfected Strike","Pummel"],"picked":"SKIP","floor":10},{"not_picked":["Armaments","Juggernaut","Reckless Charge"],"picked":"SKIP","floor":12},{"not_picked":["True Grit","Thunderclap","Blood for Blood"],"picked":"SKIP","floor":14},{"not_picked":["Juggernaut","Immolate"],"picked":"Feed","floor":16},{"not_picked":["Power Through","True Grit","Anger"],"picked":"SKIP","floor":18},{"not_picked":["Armaments","Power Through"],"picked":"Warcry+1","floor":19},{"not_picked":["Body Slam","Clothesline","Shrug It Off"],"picked":"SKIP","floor":20},{"not_picked":["Rupture","Combust"],"picked":"Exhume","floor":24},{"not_picked":["Power Through","Infernal Blade","Dropkick+1"],"picked":"SKIP","floor":27},{"not_picked":["Perfected Strike","Uppercut","Warcry+1"],"picked":"SKIP","floor":28},{"not_picked":["Heavy Blade","Perfected Strike","Anger"],"picked":"SKIP","floor":31}],"player_experience":1063170,"relics_obtained":[{"floor":7,"key":"Nunchaku"},{"floor":9,"key":"Potion Belt"},{"floor":10,"key":"Letter Opener"},{"floor":12,"key":"Strawberry"},{"floor":24,"key":"Meat on the Bone"},{"floor":28,"key":"MealTicket"},{"floor":29,"key":"Red Mask"},{"floor":31,"key":"Tiny Chest"}],"event_choices":[{"cards_removed":["Strike_R"],"damage_healed":0,"gold_gain":0,"player_choice":"Card Removal","damage_taken":0,"max_hp_gain":0,"max_hp_loss":0,"event_name":"The Cleric","floor":2,"gold_loss":75},{"damage_healed":0,"gold_gain":0,"player_choice":"Donut","damage_taken":0,"max_hp_gain":5,"max_hp_loss":0,"event_name":"Big Fish","floor":8,"gold_loss":0},{"damage_healed":0,"gold_gain":0,"player_choice":"Became a Ghost","damage_taken":0,"max_hp_gain":0,"max_hp_loss":47,"event_name":"Ghosts","floor":21,"gold_loss":0,"cards_obtained":["Ghostly","Ghostly","Ghostly"]},{"damage_healed":0,"gold_gain":0,"player_choice":"Fought Bandits","damage_taken":0,"max_hp_gain":0,"max_hp_loss":0,"event_name":"Masked Bandits","floor":29,"gold_loss":0}],"is_beta":false,"boss_relics":[{"not_picked":["Snecko Eye","Mark of Pain"],"picked":"Runic Pyramid"}],"items_purged_floors":[11],"is_endless":false,"potions_floor_spawned":[3,5,7,14,16,18,24,28,31],"killed_by":"Collector","ascension_level":20}}