{"host":"Vert","time":1613489765,"event":{"mods":["AlwaysNeverKeys","BaseMod","Better Note","Colored Powertips","Hermit","Marisa????????","Minty Spire (QoL Compilation)","Replay The Spire","StSLib","Td1madao Mod","The Gatherer","The Marked","The Servant 0.9.4","Transform Curses"],"gold_per_floor":[109,109,143,176,176,56,103,29,29,39,39,83,112,126,126,242,242,275,275,275,309,337,337,337],"floor_reached":23,"language":"ENG","playtime":1306,"items_purged":["Regret"],"score":203,"play_id":"72bca291-3bbc-499e-b7d4-3b014753a009","local_time":"20210216183605","is_ascension_mode":false,"campfire_choices":[{"floor":11,"key":"REST"},{"floor":15,"key":"REST"}],"circlet_count":0,"master_deck":["Strike_MRS","Strike_MRS","Defend_MRS","Defend_MRS","Defend_MRS","Defend_MRS","MasterSpark","UpSweep","WitchOfGreed","PowerUp","IllusionStar","LuminesStrike","ShootTheMoon","GravityBeat","StarBarrage","ShootingEcho","SuperNova+1","StarlightTyphoon+1","DragonMeteor"],"relics":["MiniHakkero","Darkstone Periapt","Toy Ornithopter","Regal Pillow","Meat on the Bone","Replay:Rubber Ducky","Torii","Empty Cage"],"acts_visited":["Exordium","TheCity"],"potions_floor_usage":[16,16,23,23,23],"damage_taken":[{"damage":7,"enemies":"Jaw Worm","floor":1,"turns":3},{"damage":14,"enemies":"Cultist","floor":3,"turns":5},{"damage":14,"enemies":"Small Slimes","floor":4,"turns":5},{"damage":26,"enemies":"Lagavulin","floor":7,"turns":6},{"damage":2,"enemies":"Blue Slaver","floor":10,"turns":2},{"damage":36,"enemies":"Replay:BlueRogue","floor":12,"turns":5},{"damage":10,"enemies":"Large Slime","floor":13,"turns":6},{"damage":8,"enemies":"2 Fungi Beasts","floor":14,"turns":4},{"damage":43,"enemies":"The Guardian","floor":16,"turns":7},{"damage":37,"enemies":"3 Byrds","floor":18,"turns":7},{"damage":21,"enemies":"Spheric Guardian","floor":21,"turns":4},{"damage":46,"enemies":"Snecko","floor":22,"turns":7},{"damage":43,"enemies":"Gremlin Leader","floor":23,"turns":8}],"seed_played":"4250148397014217459","potions_obtained":[{"floor":1,"key":"LiquidMemories"},{"floor":3,"key":"Block Potion"},{"floor":4,"key":"Swift Potion"},{"floor":4,"key":"DuplicationPotion"},{"floor":16,"key":"Weak Potion"},{"floor":18,"key":"Energy Potion"}],"is_trial":false,"path_per_floor":["M","?","M","M","?","$","E","$","T","M","R","E","M","M","R","B",null,"M","?","?","M","M","E"],"character_chosen":"MARISA","items_purchased":["LuminesStrike","ShootTheMoon"],"campfire_rested":2,"item_purchase_floors":[6,8],"current_hp_per_floor":[74,74,60,46,46,46,20,20,20,30,69,45,47,51,81,48,81,44,81,81,60,26,0,0],"gold":337,"neow_bonus":"RANDOM_EVENT","is_daily":false,"chose_seed":false,"campfire_upgraded":0,"win_rate":0.0,"timestamp":1613489765,"path_taken":["M","?","M","?","?","$","E","$","T","M","R","E","M","M","R","BOSS","M","?","?","M","M","E"],"items_purchased_type":["Card","Card"],"build_version":"2020-12-18","purchased_purges":1,"victory":false,"max_hp_per_floor":[81,81,81,81,81,81,81,81,81,81,81,81,81,81,81,81,81,81,81,81,81,81,81,81],"card_choices":[{"not_picked":["ChargingUp","PulseMagic"],"picked":"WitchOfGreed","floor":1},{"not_picked":["DarkMatter","OneTimeOff"],"picked":"PowerUp","floor":3},{"not_picked":["Acceleration","OneTimeOff"],"picked":"IllusionStar","floor":4},{"not_picked":["ChargeUpSpray","MachineGunSpark"],"picked":"TreasureHunter","floor":7},{"not_picked":["LuminesStrike","MagicChant"],"picked":"GravityBeat","floor":10},{"not_picked":["ManaConvection","Acceleration"],"picked":"StarBarrage","floor":12},{"not_picked":["PowerUp","6A"],"picked":"ShootingEcho","floor":13},{"not_picked":["DC","WitchOfGreed","GalacticHalo"],"picked":"SKIP","floor":14},{"not_picked":["JA","BinaryStars"],"picked":"SuperNova","floor":16},{"not_picked":["EarthLightRay","6A","Acceleration"],"picked":"SKIP","floor":18},{"not_picked":["EarthLightRay","IllusionStar"],"picked":"StarlightTyphoon+1","floor":21},{"not_picked":["FairyDestructionRay","SporeBomb"],"picked":"DragonMeteor","floor":22}],"player_experience":539845,"relics_obtained":[{"floor":7,"key":"Regal Pillow"},{"floor":9,"key":"Meat on the Bone"},{"floor":12,"key":"Replay:Rubber Ducky"},{"floor":16,"key":"Torii"}],"event_choices":[{"damage_healed":0,"gold_gain":0,"player_choice":"Box","damage_taken":0,"relics_obtained":["Darkstone Periapt"],"max_hp_gain":0,"max_hp_loss":0,"event_name":"Big Fish","floor":0,"gold_loss":0,"cards_obtained":["Regret"]},{"damage_healed":0,"gold_gain":0,"player_choice":"Gave Potion","damage_taken":0,"relics_obtained":["Toy Ornithopter"],"max_hp_gain":0,"max_hp_loss":0,"event_name":"WeMeetAgain","floor":2,"gold_loss":0},{"cards_removed":["EventHorizon"],"damage_healed":37,"gold_gain":0,"player_choice":"Offered Uncommon","damage_taken":0,"max_hp_gain":0,"max_hp_loss":0,"event_name":"Bonfire Elementals","floor":19,"gold_loss":0},{"damage_healed":0,"gold_gain":0,"player_choice":"Forge","damage_taken":0,"max_hp_gain":0,"max_hp_loss":0,"event_name":"Accursed Blacksmith","floor":20,"gold_loss":0,"cards_upgraded":["SuperNova"]}],"is_beta":true,"boss_relics":[{"not_picked":["Replay:Drink Me","SlaversCollar"],"picked":"Empty Cage"}],"items_purged_floors":[6],"is_endless":false,"potions_floor_spawned":[1,4,12,18],"killed_by":"Gremlin Leader","ascension_level":0}}