{"host":"l85rtarfuh0ld3b1","time":1613486758,"event":{"mods":["Act Like it!","BaseMod","BetterRewards","CapriCore","Decade(王小明)","Gensokyo","KinomotoSakuraMod(木之本樱)","Koishi","Marisa（F雨　魔理沙）","Minty Spire (QoL Compilation)","Permanent Neow","Reimu（博丽灵梦）","Remilia（蕾米莉亚）","Shop Mod","StSLib","TestMod","The Administrix","The Immortal","The Servant 0.9.4","WarShipGirlsR/战舰少女R mod","Yakumo Yukari mod"],"gold_per_floor":[109,135,246,246,246,272,272,304,328,376,105,132,23,98,98,194,202,516,516,516,516,527,567,598,598,623,623,547,547,547,563,563,661,661,672,672,680,689,700,700,747,747,771,779,814,833,866,875,875,875,875,875,310,352,352],"floor_reached":56,"language":"ZHS","playtime":4362,"items_purged":["rmod:strick","rmod:strick","rmod:strick","rmod:defend","rmod:defend","rmod:diamondstrike","rmod:strick","rmod:defend","rmod:defend","rmod:basicallowance","rmod:maingunfire","rmod:openingtorpedo+1","rmod:openingtorpedo+1","rmod:diaomin","rmod:diaomin+1","rmod:circuitoustactics+1","rmod:aviationdawn","rmod:lonelyqueen","rmod:robin+1","rmod:wife","rmod:advancebysurprise","rmod:sl","rmod:highspeedmaneuver+1","Orbital","rmod:maintain","rmod:ridicule","Writhe","rmod:aviationdawn+1","ClowCardTheBubbles+1"],"score":2227,"play_id":"865fe7a3-b6da-46f8-879b-d0c254ee648b","local_time":"20210216224558","is_ascension_mode":true,"campfire_choices":[{"data":"rmod:expedition","floor":7,"key":"SMITH"},{"data":"rmod:expedition+1","floor":15,"key":"SMITH"},{"data":"FairyDestructionRay+1","floor":25,"key":"PURGE"},{"data":"rmod:expedition+2","floor":30,"key":"SMITH"},{"floor":32,"key":"RECALL"},{"floor":40,"key":"DIG"},{"floor":42,"key":"DIG"},{"floor":44,"key":"DIG"},{"data":"Koishi:VengefulSpirit","floor":49,"key":"PURGE"},{"data":"rmod:advancebysurprise+1","floor":52,"key":"PURGE"}],"circlet_count":0,"master_deck":["rmod:expedition+3","rmod:maintain+1","rmod:ridicule+1","rmod:acesubmarine+1","rmod:diaomin+1","rmod:robin+1","rmod:lonelyqueen+1","rmod:wife+1","rmod:sl+1","rmod:maintain+1","rmod:ridicule+1","EndlessAdversity+1","Contraction+1","PrayRite:ReiMu+1","SubcavityFantasy:ReiMu+1","Finesse+1","True Grit+1","Gensokyo:MorningMist+1"],"relics":["rmod:firstchargereward","testmod-TestBox","testmod-BatchProcessingSystem","MerchantsRug","Matryoshka","Chemical X","CeramicFish","Mastiff:ReiMu","Medical Kit","WingedGreaves","Tiny Chest","Membership Card","rmod:extraamm","rmod:equipmentrecovery","ClockworkSouvenir","Singing Bowl","Blue Candle","testmod-Charity","PrismaticShard","Question Card","testmod-HeartOfDaVinci","Molten Egg 2","Prayer Wheel","White Beast Statue","HandmadeGrimoire","Koishi:LettersToReimu","testmod-RainbowHikingShoes","testmod-Acrobat","rmod:quickrepair","Shovel","Peace Pipe","Juzu Bracelet","Darkstone Periapt","Memoryfragments_purpleEX","ShroomBag","Toxic Egg 2","AdministrixMod:GoldenChickadee","testmod-Alchemist","DollysMirror","Blood Vial","RomanBracelet","testmod-Antiphasic","Akabeko","Regal Pillow","testmod-Laevatain","Dream Catcher","testmod-OneHitWonder","StoneMask","RuthlessExorcism:ReiMu","BreadOfAWashokuLover","Turnip","Art of War","Paper Frog","Gambling Chip","SlaversCollar","CrazyTorch:ReiMu","CatCart","FadedRune:ReiMu","Ancient Tea Set","SkyOrb:ReiMu","Koishi:AHoleWhereASisterShouldBe","KSMOD_TeddyBear","Frozen Eye","Red Skull","Bag of Preparation"],"acts_visited":["Gensokyo:Gensokyo","TheCity","TheBeyond","TheEnding"],"potions_floor_usage":[0,0,0,0,0,0,0,0,0,0,0,0,0,0,0,0,0,28,35],"damage_taken":[{"damage":0,"enemies":"Gensokyo:Gryphon","floor":1,"turns":1},{"damage":90,"enemies":"Gensokyo:Cirno","floor":2,"turns":5},{"damage":53,"enemies":"Gensokyo:Cirno","floor":6,"turns":5},{"damage":43,"enemies":"Gensokyo:Aya","floor":8,"turns":1},{"damage":37,"enemies":"Gensokyo:Mamizou","floor":10,"turns":1},{"damage":0,"enemies":"Gensokyo:Aya","floor":12,"turns":1},{"damage":0,"enemies":"Gensokyo:Reimu","floor":16,"turns":1},{"damage":0,"enemies":"Spheric Guardian","floor":18,"turns":1},{"damage":0,"enemies":"2 Thieves","floor":22,"turns":1},{"damage":0,"enemies":"Gremlin Leader","floor":23,"turns":1},{"damage":0,"enemies":"Book of Stabbing","floor":24,"turns":1},{"damage":0,"enemies":"3 Cultists","floor":31,"turns":1},{"damage":0,"enemies":"Collector","floor":33,"turns":1},{"damage":0,"enemies":"3 Shapes","floor":35,"turns":1},{"damage":0,"enemies":"3 Shapes","floor":37,"turns":1},{"damage":0,"enemies":"Orb Walker","floor":38,"turns":1},{"damage":0,"enemies":"Transient","floor":39,"turns":1},{"damage":0,"enemies":"Orin","floor":41,"turns":2},{"damage":0,"enemies":"Giant Head","floor":45,"turns":1},{"damage":0,"enemies":"4 Shapes","floor":46,"turns":1},{"damage":0,"enemies":"Jaw Worm Horde","floor":48,"turns":1},{"damage":0,"enemies":"Donu and Deca","floor":50,"turns":1},{"damage":0,"enemies":"Shield and Spear","floor":54,"turns":1},{"damage":0,"enemies":"The Heart","floor":55,"turns":4}],"seed_played":"5372041386314508716","potions_obtained":[{"floor":0,"key":"LiquidBronze"},{"floor":0,"key":"Explosive Potion"},{"floor":0,"key":"SpeedPotion"},{"floor":0,"key":"MagicPotion:ReiMu"},{"floor":0,"key":"Swift Potion"},{"floor":0,"key":"LiquidBronze"},{"floor":0,"key":"Explosive Potion"},{"floor":0,"key":"SpeedPotion"},{"floor":0,"key":"MagicPotion:ReiMu"},{"floor":0,"key":"Swift Potion"},{"floor":1,"key":"Regen Potion"},{"floor":2,"key":"Block Potion"},{"floor":6,"key":"Energy Potion"},{"floor":8,"key":"DuplicationPotion"},{"floor":10,"key":"Energy Potion"},{"floor":12,"key":"CultistPotion"},{"floor":16,"key":"ColorlessPotion"},{"floor":18,"key":"Block Potion"},{"floor":22,"key":"testmod-TestPotion"},{"floor":23,"key":"Fire Potion"},{"floor":24,"key":"EntropicBrew"},{"floor":31,"key":"SneckoOil"},{"floor":33,"key":"FairyPotion"},{"floor":35,"key":"EssenceOfSteel"},{"floor":38,"key":"Strength Potion"},{"floor":39,"key":"Dexterity Potion"},{"floor":41,"key":"Fire Potion"},{"floor":45,"key":"ZuzhouPotion:ReiMu"},{"floor":46,"key":"SmokeBomb"},{"floor":48,"key":"FearPotion"},{"floor":54,"key":"DuplicationPotion"}],"is_trial":false,"path_per_floor":["M","?","$","$","?","E","R","E","T","E","$","E","COS","T","R","B",null,"M","?","T","$","M","E","E","R","T","?","$","T","R","M","R","B",null,"M","?","?","M","M","R","?","R","T","R","E","M","T","M","R","B",null,"R","$","E","B",null],"character_chosen":"PRAEFECT","items_purchased":["MerchantsRug","rmod:wife","rmod:sl","rmod:expedition","rmod:maintain","Matryoshka","rmod:maintain","rmod:circuitoustactics","rmod:aviationdawn","rmod:diamondstrike","Chemical X","CeramicFish","Mastiff:ReiMu","testmod-SpacePotion","Medical Kit","WingedGreaves","rmod:ridicule","War Paint","testmod-SpacePotion","rmod:advancebysurprise","Pear","Cauldron","Tiny Chest","Strawberry","Membership Card","rmod:extraamm","Mango","rmod:highspeedmaneuver","rmod:equipmentrecovery","testmod-SpacePotion","rmod:tearstotiara","testmod-SpacePotion","ClockworkSouvenir","Lee\u0027s Waffle","testmod-SpacePotion","Singing Bowl","Blue Candle","rmod:openingtorpedo","testmod-Charity","Orrery","testmod-SpacePotion","Whetstone","PrismaticShard","EntropicBrew","Question Card","testmod-SpacePotion","testmod-HeartOfDaVinci","Molten Egg 2","Bottled Tornado","Bottled Lightning","TheEssenceOfRealm","Prayer Wheel","EntropicBrew","rmod:acesubmarine+1","White Beast Statue","HandmadeGrimoire","Potion Belt","Koishi:LettersToReimu","rmod:lonelyqueen","rmod:diaomin","Antimatter_spacedebris","testmod-RainbowHikingShoes","RedBat","Pan","testmod-Acrobat","rmod:quickrepair","Shovel","Peace Pipe","Juzu Bracelet","Bottled Flame","Darkstone Periapt","EntropicBrew","Memoryfragments_purpleEX","Fruit Juice","EntropicBrew","Fruit Juice","ShroomBag","EntropicBrew","EntropicBrew","Toxic Egg 2","AdministrixMod:GoldenChickadee","rmod:diaomin+1","rmod:circuitoustactics+1","rmod:aviationdawn+1","rmod:robin+1","rmod:lonelyqueen+1","rmod:robin+1","rmod:wife+1","rmod:advancebysurprise+1","rmod:sl+1","Omamori","testmod-Alchemist","EntropicBrew","Ice Cream","rmod:maintain+1","DollysMirror","Finesse+1","Frozen Eye","Red Skull"],"campfire_rested":0,"item_purchase_floors":[0,0,0,0,0,0,0,0,0,0,0,0,0,0,0,0,0,0,0,0,0,0,0,0,0,0,0,0,0,0,0,0,0,0,0,0,0,0,0,0,0,0,0,0,0,0,0,0,0,0,0,0,0,0,0,0,0,0,0,0,0,0,0,0,0,0,0,0,0,0,0,0,0,0,0,0,0,0,0,0,0,0,0,0,0,0,0,0,0,0,0,0,0,0,0,0,53,53,53],"current_hp_per_floor":[286,214,217,217,156,127,127,104,105,94,98,119,122,123,123,141,398,416,416,416,416,427,440,453,453,454,461,477,477,477,496,496,507,507,530,532,566,578,614,614,637,637,638,639,658,679,681,707,707,737,737,737,739,758,815],"gold":352,"neow_bonus":"","is_daily":false,"chose_seed":false,"campfire_upgraded":3,"win_rate":0.0,"timestamp":1613486758,"path_taken":["M","?","?","$","?","E","R","E","T","E","$","E","COS","?","R","BOSS","M","?","?","$","M","E","E","R","T","?","$","?","R","M","R","BOSS","M","?","?","M","M","R","?","R","T","R","E","M","?","M","R","BOSS","R","$","E","BOSS"],"items_purchased_type":["Relic","Card","Card","Card","Card","Relic","Card","Card","Card","Card","Relic","Relic","Relic","Potion","Relic","Relic","Card","Relic","Potion","Card","Relic","Relic","Relic","Relic","Relic","Relic","Relic","Card","Relic","Potion","Card","Potion","Relic","Relic","Potion","Relic","Relic","Card","Relic","Relic","Potion","Relic","Relic","Potion","Relic","Potion","Relic","Relic","Relic","Relic","Relic","Relic","Potion","Card","Relic","Relic","Relic","Relic","Card","Card","Relic","Relic","Relic","Relic","Relic","Relic","Relic","Relic","Relic","Relic","Relic","Potion","Relic","Potion","Potion","Potion","Relic","Potion","Potion","Relic","Relic","Card","Card","Card","Card","Card","Card","Card","Card","Card","Relic","Relic","Potion","Relic","Card","Relic","Card","Relic","Relic"],"build_version":"2020-12-22","purchased_purges":29,"victory":true,"max_hp_per_floor":[286,304,307,307,307,325,325,341,342,362,366,381,384,385,385,397,398,416,416,416,416,427,440,453,453,454,461,477,477,477,496,496,507,507,530,532,566,578,614,614,637,637,638,639,658,679,681,707,707,737,737,737,739,758,815],"card_choices":[{"not_picked":["rmod:aviationdawn","rmod:fletcherpendant","rmod:supportescort"],"picked":"Singing Bowl","floor":0},{"not_picked":["rmod:fletcherpendant","rmod:gendarmerie","rmod:supportescort"],"picked":"Singing Bowl","floor":0},{"not_picked":["rmod:spoils","rmod:garrisonisland","rmod:capitalist"],"picked":"Singing Bowl","floor":0},{"not_picked":["rmod:aviationdawn","rmod:fuelsupply"],"picked":"rmod:ridicule","floor":0},{"not_picked":["rmod:supportescort","rmod:tearstotiara","rmod:wife"],"picked":"Singing Bowl","floor":0},{"not_picked":["YinYangSange:ReiMu","Crippling Poison+1","Unruled+1","AdministrixMod:CrackingPangu+1"],"picked":"Singing Bowl","floor":1},{"not_picked":["Spin+1","Gash+1","RedRainbow+1","Indignation+1"],"picked":"Singing Bowl","floor":1},{"not_picked":["Clash+1","Forethought+1","ShatteredReality+1","Hibiki_Attack3+1"],"picked":"Singing Bowl","floor":2},{"not_picked":["AdministrixMod:BegetEternity+1","MokouMod:RisingSunBarrier","testmod-ShutDown","BottledTime+1"],"picked":"Singing Bowl","floor":6},{"not_picked":["rmod:ammunitionsupply+1","rmod:lonelyqueen+1","ClowCardTheMaze+1","Umbrella_purple+1"],"picked":"Singing Bowl","floor":8},{"not_picked":["Forethought+1","SfantasyHide_purple+1","Koishi:UnconsciousUprising+1"],"picked":"EndlessAdversity+1","floor":10},{"not_picked":["Koishi:SubconsciousSweep+1","Starlight+1","rmod:punchline+1","EmergencyTakeOff:ReiMu+1"],"picked":"Singing Bowl","floor":12},{"not_picked":["HellCatastrophe+1","MokouMod:EnchantingBambooForest","testmod-CardIndex+1","Juggernaut"],"picked":"Singing Bowl","floor":16},{"not_picked":["Feel No Pain+1","DancingSilver+1","UpKicking:ReiMu+1","ClowCardTheLittle"],"picked":"Singing Bowl","floor":18},{"not_picked":["PiercingWail+1","Gouge+1","SubcavityInstant:ReiMu+1","TimeWarp+1"],"picked":"Singing Bowl","floor":18},{"not_picked":["testmod-WeaknessCounterattack+1","Robbery+1","BowlingBash+1","Desolation+1"],"picked":"Singing Bowl","floor":22},{"not_picked":["CharismaGuard","SafetyPray:ReiMu+1","Armaments+1","FormRidePegasus+1"],"picked":"Singing Bowl","floor":22},{"not_picked":["ClowCardTheFly+1","AdministrixMod:RegentEdict+1","Loop","SporeBomb+1"],"picked":"Singing Bowl","floor":23},{"not_picked":["WeekHit_purple+1","Realm_recovery_purpleEX+1","Dagger Throw+1","Evaluate+1"],"picked":"Singing Bowl","floor":24},{"not_picked":["SubAcupoint:ReiMu+1","Deflect+1","MokouMod:RoaringFlare+1","Heavy Blade+1"],"picked":"Singing Bowl","floor":31},{"not_picked":["testmod-CardIndex+1","Extrememeaning_purpleEX+1","Spin+1","AlertArray:ReiMu+1"],"picked":"Singing Bowl","floor":31},{"not_picked":["KillingDoll+1","PrayRite:ReiMu+1","ClowCardTheLight","Limit Break+1"],"picked":"Singing Bowl","floor":33},{"not_picked":["Desolation+1","DenO_Ax+1","Decade_Defend2+1","6A+1"],"picked":"Singing Bowl","floor":35},{"not_picked":["Koishi:MassHysteria+1","ScarletDevil+1","MokouMod:BlazingComet+1","PowerUp+1"],"picked":"Singing Bowl","floor":35},{"not_picked":["Discovery+1","testmod-SubstituteBySubterfuge+1","testmod-AutoReboundSystem","testmod-TemporaryDeletion"],"picked":"Singing Bowl","floor":36},{"not_picked":["Koishi:EmbryosDream+1","Meditation:ReiMu+1","MokouMod:FlickeringFlame+1"],"picked":"PrayRite:ReiMu+1","floor":37},{"not_picked":["ScarletDevilSign+1","Koishi:UnseenTerror+1","Alleviate+1","Orbit+1"],"picked":"Singing Bowl","floor":38},{"not_picked":["Cold Snap+1","AdministrixMod:XianArts+1","GrandCross+1","Thunderclap+1"],"picked":"Singing Bowl","floor":38},{"not_picked":["Photoelasticity_Doppler_Effect_purple+1","FoulBorder2:ReiMu","WasteNot+1","ClowCardTheDream+1"],"picked":"Singing Bowl","floor":39},{"not_picked":["AdministrixMod:ImmortalClarity","ClowCardTheVoice+1","BloodAndWine+1","WasteNot"],"picked":"Singing Bowl","floor":39},{"not_picked":["Conquer:ReiMu+1","MokouMod:BlazingComet+1","AdministrixMod:SealAway+1","testmod-WeaknessCounterattack+1"],"picked":"Singing Bowl","floor":41},{"not_picked":["Anger+1","Melter+1","Thunder Strike+1","ClowCardTheChange+1"],"picked":"Singing Bowl","floor":45},{"not_picked":["MokouMod:Stoke+1","MokouMod:CrimsonArmoury+1","DenO_Sword+1","UnarmedAttack7+1"],"picked":"Singing Bowl","floor":46},{"not_picked":["Unruled+1","Cold Snap+1","Heavy Blade+1","ClowCardTheRain+1"],"picked":"Singing Bowl","floor":46},{"not_picked":["rmod:wolves+1","Heel Hook+1","ReturningBlade+1","Intimidate+1"],"picked":"Singing Bowl","floor":48},{"not_picked":["UnarmedAttack5+1","OctopathBindingBorder2:ReiMu","Compile Driver+1","AdministrixMod:ShadowPlay+1"],"picked":"Singing Bowl","floor":48},{"not_picked":["AirManeuver:ReiMu+1","Turbo+1","rmod:unsinkable+1"],"picked":"Gensokyo:MorningMist+1","floor":54}],"player_experience":630218,"relics_obtained":[{"floor":2,"key":"Blood Vial"},{"floor":6,"key":"RomanBracelet"},{"floor":8,"key":"testmod-Antiphasic"},{"floor":9,"key":"Akabeko"},{"floor":9,"key":"Regal Pillow"},{"floor":10,"key":"testmod-Laevatain"},{"floor":12,"key":"Dream Catcher"},{"floor":14,"key":"testmod-OneHitWonder"},{"floor":23,"key":"BreadOfAWashokuLover"},{"floor":24,"key":"Turnip"},{"floor":26,"key":"Art of War"},{"floor":29,"key":"Paper Frog"},{"floor":40,"key":"CrazyTorch:ReiMu"},{"floor":41,"key":"CatCart"},{"floor":42,"key":"FadedRune:ReiMu"},{"floor":43,"key":"Ancient Tea Set"},{"floor":44,"key":"SkyOrb:ReiMu"},{"floor":45,"key":"Koishi:AHoleWhereASisterShouldBe"},{"floor":47,"key":"KSMOD_TeddyBear"},{"floor":54,"key":"Bag of Preparation"}],"event_choices":[{"damage_healed":0,"gold_gain":0,"player_choice":"Ignored","damage_taken":0,"max_hp_gain":0,"max_hp_loss":0,"event_name":"Ghosts","floor":19,"gold_loss":0},{"damage_healed":0,"gold_gain":0,"player_choice":"Swap Relic","damage_taken":0,"relics_obtained":["Lee\u0027s Waffle"],"max_hp_gain":0,"max_hp_loss":0,"event_name":"给自己的盒子","floor":27,"relics_lost":["Lee\u0027s Waffle"],"gold_loss":0},{"damage_healed":0,"gold_gain":0,"player_choice":"Memory 1","damage_taken":0,"max_hp_gain":0,"max_hp_loss":0,"event_name":"SensoryStone","floor":36,"gold_loss":0},{"damage_healed":0,"gold_gain":0,"player_choice":"Fight","damage_taken":0,"max_hp_gain":0,"max_hp_loss":0,"event_name":"OrinTheCat","floor":41,"gold_loss":0}],"is_beta":false,"boss_relics":[{"not_picked":["Pandora\u0027s Box","Mark of Pain"],"picked":"StoneMask"},{"not_picked":["testmod-StringDisintegrator","Empty Cage"],"picked":"SlaversCollar"}],"items_purged_floors":[0,0,0,0,0,0,0,0,0,0,0,0,0,0,0,0,0,0,0,0,0,0,0,0,0,0,11,28,53],"is_endless":false,"potions_floor_spawned":[1,2,6,8,10,12,16,18,22,23,24,31,33,35,37,38,39,41,45,46,48,54],"ascension_level":2}}