{"host":"7zq0fgva91iwgkd5","time":1613495893,"event":{"mods":["AchievementEnabler","BaseMod","Bestiary","Colored Map","Curses Come First","DeckTracker","Minty Spire (QoL Compilation)","Rare Cards Sparkle","StSLib","Unceasing Turn Reminder"],"gold_per_floor":[117,136,153,163,232,232,248,283,358,377,377,450,450,475,475,552,552,564,577,577,588,598,598,598,71,98,123,123,123,123,150,150,228,228,244,569,581,628,676,710,710,30,30,30,48,67,15,44,44,44],"floor_reached":51,"language":"ENG","playtime":2017,"items_purged":["Strike_R","Regret"],"score":1610,"play_id":"74b3fee6-5962-4af2-8bb6-1b3c59083a35","local_time":"20210216181813","is_ascension_mode":true,"campfire_choices":[{"data":"Pommel Strike","floor":6,"key":"SMITH"},{"data":"Cleave","floor":11,"key":"SMITH"},{"floor":13,"key":"REST"},{"floor":15,"key":"REST"},{"floor":23,"key":"REST"},{"floor":28,"key":"REST"},{"data":"Seeing Red","floor":30,"key":"SMITH"},{"floor":32,"key":"REST"},{"floor":41,"key":"REST"},{"data":"Shockwave","floor":44,"key":"SMITH"},{"data":"Flame Barrier","floor":49,"key":"SMITH"}],"circlet_count":0,"master_deck":["AscendersBane","Strike_R+1","Strike_R","Strike_R+1","Defend_R","Defend_R","Defend_R","Defend_R","Bash","Intimidate","Pommel Strike+1","Searing Blow","Shockwave+1","Anger","Cleave+1","Flex","Flame Barrier+1","Seeing Red+1","Bludgeon+1","Shrug It Off","Clothesline","Writhe","Havoc+1","Shrug It Off+1","Reaper","Ghostly Armor","Havoc","Carnage","Feel No Pain+1","Discovery","Normality","Infernal Blade+1"],"relics":["Burning Blood","Red Skull","Meat on the Bone","Frozen Egg 2","Ginger","Cursed Key","Enchiridion","Ice Cream","Vajra","Ancient Tea Set","Tiny Chest","Whetstone","Busted Crown","Old Coin","Dead Branch","Dream Catcher","Orichalcum","Pen Nib","Centennial Puzzle","Toolbox","Mercury Hourglass","Thread and Needle"],"acts_visited":["Exordium","TheCity","TheBeyond"],"potions_floor_usage":[8,14,16,22,33,33,47,50,50],"damage_taken":[{"damage":5,"enemies":"2 Louse","floor":1,"turns":4},{"damage":1,"enemies":"Jaw Worm","floor":2,"turns":4},{"damage":6,"enemies":"Cultist","floor":3,"turns":3},{"damage":13,"enemies":"Exordium Wildlife","floor":4,"turns":4},{"damage":11,"enemies":"Red Slaver","floor":7,"turns":3},{"damage":25,"enemies":"Lagavulin","floor":8,"turns":5},{"damage":11,"enemies":"2 Fungi Beasts","floor":10,"turns":3},{"damage":25,"enemies":"3 Sentries","floor":14,"turns":4},{"damage":39,"enemies":"Slime Boss","floor":16,"turns":13},{"damage":27,"enemies":"2 Thieves","floor":18,"turns":3},{"damage":14,"enemies":"3 Byrds","floor":19,"turns":4},{"damage":21,"enemies":"Snake Plant","floor":21,"turns":5},{"damage":10,"enemies":"3 Cultists","floor":22,"turns":4},{"damage":35,"enemies":"Book of Stabbing","floor":27,"turns":5},{"damage":30,"enemies":"Slavers","floor":31,"turns":4},{"damage":57,"enemies":"Collector","floor":33,"turns":8},{"damage":20,"enemies":"3 Darklings","floor":35,"turns":5},{"damage":12,"enemies":"Mind Bloom Boss Battle","floor":36,"turns":8},{"damage":9,"enemies":"Orb Walker","floor":37,"turns":3},{"damage":48,"enemies":"2 Orb Walkers","floor":38,"turns":5},{"damage":27,"enemies":"Nemesis","floor":40,"turns":5},{"damage":31,"enemies":"Transient","floor":45,"turns":5},{"damage":31,"enemies":"Writhing Mass","floor":46,"turns":4},{"damage":3,"enemies":"Reptomancer","floor":48,"turns":4},{"damage":12,"enemies":"Awakened One","floor":50,"turns":14}],"seed_played":"-7622195695942463885","potions_obtained":[{"floor":3,"key":"Explosive Potion"},{"floor":4,"key":"DuplicationPotion"},{"floor":8,"key":"ElixirPotion"},{"floor":14,"key":"SkillPotion"},{"floor":18,"key":"Swift Potion"},{"floor":19,"key":"Ancient Potion"},{"floor":31,"key":"BlessingOfTheForge"},{"floor":40,"key":"Ancient Potion"},{"floor":45,"key":"EssenceOfSteel"},{"floor":48,"key":"Ancient Potion"}],"is_trial":false,"path_per_floor":["M","M","M","M","?","R","M","E","T","M","R","T","R","E","R","B",null,"M","M","?","M","M","R","?","$","T","E","R","?","R","E","R","B",null,"M","?","M","?","T","E","R","$","T","R","M","M","$","E","R","B",null],"character_chosen":"IRONCLAD","items_purchased":["Ice Cream","Vajra","Pen Nib","Centennial Puzzle","Toolbox","Feel No Pain+1","Discovery","BloodPotion"],"campfire_rested":6,"item_purchase_floors":[25,25,42,42,42,42,42,47],"current_hp_per_floor":[69,74,74,67,67,67,62,43,43,50,50,50,72,53,75,54,70,49,53,53,50,46,68,52,52,52,35,57,75,75,51,73,34,65,56,55,59,43,43,46,68,68,68,68,53,42,57,75,75,74],"gold":44,"neow_bonus":"TRANSFORM_CARD","is_daily":false,"chose_seed":false,"campfire_upgraded":5,"win_rate":0.0,"timestamp":1613495893,"path_taken":["M","M","M","M","?","R","M","E","T","M","R","?","R","E","R","BOSS","M","?","?","M","?","R","?","$","T","E","R","?","R","E","R","BOSS","M","?","M","?","?","E","R","$","T","R","M","M","$","E","R","BOSS"],"items_purchased_type":["Relic","Relic","Relic","Relic","Relic","Card","Card","Potion"],"build_version":"2020-12-22","purchased_purges":2,"victory":true,"max_hp_per_floor":[75,75,75,75,75,75,75,75,75,75,75,75,75,75,75,75,75,75,75,75,75,75,75,75,75,75,75,75,75,75,75,75,75,75,75,75,75,75,75,75,75,75,75,75,75,75,75,75,75,75],"card_choices":[{"not_picked":["Seeing Red","Wild Strike"],"picked":"Pommel Strike","floor":1},{"not_picked":["Fire Breathing","Bloodletting"],"picked":"Searing Blow","floor":2},{"not_picked":["Battle Trance","Havoc"],"picked":"Shockwave","floor":3},{"not_picked":["Flex","Sever Soul"],"picked":"Anger","floor":4},{"not_picked":["Wild Strike","Thunderclap"],"picked":"Cleave","floor":7},{"not_picked":["Offering","Havoc"],"picked":"Flex","floor":8},{"not_picked":["Pommel Strike","Perfected Strike"],"picked":"Flame Barrier","floor":10},{"not_picked":["Iron Wave","True Grit"],"picked":"Seeing Red","floor":14},{"not_picked":["Barricade+1","Offering"],"picked":"Bludgeon","floor":16},{"not_picked":["Clash","Iron Wave"],"picked":"Shrug It Off","floor":18},{"not_picked":["Sentinel+1","Iron Wave","Havoc"],"picked":"SKIP","floor":19},{"not_picked":["Pummel","Headbutt"],"picked":"Clothesline","floor":21},{"not_picked":["Battle Trance","Rampage","Burning Pact"],"picked":"SKIP","floor":22},{"not_picked":["Berserk+1","Body Slam"],"picked":"Havoc+1","floor":27},{"not_picked":["Dark Embrace+1","Ghostly Armor"],"picked":"Shrug It Off+1","floor":31},{"not_picked":["Double Tap","Barricade+1"],"picked":"Reaper","floor":33},{"not_picked":["Heavy Blade"],"picked":"SKIP","floor":35},{"not_picked":[],"picked":"Ghostly Armor","floor":37},{"not_picked":[],"picked":"Havoc","floor":40},{"not_picked":[],"picked":"Carnage","floor":41},{"not_picked":["Perfected Strike"],"picked":"SKIP","floor":45},{"not_picked":["Dropkick+1"],"picked":"SKIP","floor":46},{"not_picked":[],"picked":"Infernal Blade+1","floor":48}],"player_experience":164471,"relics_obtained":[{"floor":8,"key":"Red Skull"},{"floor":9,"key":"Meat on the Bone"},{"floor":12,"key":"Frozen Egg 2"},{"floor":14,"key":"Ginger"},{"floor":24,"key":"Enchiridion"},{"floor":26,"key":"Ancient Tea Set"},{"floor":27,"key":"Tiny Chest"},{"floor":31,"key":"Whetstone"},{"floor":36,"key":"Old Coin"},{"floor":38,"key":"Dead Branch"},{"floor":39,"key":"Dream Catcher"},{"floor":40,"key":"Orichalcum"},{"floor":43,"key":"Mercury Hourglass"},{"floor":48,"key":"Thread and Needle"}],"event_choices":[{"damage_healed":0,"gold_gain":69,"player_choice":"Gained Gold","damage_taken":0,"max_hp_gain":0,"max_hp_loss":0,"event_name":"Golden Wing","floor":5,"gold_loss":0},{"damage_healed":0,"gold_gain":0,"player_choice":"Forge","damage_taken":0,"max_hp_gain":0,"max_hp_loss":0,"event_name":"Accursed Blacksmith","floor":20,"gold_loss":0,"cards_upgraded":["Bludgeon"]},{"damage_healed":0,"gold_gain":0,"player_choice":"Obtained Book","damage_taken":16,"max_hp_gain":0,"max_hp_loss":0,"event_name":"Cursed Tome","floor":24,"gold_loss":0},{"damage_healed":25,"gold_gain":0,"player_choice":"Heal","damage_taken":0,"max_hp_gain":0,"max_hp_loss":0,"event_name":"The Library","floor":29,"gold_loss":0},{"damage_healed":0,"gold_gain":0,"player_choice":"Fight","damage_taken":0,"max_hp_gain":0,"max_hp_loss":0,"event_name":"MindBloom","floor":36,"gold_loss":0},{"damage_healed":0,"gold_gain":0,"player_choice":"Fight","damage_taken":0,"max_hp_gain":0,"max_hp_loss":0,"event_name":"Mysterious Sphere","floor":38,"gold_loss":0}],"is_beta":false,"boss_relics":[{"not_picked":["Tiny House","Black Blood"],"picked":"Cursed Key"},{"not_picked":["Calling Bell","Astrolabe"],"picked":"Busted Crown"}],"items_purged_floors":[25,42],"is_endless":false,"potions_floor_spawned":[3,4,7,8,14,18,19,31,40,45,46,48],"ascension_level":14}}