{"host":"8rqsnaeml9gxb0kp","time":1613443734,"event":{"mods":["AchievementEnabler","BaseMod","Colored Powertips","Dark Map","Minty Spire (QoL Compilation)","Rare Cards Sparkle","Relic Stats","StSLib","slay the spire mod where everything is the same but ironclad has a cowboy hat"],"gold_per_floor":[109,127,147,160,176,176,208,218,298,324,324,351,362,373,373,472,472,491,491,79,79,90,90,103,131,131,131,164,22,4,14,14,113,113,124,174,114,114,114,114,464,464,513,181,215,228,228,10,10,10],"floor_reached":51,"language":"ENG","playtime":4196,"items_purged":["Shame","Well Laid Plans","Noxious Fumes"],"score":1085,"play_id":"ba4bb351-36e7-42db-afad-39726b64d7f3","local_time":"20210215184854","is_ascension_mode":true,"campfire_choices":[{"data":"Backstab","floor":6.0,"key":"SMITH"},{"floor":11.0,"key":"REST"},{"floor":15.0,"key":"REST"},{"data":"Glass Knife","floor":23.0,"key":"SMITH"},{"data":"Die Die Die","floor":27.0,"key":"SMITH"},{"floor":32.0,"key":"REST"},{"floor":40.0,"key":"REST"},{"data":"Wraith Form v2","floor":42.0,"key":"SMITH"},{"data":"Calculated Gamble","floor":47.0,"key":"SMITH"},{"data":"A Thousand Cuts","floor":49,"key":"SMITH"}],"circlet_count":0,"master_deck":["Survivor","Neutralize","Poisoned Stab","Backstab+1","Dagger Spray","Concentrate","After Image","Blade Dance","Backflip","Reflex","Outmaneuver","A Thousand Cuts+1","Leg Sweep","Unload","Dagger Throw","Eviscerate","Burst","Glass Knife+1","Dagger Spray+1","Die Die Die+1","PiercingWail","Concentrate+1","PiercingWail","Corpse Explosion","Choke","Leg Sweep","Acrobatics","Concentrate+1","Wraith Form v2+1","Concentrate","Flying Knee","Unload","Tactician+1","Calculated Gamble+1","Cloak And Dagger","Deflect","Cloak And Dagger","Leg Sweep","Acrobatics+1","Finisher+1"],"relics":["Runic Pyramid","Tiny Chest","Ninja Scroll","Boot","Pantograph","Pandora\u0027s Box","The Specimen","Juzu Bracelet","Happy Flower","Orichalcum","The Courier","White Beast Statue","WristBlade","Torii","Ancient Tea Set","Old Coin","Blood Vial","MealTicket","Oddly Smooth Stone","Bronze Scales"],"acts_visited":["Exordium","TheCity","TheBeyond"],"potions_floor_usage":[50,50],"damage_taken":[{"damage":4.0,"enemies":"Cultist","floor":1.0,"turns":4.0},{"damage":7.0,"enemies":"Jaw Worm","floor":2.0,"turns":4.0},{"damage":4.0,"enemies":"Small Slimes","floor":3.0,"turns":2.0},{"damage":5.0,"enemies":"3 Louse","floor":4.0,"turns":2.0},{"damage":5.0,"enemies":"Exordium Thugs","floor":5.0,"turns":5.0},{"damage":22.0,"enemies":"Lagavulin","floor":7.0,"turns":5.0},{"damage":9.0,"enemies":"Large Slime","floor":8.0,"turns":6.0},{"damage":0.0,"enemies":"Gremlin Nob","floor":12.0,"turns":2.0},{"damage":0.0,"enemies":"Looter","floor":13.0,"turns":1.0},{"damage":0.0,"enemies":"Gremlin Gang","floor":14.0,"turns":4.0},{"damage":5.0,"enemies":"The Guardian","floor":16.0,"turns":11.0},{"damage":12.0,"enemies":"Chosen","floor":18.0,"turns":3.0},{"damage":0.0,"enemies":"3 Byrds","floor":22.0,"turns":3.0},{"damage":5.0,"enemies":"3 Cultists","floor":24.0,"turns":4.0},{"damage":27.0,"enemies":"Book of Stabbing","floor":25.0,"turns":7.0},{"damage":0.0,"enemies":"Gremlin Leader","floor":28.0,"turns":5.0},{"damage":9.0,"enemies":"Centurion and Healer","floor":31.0,"turns":5.0},{"damage":37.0,"enemies":"Automaton","floor":33.0,"turns":8.0},{"damage":4.0,"enemies":"3 Darklings","floor":35.0,"turns":3.0},{"damage":19.0,"enemies":"2 Orb Walkers","floor":36.0,"turns":2.0},{"damage":2.0,"enemies":"Mind Bloom Boss Battle","floor":41.0,"turns":4.0},{"damage":9.0,"enemies":"Reptomancer","floor":45.0,"turns":8.0},{"damage":0.0,"enemies":"Orb Walker","floor":46.0,"turns":3.0},{"damage":28,"enemies":"Awakened One","floor":50,"turns":13}],"seed_played":"-876842249045989965","potions_obtained":[{"floor":1.0,"key":"PowerPotion"},{"floor":3.0,"key":"Strength Potion"},{"floor":4.0,"key":"Strength Potion"},{"floor":7.0,"key":"FairyPotion"},{"floor":14.0,"key":"Poison Potion"},{"floor":18.0,"key":"Regen Potion"},{"floor":22.0,"key":"Ancient Potion"},{"floor":25.0,"key":"LiquidMemories"},{"floor":31.0,"key":"SteroidPotion"},{"floor":33.0,"key":"Fruit Juice"},{"floor":35.0,"key":"Poison Potion"},{"floor":36.0,"key":"Energy Potion"},{"floor":41.0,"key":"CultistPotion"},{"floor":45.0,"key":"Block Potion"}],"is_trial":false,"path_per_floor":["M","M","M","M","M","R","E","M","T","T","R","E","M","M","R","B",null,"M","?","$","T","M","R","M","E","T","R","E","$","$","M","R","B",null,"M","?","?","T","?","R","?","R","T","$","E","M","R","$","R","B",null],"character_chosen":"THE_SILENT","items_purchased":["Die Die Die","Juzu Bracelet","PiercingWail","Leg Sweep","Acrobatics","Calculated Gamble","Cloak And Dagger","Deflect","Cloak And Dagger","Leg Sweep","MealTicket","Bronze Scales"],"campfire_rested":4,"item_purchase_floors":[20,20,20,29,30,44,44,44,44,44,44,48],"current_hp_per_floor":[59,52,48,43,38,38,16,7,7,7,28,28,28,28,49,65,69,57,57,57,57,57,57,52,40,40,40,40,40,40,31,52,33,61,62,43,43,43,43,64,69,69,69,69,62,64,64,71,71,43],"gold":10,"neow_bonus":"BOSS_RELIC","is_daily":false,"chose_seed":false,"campfire_upgraded":6,"win_rate":0.0,"timestamp":1613443734,"path_taken":["M","M","M","M","M","R","E","?","T","?","R","E","M","M","R","BOSS","M","?","$","?","M","R","M","E","T","R","E","?","$","M","R","BOSS","M","?","?","?","?","R","?","R","T","$","E","M","R","$","R","BOSS"],"items_purchased_type":["Card","Relic","Card","Card","Card","Card","Card","Card","Card","Card","Relic","Relic"],"build_version":"2020-12-22","purchased_purges":3,"victory":true,"max_hp_per_floor":[70,70,70,70,70,70,70,70,70,70,70,70,70,70,70,70,70,70,70,70,70,70,70,70,70,70,70,70,70,70,70,70,70,70,75,75,75,75,71,71,71,71,71,71,71,71,71,71,71,71],"relic_stats":{"Happy Flower":[21],"Torii":10,"counters":[24,114],"Juzu Bracelet":1,"Orichalcum":[36],"Boot":[126],"Blood Vial":4,"Pantograph":46,"Bronze Scales":[57],"Tiny Chest":2,"Pandora\u0027s Box":["Leg Sweep","Unload","Dagger Throw","Eviscerate","Burst","Well Laid Plans","Glass Knife","Underhanded Strike","Infinite Blades","Noxious Fumes"],"MealTicket":7,"obtain_stats":[{"The Specimen":19,"Happy Flower":21,"Torii":36,"Oddly Smooth Stone":45,"The Courier":26,"Juzu Bracelet":20,"Orichalcum":25,"Boot":10,"Ancient Tea Set":38,"White Beast Statue":28,"Old Coin":41,"Blood Vial":43,"WristBlade":34,"Ninja Scroll":9,"Pantograph":12,"Bronze Scales":48,"Tiny Chest":7,"Pandora\u0027s Box":17,"MealTicket":44,"Ring of the Snake":0,"Runic Pyramid":0},{"The Specimen":12,"Happy Flower":12,"Torii":20,"Oddly Smooth Stone":22,"The Courier":15,"Juzu Bracelet":12,"Orichalcum":15,"Boot":7,"Ancient Tea Set":20,"White Beast Statue":16,"Old Coin":21,"Blood Vial":21,"WristBlade":18,"Ninja Scroll":7,"Pantograph":8,"Bronze Scales":23,"Tiny Chest":6,"Pandora\u0027s Box":11,"MealTicket":21,"Ring of the Snake":0,"Runic Pyramid":0},{"The Specimen":49,"Happy Flower":49,"Torii":86,"Oddly Smooth Stone":98,"The Courier":63,"Juzu Bracelet":49,"Orichalcum":63,"Boot":28,"Ancient Tea Set":86,"White Beast Statue":68,"Old Coin":90,"Blood Vial":90,"WristBlade":81,"Ninja Scroll":28,"Pantograph":30,"Bronze Scales":101,"Tiny Chest":22,"Pandora\u0027s Box":46,"MealTicket":90,"Ring of the Snake":0,"Runic Pyramid":0}]},"card_choices":[{"not_picked":["Distraction","Deflect"],"picked":"Poisoned Stab","floor":1.0},{"not_picked":["Slice","Deflect"],"picked":"Backstab","floor":2.0},{"not_picked":["Slice","Quick Slash"],"picked":"Dagger Spray","floor":3.0},{"not_picked":["Deadly Poison","Deflect"],"picked":"Concentrate","floor":4.0},{"not_picked":["Dagger Spray","Flechettes","Backstab"],"picked":"SKIP","floor":5.0},{"not_picked":["Finisher","Outmaneuver"],"picked":"After Image","floor":7.0},{"not_picked":["Underhanded Strike","Poisoned Stab"],"picked":"Blade Dance","floor":8.0},{"not_picked":["Deadly Poison","Bouncing Flask"],"picked":"Backflip","floor":12.0},{"not_picked":["Flying Knee","Prepared"],"picked":"Reflex","floor":13.0},{"not_picked":["Terror","Reflex"],"picked":"Outmaneuver","floor":14.0},{"not_picked":["Corpse Explosion","Doppelganger"],"picked":"A Thousand Cuts","floor":16.0},{"not_picked":["Dodge and Roll","Predator+1"],"picked":"Dagger Spray+1","floor":18.0},{"not_picked":["Underhanded Strike","Expertise"],"picked":"Concentrate+1","floor":22.0},{"not_picked":["Predator","Underhanded Strike"],"picked":"PiercingWail","floor":24.0},{"not_picked":["Escape Plan","Distraction"],"picked":"Corpse Explosion","floor":25.0},{"not_picked":["Outmaneuver","Quick Slash"],"picked":"Choke","floor":28.0},{"not_picked":["Slice","Calculated Gamble"],"picked":"Concentrate+1","floor":31.0},{"not_picked":["Corpse Explosion","Glass Knife"],"picked":"Wraith Form v2","floor":33.0},{"not_picked":["Finisher","Expertise"],"picked":"Concentrate","floor":35.0},{"not_picked":["Terror+1","Escape Plan+1"],"picked":"Tactician+1","floor":41.0},{"not_picked":["Prepared","Dagger Throw+1"],"picked":"Acrobatics+1","floor":45.0},{"not_picked":["Dagger Throw","All Out Attack+1"],"picked":"Finisher+1","floor":46.0}],"player_experience":251144,"relics_obtained":[{"floor":7.0,"key":"Tiny Chest"},{"floor":9.0,"key":"Ninja Scroll"},{"floor":10.0,"key":"Boot"},{"floor":12.0,"key":"Pantograph"},{"floor":21.0,"key":"Happy Flower"},{"floor":25.0,"key":"Orichalcum"},{"floor":26.0,"key":"The Courier"},{"floor":28.0,"key":"White Beast Statue"},{"floor":36.0,"key":"Torii"},{"floor":38.0,"key":"Ancient Tea Set"},{"floor":41.0,"key":"Old Coin"},{"floor":43.0,"key":"Blood Vial"},{"floor":45.0,"key":"Oddly Smooth Stone"}],"event_choices":[{"damage_healed":0.0,"max_hp_gain":0.0,"max_hp_loss":0.0,"gold_gain":0.0,"event_name":"Addict","player_choice":"Stole Relic","floor":19.0,"gold_loss":0.0,"damage_taken":0.0,"relics_obtained":["The Specimen"],"cards_obtained":["Shame"]},{"damage_healed":0.0,"max_hp_gain":0.0,"max_hp_loss":0.0,"gold_gain":0.0,"event_name":"Mysterious Sphere","player_choice":"Fight","floor":36.0,"gold_loss":0.0,"damage_taken":0.0},{"damage_healed":0.0,"max_hp_gain":0.0,"max_hp_loss":0.0,"gold_gain":0.0,"cards_transformed":["Infinite Blades","Underhanded Strike"],"event_name":"Designer","player_choice":"Transformed Cards","floor":37.0,"gold_loss":60.0,"damage_taken":0.0,"cards_obtained":["Flying Knee","Unload"]},{"damage_healed":0.0,"max_hp_gain":0.0,"max_hp_loss":4.0,"gold_gain":0.0,"event_name":"Winding Halls","player_choice":"Max HP","floor":39.0,"gold_loss":0.0,"damage_taken":0.0},{"damage_healed":0.0,"max_hp_gain":0.0,"max_hp_loss":0.0,"gold_gain":0.0,"event_name":"MindBloom","player_choice":"Fight","floor":41.0,"gold_loss":0.0,"damage_taken":0.0}],"is_beta":false,"boss_relics":[{"not_picked":["Fusion Hammer","Runic Dome"],"picked":"Pandora\u0027s Box"},{"not_picked":["Philosopher\u0027s Stone","Coffee Dripper"],"picked":"WristBlade"}],"items_purged_floors":[20,29,48],"is_endless":false,"potions_floor_spawned":[1,3,4,7,14,18,22,25,31,33,35,36,41,45,46],"ascension_level":7}}