{"host":"swphzoo6hmc78epl","time":1613445595,"event":{"mods":["BaseMod","Highlight Path","Minty Spire (QoL Compilation)","Quick Restart"],"gold_per_floor":[111,121,196,213,227,227,227,99,123,143,143,157,22,197,197,301,301,319,319,330,330,344,378,378,378],"floor_reached":24,"language":"ENG","playtime":942,"items_purged":["Strike_B","Writhe"],"score":297,"play_id":"c17dc31e-de9d-492d-80fb-d0d6986af180","local_time":"20210215221955","is_ascension_mode":true,"campfire_choices":[{"data":"Sunder","floor":6,"key":"SMITH"},{"data":"Chaos","floor":11,"key":"SMITH"},{"data":"FTL","floor":15,"key":"SMITH"}],"circlet_count":0,"master_deck":["Strike_B","Strike_B","Defend_B","Defend_B","Defend_B","Defend_B","Zap","Dualcast","Cold Snap","Chaos+1","Compile Driver","Sunder+1","Sweeping Beam","Ball Lightning","FTL+1","Doubt","Echo Form","White Noise","Swift Strike","Fusion+1","Melter+1","Capacitor"],"relics":["Cursed Key","Pen Nib","Nuclear Battery","CeramicFish"],"acts_visited":["Exordium","TheCity"],"potions_floor_usage":[18,20],"damage_taken":[{"damage":3,"enemies":"Small Slimes","floor":1,"turns":3},{"damage":0,"enemies":"Jaw Worm","floor":2,"turns":3},{"damage":0,"enemies":"Cultist","floor":4,"turns":3},{"damage":12,"enemies":"Exordium Wildlife","floor":5,"turns":6},{"damage":7,"enemies":"Red Slaver","floor":10,"turns":4},{"damage":3,"enemies":"3 Louse","floor":12,"turns":2},{"damage":0,"enemies":"Slime Boss","floor":16,"turns":6},{"damage":0,"enemies":"3 Byrds","floor":18,"turns":4},{"damage":0,"enemies":"Chosen","floor":20,"turns":2},{"damage":30,"enemies":"Centurion and Healer","floor":22,"turns":6},{"damage":66,"enemies":"Slavers","floor":23,"turns":5},{"damage":7,"enemies":"Cultist and Chosen","floor":24,"turns":1}],"seed_played":"-8225244554730355678","potions_obtained":[{"floor":1,"key":"FairyPotion"},{"floor":4,"key":"SteroidPotion"},{"floor":10,"key":"Block Potion"},{"floor":16,"key":"Fire Potion"},{"floor":23,"key":"FearPotion"}],"is_trial":false,"path_per_floor":["M","M","?","M","M","R","?","$","T","M","R","M","$","?","R","B",null,"M","?","M","?","M","E","M"],"character_chosen":"DEFECT","items_purchased":["Sweeping Beam","FTL"],"campfire_rested":0,"item_purchase_floors":[8,13],"current_hp_per_floor":[72,72,61,61,49,49,49,49,49,42,42,39,39,39,39,39,75,75,75,75,75,45,4,0,0],"gold":378,"neow_bonus":"BOSS_RELIC","is_daily":false,"chose_seed":false,"campfire_upgraded":3,"win_rate":0.0,"timestamp":1613445595,"path_taken":["M","M","?","M","M","R","?","$","T","M","R","?","$","?","R","BOSS","M","?","?","?","M","E","M"],"items_purchased_type":["Card","Card"],"build_version":"2020-12-22","purchased_purges":2,"victory":false,"max_hp_per_floor":[75,75,75,75,75,75,75,75,75,75,75,75,75,75,75,75,75,75,75,75,75,75,75,75,75],"card_choices":[{"not_picked":["Static Discharge","Steam Power"],"picked":"Cold Snap","floor":1},{"not_picked":["BootSequence","Hologram"],"picked":"Chaos","floor":2},{"not_picked":["Conserve Battery","Steam"],"picked":"Compile Driver","floor":4},{"not_picked":["Coolheaded","Gash"],"picked":"Sunder","floor":5},{"not_picked":["Beam Cell","Rebound"],"picked":"Ball Lightning","floor":10},{"not_picked":["Gash","Ball Lightning","Auto Shields"],"picked":"SKIP","floor":12},{"not_picked":["Fission","Biased Cognition"],"picked":"Echo Form","floor":16},{"not_picked":["Conserve Battery","Coolheaded"],"picked":"White Noise","floor":18},{"not_picked":["Heatsinks","Turbo"],"picked":"Fusion+1","floor":20},{"not_picked":["Static Discharge","Coolheaded"],"picked":"Melter+1","floor":22},{"not_picked":["Stack","Barrage"],"picked":"Capacitor","floor":23}],"player_experience":879934,"relics_obtained":[{"floor":9,"key":"Pen Nib"},{"floor":23,"key":"CeramicFish"}],"event_choices":[{"damage_healed":0,"gold_gain":75,"player_choice":"Gather Gold","damage_taken":11,"max_hp_gain":0,"max_hp_loss":0,"event_name":"World of Goop","floor":3,"gold_loss":0},{"cards_removed":["Strike_B"],"damage_healed":0,"gold_gain":0,"player_choice":"Forget","damage_taken":0,"max_hp_gain":0,"max_hp_loss":0,"event_name":"Living Wall","floor":7,"gold_loss":0},{"damage_healed":0,"gold_gain":175,"player_choice":"AGREE","damage_taken":0,"max_hp_gain":0,"max_hp_loss":0,"event_name":"Liars Game","floor":14,"gold_loss":0,"cards_obtained":["Doubt"]},{"damage_healed":0,"gold_gain":0,"player_choice":"1 cards matched","damage_taken":0,"max_hp_gain":0,"max_hp_loss":0,"event_name":"Match and Keep!","floor":19,"gold_loss":0,"cards_obtained":["Swift Strike"]},{"damage_healed":0,"gold_gain":0,"player_choice":"Ignored","damage_taken":0,"max_hp_gain":0,"max_hp_loss":0,"event_name":"N\u0027loth","floor":21,"gold_loss":0}],"is_beta":false,"boss_relics":[{"not_picked":["Black Star","Runic Dome"],"picked":"Nuclear Battery"}],"items_purged_floors":[8,13],"is_endless":false,"potions_floor_spawned":[1,4,10,16,23],"killed_by":"Cultist and Chosen","ascension_level":3}}