{"host":"vdohis8gfezcjpr9","time":1613500365,"event":{"mods":["2.2 Compatiblity","Abigail Mod","Act Like it!","BaseMod","BetterRewards","Colored Powertips","Custom Start","Friendly Minions","Gensokyo","Kiyohime£¨?ýï£©","Koishi","Marisa£¨Ùöéë¡¡Øª×âÞÞ£©","Minty Spire (QoL Compilation)","Permanent Neow","Prisma Mod","Rare Cards Sparkle","Reimu£¨ÚÏ???£©","Shop Mod","StSLib","Swap Starting Deck Mod","The Animator"],"gold_per_floor":[118,118,118,118,131,131,131,149,176,187,219,299,299,315,315,412,412,427,427,62,81,81,116,116,131,131,147,147,0,0,12,12,112,162,174,174,192,192,205,205,205,205,205],"floor_reached":42,"language":"KOR","playtime":2826,"items_purged":[],"score":466,"play_id":"d3001286-e3e1-457d-8061-04512893a4cf","local_time":"20210217033245","is_ascension_mode":false,"campfire_choices":[{"floor":6.0,"key":"RECALL"},{"floor":13.0,"key":"REST"},{"floor":15.0,"key":"REST"},{"floor":24.0,"key":"REST"},{"floor":28.0,"key":"REST"},{"floor":32.0,"key":"REST"}],"circlet_count":0,"master_deck":["TightArray:ReiMu","Meditation:ReiMu","Meditation:ReiMu","SpreadBorder2:ReiMu","CareerPray:ReiMu+1","Amulet:ReiMu+1","SpringWay:ReiMu","CareerPray:ReiMu+1","SpreadBorder2:ReiMu","Meditation:ReiMu","Determination:ReiMu","YinYangSange:ReiMu","Amulet:ReiMu","Gathering:ReiMu","YinYang:ReiMu","OrbThrow:ReiMu+1","RainPray2:ReiMu","Authority:ReiMu","BlastKick2:ReiMu","CareerPray:ReiMu+1","AirManeuver:ReiMu+1","SafetyPray:ReiMu","Gensokyo:LittleGreenMen","EmergencyTakeOff:ReiMu","CleanRite:ReiMu","SafetyPray:ReiMu+1","SpiritualOutbreak2:ReiMu+1","SubcavityFantasy:ReiMu","SubAcupoint:ReiMu","InherentArray:ReiMu+1","Gensokyo:PrivateSquare","Pride"],"relics":["FlyPower:ReiMu","Pear","Blood Vial","White Beast Statue","Fusion Hammer","PreservedInsect","Gensokyo:MosesMiracle","Lantern","Bottled Lightning","Tiny House","Gensokyo:TheCrow","Orichalcum"],"acts_visited":["Gensokyo:Gensokyo","Gensokyo:Gensokyoer","Gensokyo:Gensokyoest"],"potions_floor_usage":[37],"damage_taken":[{"damage":0.0,"enemies":"Gensokyo:3_Fairies","floor":1.0,"turns":4.0},{"damage":3.0,"enemies":"Gensokyo:Python","floor":5.0,"turns":4.0},{"damage":0.0,"enemies":"Gensokyo:Gryphon","floor":8.0,"turns":2.0},{"damage":0.0,"enemies":"Gensokyo:2_Rabbits","floor":10.0,"turns":4.0},{"damage":1.0,"enemies":"Gensokyo:Aya","floor":11.0,"turns":3.0},{"damage":2.0,"enemies":"Gensokyo:CorruptedTreant","floor":14.0,"turns":3.0},{"damage":10.0,"enemies":"Gensokyo:Yukari","floor":16.0,"turns":9.0},{"damage":6.0,"enemies":"Gensokyo:Chomper","floor":18.0,"turns":6.0},{"damage":22.0,"enemies":"Gensokyo:CosmicMonolith","floor":21.0,"turns":6.0},{"damage":0.0,"enemies":"Gensokyo:Reisen","floor":23.0,"turns":3.0},{"damage":21.0,"enemies":"Gensokyo:Wraith","floor":25.0,"turns":5.0},{"damage":21.0,"enemies":"Gensokyo:3_Gloops","floor":27.0,"turns":5.0},{"damage":4.0,"enemies":"Gensokyo:Swordslinger","floor":31.0,"turns":5.0},{"damage":5.0,"enemies":"Gensokyo:Kaguya","floor":33.0,"turns":14.0},{"damage":7.0,"enemies":"Gensokyo:3_Bats","floor":35.0,"turns":4.0},{"damage":12,"enemies":"Gensokyo:AncientGuardian","floor":37,"turns":7},{"damage":23,"enemies":"Gensokyo:SeedOfUnknown","floor":39,"turns":5},{"damage":2,"enemies":"Gensokyo:Dusk_and_Dawn","floor":42,"turns":4}],"seed_played":"5960303511120995539","potions_obtained":[{"floor":1.0,"key":"DuplicationPotion"},{"floor":11.0,"key":"LiquidFlight:ReiMu"},{"floor":14.0,"key":"Fire Potion"},{"floor":16.0,"key":"ColorlessPotion"},{"floor":18.0,"key":"FearPotion"},{"floor":21.0,"key":"DuplicationPotion"},{"floor":23.0,"key":"Strength Potion"},{"floor":25.0,"key":"DuplicationPotion"},{"floor":27.0,"key":"Swift Potion"},{"floor":31.0,"key":"Explosive Potion"},{"floor":33.0,"key":"PowerPotion"},{"floor":34.0,"key":"SpeedPotion"},{"floor":35.0,"key":"BlessingOfTheForge"},{"floor":37,"key":"DuplicationPotion"},{"floor":39,"key":"LiquidFlight:ReiMu"}],"is_trial":false,"path_per_floor":["M","?","?","$","M","R","$","M","T","M","E","?","R","M","R","B",null,"M","?","$","M","?","E","R","M","T","M","R","?","?","M","R","B",null,"M","?","M","?","M","?","?","M"],"character_chosen":"REIMU","items_purchased":["Authority:ReiMu","BlastKick2:ReiMu","PreservedInsect"],"campfire_rested":5,"item_purchase_floors":[20,20,20],"current_hp_per_floor":[33,33,28,28,25,25,25,25,25,27,28,28,50,50,72,64,75,69,69,69,49,49,51,73,54,54,35,57,57,57,55,68,63,73,66,66,56,56,35,35,35,35,35],"gold":205,"neow_bonus":"","is_daily":false,"chose_seed":false,"campfire_upgraded":0,"win_rate":0.0,"timestamp":1613500365,"path_taken":["M","?","?","?","M","R","$","M","T","M","E","?","R","?","R","BOSS","M","?","$","?","?","E","R","M","T","M","R","?","?","M","R","BOSS","M","?","M","?","M","?","?","?"],"items_purchased_type":["Card","Card","Relic"],"build_version":"2020-12-22","purchased_purges":0,"victory":false,"max_hp_per_floor":[65,65,75,75,75,75,75,75,75,75,75,75,75,75,75,75,75,75,75,75,75,75,75,75,75,75,75,75,75,68,68,68,68,73,73,73,73,73,73,73,73,73,73],"card_choices":[{"not_picked":["PrepareRite:ReiMu","OrbThrow:ReiMu"],"picked":"Meditation:ReiMu","floor":1.0},{"not_picked":["SubcavityInstant:ReiMu","Amulet:ReiMu"],"picked":"Determination:ReiMu","floor":5.0},{"not_picked":["UniversalSpiritual:ReiMu","CareerPray:ReiMu"],"picked":"YinYangSange:ReiMu","floor":8.0},{"not_picked":["Conquer:ReiMu","AirStrike:ReiMu"],"picked":"Amulet:ReiMu","floor":10.0},{"not_picked":["WonderfulDomain:ReiMu","CollectionFlower2:ReiMu","FoulBorder2:ReiMu"],"picked":"SKIP","floor":11.0},{"not_picked":["CareerPray:ReiMu","Crusade:ReiMu"],"picked":"Gathering:ReiMu","floor":14.0},{"not_picked":["KamiRite:ReiMu","Shading:ReiMu"],"picked":"YinYang:ReiMu","floor":16.0},{"not_picked":["Mountainwind:ReiMu+1","WonderfulDomain:ReiMu"],"picked":"OrbThrow:ReiMu+1","floor":18.0},{"not_picked":["AirStrike:ReiMu","WonderfulDomain:ReiMu"],"picked":"CareerPray:ReiMu+1","floor":21.0},{"not_picked":["ManaGlint:ReiMu","PayForSelf:ReiMu"],"picked":"AirManeuver:ReiMu+1","floor":23.0},{"not_picked":["Conquer:ReiMu","MikOfLucky:ReiMu"],"picked":"SafetyPray:ReiMu","floor":25.0},{"not_picked":["AirStrike:ReiMu","Meditation:ReiMu"],"picked":"MountainWay:ReiMu","floor":27.0},{"not_picked":["Gensokyo:SevenSchoolMysteries","Gensokyo:ManorOfTheDishes"],"picked":"Gensokyo:LittleGreenMen","floor":30.0},{"not_picked":["Enchanting:ReiMu","PhosphorusFlame:ReiMu"],"picked":"EmergencyTakeOff:ReiMu","floor":31.0},{"not_picked":["OctopathSalyBorderN:ReiMu","PrayRite:ReiMu"],"picked":"CleanRite:ReiMu","floor":33.0},{"not_picked":["Gathering:ReiMu","EmergencyTakeOff:ReiMu"],"picked":"SafetyPray:ReiMu+1","floor":34.0},{"not_picked":["SafetyPray:ReiMu","Meditation:ReiMu"],"picked":"SpiritualOutbreak2:ReiMu+1","floor":35.0},{"not_picked":["SpiritualOutbreak2:ReiMu","Meditation:ReiMu+1"],"picked":"SubAcupoint:ReiMu","floor":37},{"not_picked":["SealNeedle:ReiMu","Crusade:ReiMu+1"],"picked":"InherentArray:ReiMu+1","floor":39}],"player_experience":121750,"relics_obtained":[{"floor":9.0,"key":"Blood Vial"},{"floor":11.0,"key":"White Beast Statue"},{"floor":23.0,"key":"Lantern"},{"floor":26.0,"key":"Bottled Lightning"},{"floor":27.0,"key":"Gensokyo:MosesMiracle"}],"event_choices":[],"is_beta":false,"boss_relics":[{"not_picked":["RedLine:ReiMu","Runic Pyramid"],"picked":"Fusion Hammer"},{"not_picked":["Philosopher\u0027s Stone","Calling Bell"],"picked":"Tiny House"}],"items_purged_floors":[],"is_endless":false,"potions_floor_spawned":[1,11,14,16,18,21,23,25,27,31,33,35,37,39],"killed_by":"Gensokyo:Dusk_and_Dawn","ascension_level":0}}