{"host":"blhqr6uo32maonpv","time":1613454806,"event":{"mods":["BaseMod","Conspire","Downfall","Minty Spire (QoL Compilation)","StSLib","The Bug Knight","The Marked"],"gold_per_floor":[115,145,160,60,135,135,198,198,253,14,14,14,14,56,56,200,200,215,68,68,68,68,68,68],"floor_reached":23,"language":"ENG","playtime":743,"items_purged":[],"score":175,"play_id":"87e47664-ad73-47dd-9413-3870ab191051","local_time":"20210216015326","is_ascension_mode":false,"campfire_choices":[{"floor":6,"key":"REST"},{"data":"conspire:SpireCoStock","floor":8,"key":"SMITH"},{"data":"Hologram","floor":15,"key":"SMITH"}],"circlet_count":0,"master_deck":["Strike_B","Strike_B+1","Strike_B","Strike_B+1","Defend_B","Defend_B","Defend_B","Defend_B","Zap","Dualcast","Darkness","Conserve Battery","Capacitor","conspire:SpireCoStock","conspire:SpireCoStock+1","Coolheaded","Hologram+1","Fission"],"relics":["Cracked Core","Orichalcum","Whetstone","Toy Ornithopter","Eternal Feather","NlothsMask","Busted Crown","conspire:TreasureMap","conspire:Dentures"],"acts_visited":["Exordium","TheCity"],"potions_floor_usage":[16,16],"damage_taken":[{"damage":4,"enemies":"Small Slimes","floor":1,"turns":3},{"damage":8,"enemies":"conspire:MimicChest","floor":2,"turns":4},{"damage":3,"enemies":"Jaw Worm","floor":3,"turns":4},{"damage":5,"enemies":"2 Louse","floor":7,"turns":3},{"damage":8,"enemies":"Large Slime","floor":14,"turns":6},{"damage":49,"enemies":"Slime Boss","floor":16,"turns":12},{"damage":18,"enemies":"conspire:FuzzyDice","floor":18,"turns":7},{"damage":67,"enemies":"Slavers","floor":23,"turns":3}],"seed_played":"-6976684512482325777","potions_obtained":[{"floor":3,"key":"Swift Potion"},{"floor":7,"key":"champ:CounterPotion"},{"floor":14,"key":"PotionOfCapacity"}],"is_trial":false,"path_per_floor":["M","?","M","?","?","R","M","R","T","$","?","$","?","M","R","B",null,"M","$","?","$","$","E"],"character_chosen":"DEFECT","items_purchased":["Eternal Feather","conspire:TreasureMap"],"campfire_rested":1,"item_purchase_floors":[10,19],"current_hp_per_floor":[71,63,60,60,49,71,66,66,66,66,66,66,66,58,67,26,75,57,57,57,57,57,0,0],"gold":68,"neow_bonus":"RANDOM_COMMON_RELIC","is_daily":false,"chose_seed":false,"campfire_upgraded":2,"win_rate":0.0,"timestamp":1613454806,"path_taken":["M","?","M","?","?","R","M","R","T","$","?","$","?","M","R","BOSS","M","$","?","?","$","E"],"items_purchased_type":["Relic","Relic"],"build_version":"2020-12-22","purchased_purges":0,"victory":false,"max_hp_per_floor":[75,75,75,75,75,75,75,75,75,75,75,75,75,75,75,75,75,75,75,75,75,75,75,75],"card_choices":[{"not_picked":["Steam","Double Energy"],"picked":"Darkness","floor":1},{"not_picked":["Consume","Double Energy"],"picked":"Conserve Battery","floor":2},{"not_picked":["Streamline","Conserve Battery"],"picked":"Capacitor","floor":3},{"not_picked":["Rip and Tear","Barrage"],"picked":"Coolheaded","floor":7},{"not_picked":["Creative AI","FTL"],"picked":"Hologram","floor":14},{"not_picked":["Seek","All For One"],"picked":"Fission","floor":16},{"not_picked":["Hologram"],"picked":"SKIP","floor":18}],"player_experience":18080,"relics_obtained":[{"floor":2,"key":"Whetstone"},{"floor":9,"key":"Toy Ornithopter"}],"event_choices":[{"damage_healed":0,"gold_gain":0,"player_choice":"Invest 2","damage_taken":0,"max_hp_gain":0,"max_hp_loss":0,"event_name":"conspire:Investor","floor":4,"gold_loss":0},{"damage_healed":0,"gold_gain":75,"player_choice":"Gather Gold","damage_taken":11,"max_hp_gain":0,"max_hp_loss":0,"event_name":"World of Goop","floor":5,"gold_loss":0},{"damage_healed":0,"gold_gain":0,"player_choice":"Ignored","damage_taken":0,"max_hp_gain":0,"max_hp_loss":0,"event_name":"Liars Game","floor":11,"gold_loss":0},{"damage_healed":0,"gold_gain":0,"player_choice":"Trade","damage_taken":0,"relics_obtained":["NlothsMask"],"max_hp_gain":0,"max_hp_loss":0,"event_name":"FaceTrader","floor":13,"gold_loss":0},{"damage_healed":0,"gold_gain":0,"player_choice":"Gave Potion","damage_taken":0,"relics_obtained":["conspire:Dentures"],"max_hp_gain":0,"max_hp_loss":0,"event_name":"WeMeetAgain","floor":20,"gold_loss":0}],"is_beta":false,"boss_relics":[{"not_picked":["FrozenCore","Coffee Dripper"],"picked":"Busted Crown"}],"items_purged_floors":[],"is_endless":false,"potions_floor_spawned":[3,7,14],"killed_by":"Slavers","ascension_level":0}}