{"host":"ocll6kdfqxraqtza","time":1613502885,"event":{"mods":["2.2 Compatiblity","Act Like it!","Arknights","Aspiration","BaseMod","Better Third Choice","Gensokyo","Hallownest","Hermit","Hubris","Jorbs\u0027s Wanderer Trilogy","Luminous","Marisa（霧雨　魔理沙）","Minty Spire (QoL Compilation)","Reimu（博??梦）","Reliquary","Replay The Spire","Shade Mod","StSLib","The Alterego","The Bug Knight","The Cursed","The Hierophant","The Marked","The Runesmith","TheBandit","Wandering Minibosses"],"gold_per_floor":[109,119,119,119,119,146,146,60,84,84,84,110,110,123,123,227,227,241,166,190,203,128,163,173,208,256,266,266,266,281,293,293,389,389,405,423,363,363,22,22,50,50,50,50,78,78,98,123,123,123,123,123,41,76,76],"floor_reached":56,"language":"ENG","playtime":2256,"items_purged":["Injury","Strike_R"],"score":1841,"play_id":"ffb618da-4226-477e-8ef2-0fc0bb4bd24b","local_time":"20210217031445","is_ascension_mode":true,"campfire_choices":[{"data":"hubris:ReadiedAction","floor":7,"key":"SMITH"},{"floor":11,"key":"REST"},{"floor":15,"key":"REST"},{"floor":32,"key":"REST"},{"data":"hubris:DuctTapeCard","floor":40,"key":"SMITH"},{"floor":42,"key":"RECALL"},{"data":"Searing Blow+1","floor":49,"key":"SMITH"},{"data":"Searing Blow+2","floor":52,"key":"SMITH"}],"circlet_count":0,"master_deck":["Defend_R+1","Bash","Apotheosis+1","Feed+1","ReplayTheSpireMod:Trickstab+1","Blood for Blood+1","Replay:Undeath\u0027s Touch+1","Hemogenesis+1","True Grit+1","Clothesline+1","Heavy Blade+1","Clash+1","Flame Barrier+1","Searing Blow+3","hubris:DuctTapeCard+2","GravityBeat+1","alterego_mod:Belts+1","alterego_mod:BrynhildrRomantia+1","6A+1","TightArray:ReiMu+1","Gensokyo:CustomPotion","Swift Strike+1","Outmaneuver+1","GasGiant+1","Slice+1","Footwork","ReplayTheSpireMod:Necrosis","stsjorbsmod:Ritual+1","Dark Embrace","Body Slam+1"],"relics":["Burning Blood","Molten Egg 2","hubris:ToyBattleship","War Paint","Tiny Chest","reliquary:JackalopeAntler","reliquary:HotPoker","aspiration:MobileForge","Oddly Smooth Stone","Durian","ReplayTheSpireMod:Lightbulb","PrismaticShard","hubris:DuctTape","reliquary:WritOfMandamus","Blood Vial","aspiration:Lifesprig","reliquary:TuningFork","hubris:Reverence","reliquary:Boomerang","Pet Ghost","Replay:Accelerometer"],"acts_visited":["Gensokyo:Gensokyo","TheCity","Gensokyo:Gensokyoest","TheEnding"],"potions_floor_usage":[6,18,23,25,25,35,55,55],"damage_taken":[{"damage":0,"enemies":"Gensokyo:Gryphon","floor":1,"turns":4},{"damage":2,"enemies":"Gensokyo:2_Kodama","floor":2,"turns":4},{"damage":0,"enemies":"Gensokyo:Aya","floor":6,"turns":5},{"damage":32,"enemies":"Gensokyo:Cirno","floor":12,"turns":7},{"damage":4,"enemies":"Gensokyo:3_Fairies","floor":14,"turns":4},{"damage":34,"enemies":"Gensokyo:Kokoro","floor":16,"turns":10},{"damage":0,"enemies":"Spheric Guardian","floor":18,"turns":3},{"damage":18,"enemies":"3 Byrds","floor":21,"turns":5},{"damage":10,"enemies":"HollowMod:Nosk","floor":23,"turns":7},{"damage":22,"enemies":"Sentry and Sphere","floor":24,"turns":4},{"damage":57,"enemies":"Slavers","floor":25,"turns":5},{"damage":26,"enemies":"Snake Plant","floor":27,"turns":6},{"damage":4,"enemies":"3 Cultists","floor":30,"turns":5},{"damage":20,"enemies":"Sentry and Sphere","floor":31,"turns":4},{"damage":29,"enemies":"Pondfish","floor":33,"turns":7},{"damage":16,"enemies":"Gensokyo:3_Boulders","floor":35,"turns":5},{"damage":40,"enemies":"Gensokyo:AncientGuardian","floor":36,"turns":5},{"damage":36,"enemies":"Gensokyo:Marisa","floor":41,"turns":4},{"damage":0,"enemies":"Gensokyo:Doremy","floor":45,"turns":4},{"damage":7,"enemies":"Gensokyo:4_Bats","floor":47,"turns":4},{"damage":10,"enemies":"Gensokyo:Shinki","floor":50,"turns":6},{"damage":45,"enemies":"Shield and Spear","floor":54,"turns":6},{"damage":46,"enemies":"The Heart","floor":55,"turns":11}],"seed_played":"-6242823718577720759","potions_obtained":[{"floor":2,"key":"AttackPotion"},{"floor":6,"key":"Adrenaline Potion"},{"floor":14,"key":"GrandPatriotsElixir:ReiMu"},{"floor":21,"key":"AttackPotion"},{"floor":23,"key":"Swift Potion"},{"floor":27,"key":"Regen Potion"},{"floor":30,"key":"SpeedPotion"},{"floor":33,"key":"Languid Potion"},{"floor":35,"key":"Dexterity Potion"},{"floor":41,"key":"HeartOfIron"},{"floor":54,"key":"SteroidPotion"}],"is_trial":false,"path_per_floor":["M","M","?","?","?","E","R","$","T","?","R","E","T","M","R","B",null,"M","?","T","M","$","E","M","E","T","M","?","T","M","M","R","B",null,"M","M","?","T","$","R","E","R","T","$","E","?","M","T","R","B",null,"R","$","E","B",null],"character_chosen":"IRONCLAD","items_purchased":["ReplayTheSpireMod:Trickstab+1","aspiration:Lifesprig","Swift Strike+1","Dark Embrace"],"campfire_rested":3,"item_purchase_floors":[8,39,39,53],"current_hp_per_floor":[72,72,72,44,30,36,36,36,36,36,57,31,31,33,54,30,76,80,80,80,83,83,83,71,49,49,29,21,21,34,32,63,58,109,113,79,79,79,79,79,77,77,77,77,116,116,116,116,116,117,121,121,121,96,76],"gold":76,"neow_bonus":"RANDOM_COLORLESS_2","is_daily":false,"chose_seed":false,"campfire_upgraded":4,"win_rate":0.0,"timestamp":1613502885,"path_taken":["M","?","?","?","?","E","R","?","T","?","R","E","?","?","R","BOSS","M","?","?","M","?","E","?","E","T","M","?","?","?","M","R","BOSS","M","?","?","?","?","R","E","R","T","?","E","?","M","?","R","BOSS","R","$","E","BOSS"],"items_purchased_type":["Card","Relic","Card","Card"],"build_version":"2020-12-22","purchased_purges":2,"victory":true,"max_hp_per_floor":[72,72,72,72,72,72,72,72,72,72,72,72,72,72,72,76,76,80,80,80,84,84,88,92,101,101,101,101,101,101,105,105,109,109,113,113,113,113,113,113,113,113,113,113,117,117,117,117,117,121,121,121,121,121,121],"card_choices":[{"not_picked":["ReplayTheSpireMod:Brewmster","Crow Ritual"],"picked":"Apotheosis","floor":0},{"not_picked":["Battle Trance","Whirlwind"],"picked":"hubris:ReadiedAction","floor":1},{"not_picked":["Sentinel","Feel No Pain"],"picked":"hubris:ReadiedAction","floor":2},{"not_picked":["hubris:ReadiedAction","Carnage+1"],"picked":"Feed+1","floor":6},{"not_picked":["hubris:CleavingFinish+1","Clash+1"],"picked":"Blood for Blood+1","floor":12},{"not_picked":["Whirlwind+1","Dropkick+1"],"picked":"Replay:Undeath\u0027s Touch+1","floor":14},{"not_picked":["Corruption","Immolate+1"],"picked":"Hemogenesis+1","floor":16},{"not_picked":["Run Through+1","Rupture"],"picked":"True Grit+1","floor":18},{"not_picked":["Anger+1","Body Slam+1"],"picked":"Clothesline+1","floor":21},{"not_picked":["Massacre+1","Iron Wave+1"],"picked":"Heavy Blade+1","floor":23},{"not_picked":["Massacre+1","Metallicize"],"picked":"Clash+1","floor":24},{"not_picked":["True Grit","Replay:Undeath\u0027s Touch+1"],"picked":"Fire Breathing","floor":25},{"not_picked":["Juggernaut","Wild Strike+1"],"picked":"Flame Barrier+1","floor":27},{"not_picked":["Heavy Blade+1","Perfected Strike+1"],"picked":"Searing Blow+1","floor":28},{"not_picked":["JustLucky+1","ReplayTheSpireMod:Limb From Limb+1"],"picked":"GravityBeat+1","floor":30},{"not_picked":["Meditation:ReiMu","Massacre+1"],"picked":"alterego_mod:Belts+1","floor":31},{"not_picked":["Buffer","ReplayUltimateDefense"],"picked":"alterego_mod:BrynhildrRomantia+1","floor":33},{"not_picked":["ReplayTheSpireMod:Speed Training","UnstableBomb+1"],"picked":"6A+1","floor":35},{"not_picked":["ReplaySort","stsjorbsmod:Prestidigitation"],"picked":"TightArray:ReiMu+1","floor":36},{"not_picked":["Tantrum+1","Luminous:Dark_Dim_Erosion+1"],"picked":"Outmaneuver+1","floor":41},{"not_picked":["Underhanded Strike+1","hermit:Dissolve"],"picked":"GasGiant+1","floor":45},{"not_picked":["ats:Apocalypse","Warcry+1"],"picked":"stsjorbsmod:Ritual+1","floor":47},{"not_picked":["theMarked:RepellingDischarge","EnergyRecoil"],"picked":"Body Slam+1","floor":54}],"player_experience":550692,"relics_obtained":[{"floor":6,"key":"hubris:ToyBattleship"},{"floor":9,"key":"War Paint"},{"floor":12,"key":"reliquary:JackalopeAntler"},{"floor":13,"key":"reliquary:HotPoker"},{"floor":23,"key":"Oddly Smooth Stone"},{"floor":25,"key":"Durian"},{"floor":26,"key":"ReplayTheSpireMod:Lightbulb"},{"floor":28,"key":"PrismaticShard"},{"floor":29,"key":"hubris:DuctTape"},{"floor":38,"key":"Blood Vial"},{"floor":41,"key":"reliquary:TuningFork"},{"floor":43,"key":"hubris:Reverence"},{"floor":45,"key":"reliquary:Boomerang"},{"floor":48,"key":"Pet Ghost"},{"floor":54,"key":"Replay:Accelerometer"}],"event_choices":[{"cards_removed":["Strike_R"],"damage_healed":0,"gold_gain":0,"player_choice":"Gave Gold","damage_taken":0,"max_hp_gain":0,"max_hp_loss":0,"event_name":"Beggar","floor":19,"gold_loss":75}],"is_beta":false,"boss_relics":[{"not_picked":["SlaversCollar","hubris:VirtuousBlindfold"],"picked":"aspiration:MobileForge"},{"not_picked":["hubris:Backtick","reliquary:ThirdArm"],"picked":"reliquary:WritOfMandamus"}],"items_purged_floors":[22,39],"is_endless":false,"potions_floor_spawned":[2,6,14,21,23,27,30,33,35,41,54],"ascension_level":2}}