{"host":"mwb0clku6crgv6yl","time":1613482460,"event":{"mods":["AchievementEnabler","BaseMod","Highlight Path","Minty Spire (QoL Compilation)","StSLib","The Cursed"],"gold_per_floor":[117,117,128,53,53,53,84,84,110,130,130,148,148,160,160,262,262,275,285,285,303,218,250,250,266,266,266,286,286,300,334,334,431,431,449,497,347,347,347,380,602,193,220,220,230,230,242,266,266,266],"floor_reached":51,"language":"ZHS","playtime":1715,"items_purged":["Strike_R","Defend_R"],"score":741,"play_id":"72ff360f-de34-4521-bc46-9486410734fa","local_time":"20210216213420","is_ascension_mode":false,"campfire_choices":[{"data":"Armaments","floor":6.0,"key":"SMITH"},{"data":"Limit Break","floor":15.0,"key":"SMITH"},{"data":"Flex","floor":24.0,"key":"SMITH"},{"data":"Flex","floor":27.0,"key":"SMITH"},{"floor":32.0,"key":"REST"},{"data":"Double Tap","floor":44,"key":"SMITH"},{"floor":49,"key":"REST"}],"circlet_count":0,"master_deck":["Strike_R","Strike_R","Defend_R","Bash","Bludgeon","Armaments","Blood for Blood","Armaments+1","Flex+1","Limit Break+1","Thunderclap","Flex+1","Offering","Twin Strike+1","True Grit","Pommel Strike+1","Battle Trance+1","Inflame+1","Double Tap+1","Ghostly Armor","Heavy Blade+1","Madness","Madness"],"relics":["Burning Blood","StrikeDummy","Tiny Chest","Odd Mushroom","Boot","Sozu","Darkstone Periapt","Lantern","Pear","Frozen Egg 2","Red Mask","Empty Cage","StoneCalendar","Red Skull","Letter Opener","Lee\u0027s Waffle","PreservedInsect","Nunchaku","Regal Pillow"],"acts_visited":["Exordium","TheCity","TheBeyond"],"potions_floor_usage":[],"damage_taken":[{"damage":0.0,"enemies":"Small Slimes","floor":1.0,"turns":3.0},{"damage":1.0,"enemies":"Cultist","floor":3.0,"turns":3.0},{"damage":18.0,"enemies":"Lagavulin","floor":7.0,"turns":7.0},{"damage":26.0,"enemies":"The Mushroom Lair","floor":10.0,"turns":4.0},{"damage":11.0,"enemies":"Jaw Worm","floor":12.0,"turns":2.0},{"damage":8.0,"enemies":"Exordium Wildlife","floor":14.0,"turns":3.0},{"damage":45.0,"enemies":"The Guardian","floor":16.0,"turns":8.0},{"damage":11.0,"enemies":"3 Byrds","floor":18.0,"turns":3.0},{"damage":15.0,"enemies":"2 Thieves","floor":19.0,"turns":3.0},{"damage":17.0,"enemies":"Centurion and Healer","floor":21.0,"turns":4.0},{"damage":25.0,"enemies":"Slavers","floor":23.0,"turns":5.0},{"damage":6.0,"enemies":"Cultist and Chosen","floor":25.0,"turns":3.0},{"damage":14.0,"enemies":"Snecko","floor":28.0,"turns":3.0},{"damage":16.0,"enemies":"Chosen and Byrds","floor":30.0,"turns":3.0},{"damage":6.0,"enemies":"Masked Bandits","floor":31.0,"turns":2.0},{"damage":38.0,"enemies":"Automaton","floor":33.0,"turns":6.0},{"damage":12,"enemies":"3 Shapes","floor":35,"turns":5},{"damage":66,"enemies":"2 Orb Walkers","floor":36,"turns":5},{"damage":42,"enemies":"Reptomancer","floor":40,"turns":3},{"damage":15,"enemies":"3 Darklings","floor":45,"turns":3},{"damage":32,"enemies":"Maw","floor":47,"turns":5},{"damage":66,"enemies":"Time Eater","floor":50,"turns":5}],"seed_played":"-6137957119017756499","potions_obtained":[{"floor":10.0,"key":"PowerPotion"},{"floor":11.0,"key":"Energy Potion"},{"floor":11.0,"key":"BlessingOfTheForge"},{"floor":12.0,"key":"Regen Potion"}],"is_trial":false,"path_per_floor":["M","?","M","$","?","R","E","$","T","?","?","M","T","M","R","B",null,"M","M","?","M","?","E","R","M","T","R","M","T","M","?","R","B",null,"M","?","$","?","T","E","?","$","T","R","M","?","M","T","R","B",null],"character_chosen":"IRONCLAD","items_purchased":["Red Skull","Lee\u0027s Waffle","PreservedInsect"],"campfire_rested":2,"item_purchase_floors":[37,42,42],"current_hp_per_floor":[80,80,80,80,80,80,68,68,68,48,48,43,43,41,41,7,80,75,66,66,55,55,36,36,36,46,46,38,38,28,28,55,23,90,84,24,24,79,79,43,43,86,86,86,77,66,40,40,80,20],"gold":266,"neow_bonus":"ONE_RANDOM_RARE_CARD","is_daily":false,"chose_seed":false,"campfire_upgraded":5,"win_rate":0.0,"timestamp":1613482460,"path_taken":["M","?","?","$","?","R","E","?","T","?","?","?","?","M","R","BOSS","M","M","?","M","?","E","R","?","T","R","M","?","M","?","R","BOSS","M","?","$","?","?","E","?","$","T","R","?","?","M","?","R","BOSS"],"items_purchased_type":["Relic","Relic","Relic"],"build_version":"2020-12-22","purchased_purges":2,"victory":true,"max_hp_per_floor":[80,80,80,80,80,80,80,80,80,80,80,80,80,80,80,80,80,80,80,80,80,80,80,80,80,90,90,90,90,90,90,90,90,90,90,90,90,79,79,79,79,86,86,86,86,86,86,86,86,86],"card_choices":[{"not_picked":["Wild Strike","Power Through"],"picked":"Armaments","floor":1.0},{"not_picked":["Clash","Cleave"],"picked":"Armaments","floor":3.0},{"not_picked":["Intimidate","Fire Breathing"],"picked":"Limit Break","floor":7.0},{"not_picked":["Cleave","Dual Wield"],"picked":"Thunderclap","floor":10.0},{"not_picked":["Body Slam","Feel No Pain"],"picked":"Flex","floor":12.0},{"not_picked":["Warcry","Twin Strike","Flex"],"picked":"SKIP","floor":14.0},{"not_picked":["Corruption","Limit Break"],"picked":"Offering","floor":16.0},{"not_picked":["Twin Strike+1","Clothesline","Flex"],"picked":"SKIP","floor":18.0},{"not_picked":["Clothesline","Flex"],"picked":"Twin Strike+1","floor":18.0},{"not_picked":["Armaments+1","Rupture"],"picked":"True Grit","floor":19.0},{"not_picked":["Perfected Strike","Iron Wave"],"picked":"Pommel Strike+1","floor":21.0},{"not_picked":["Twin Strike","Immolate","Cleave"],"picked":"SKIP","floor":23.0},{"not_picked":["Pommel Strike","Entrench+1","Flex"],"picked":"SKIP","floor":25.0},{"not_picked":["True Grit","Hemokinesis","Iron Wave+1"],"picked":"SKIP","floor":28.0},{"not_picked":["Twin Strike","Ghostly Armor"],"picked":"Battle Trance+1","floor":30.0},{"not_picked":["Sword Boomerang","Heavy Blade"],"picked":"Inflame+1","floor":31.0},{"not_picked":["Barricade+1","Corruption+1"],"picked":"Double Tap","floor":33.0},{"not_picked":["Thunderclap","Dark Embrace+1","Havoc+1"],"picked":"SKIP","floor":35},{"not_picked":["Rupture+1","Sword Boomerang+1"],"picked":"Ghostly Armor","floor":40},{"not_picked":["Thunderclap+1","Clash"],"picked":"Heavy Blade+1","floor":45},{"not_picked":["Warcry+1","Evolve+1","Flex+1"],"picked":"SKIP","floor":47}],"player_experience":340178,"relics_obtained":[{"floor":7.0,"key":"StrikeDummy"},{"floor":9.0,"key":"Tiny Chest"},{"floor":10.0,"key":"Odd Mushroom"},{"floor":13.0,"key":"Boot"},{"floor":23.0,"key":"Lantern"},{"floor":26.0,"key":"Pear"},{"floor":29.0,"key":"Frozen Egg 2"},{"floor":31.0,"key":"Red Mask"},{"floor":36,"key":"StoneCalendar"},{"floor":40,"key":"Letter Opener"},{"floor":43,"key":"Nunchaku"},{"floor":48,"key":"Regal Pillow"}],"event_choices":[{"damage_healed":0.0,"max_hp_gain":0.0,"max_hp_loss":0.0,"gold_gain":0.0,"cards_transformed":["Defend_R"],"event_name":"Transmorgrifier","player_choice":"Transformed","floor":2.0,"gold_loss":0.0,"damage_taken":0.0,"cards_obtained":["Blood for Blood"]},{"damage_healed":0.0,"max_hp_gain":0.0,"max_hp_loss":0.0,"gold_gain":0.0,"cards_transformed":["Defend_R"],"event_name":"Living Wall","player_choice":"Change","floor":5.0,"gold_loss":0.0,"damage_taken":0.0,"cards_obtained":["Flex"]},{"damage_healed":0.0,"max_hp_gain":0.0,"max_hp_loss":0.0,"gold_gain":0.0,"event_name":"Mushrooms","player_choice":"Fought Mushrooms","floor":10.0,"gold_loss":0.0,"damage_taken":0.0},{"damage_healed":0.0,"max_hp_gain":0.0,"max_hp_loss":0.0,"gold_gain":0.0,"event_name":"Lab","player_choice":"Got Potions","floor":11.0,"gold_loss":0.0,"damage_taken":0.0},{"damage_healed":0.0,"max_hp_gain":0.0,"max_hp_loss":0.0,"gold_gain":0.0,"event_name":"Ghosts","player_choice":"Ignored","floor":20.0,"gold_loss":0.0,"damage_taken":0.0},{"damage_healed":0.0,"max_hp_gain":0.0,"max_hp_loss":0.0,"gold_gain":0.0,"event_name":"Addict","player_choice":"Obtained Relic","floor":22.0,"gold_loss":85.0,"damage_taken":0.0,"relics_obtained":["Darkstone Periapt"]},{"damage_healed":0.0,"max_hp_gain":0.0,"max_hp_loss":0.0,"gold_gain":0.0,"event_name":"Masked Bandits","player_choice":"Fought Bandits","floor":31.0,"gold_loss":0.0,"damage_taken":0.0},{"damage_healed":0,"gold_gain":0,"player_choice":"Fight","damage_taken":0,"max_hp_gain":0,"max_hp_loss":0,"event_name":"Mysterious Sphere","floor":36,"gold_loss":0},{"damage_healed":79,"gold_gain":0,"player_choice":"Heal","damage_taken":0,"max_hp_gain":0,"max_hp_loss":11,"event_name":"The Moai Head","floor":38,"gold_loss":0},{"damage_healed":0,"gold_gain":222,"player_choice":"Wore Mask","damage_taken":0,"max_hp_gain":0,"max_hp_loss":0,"event_name":"Tomb of Lord Red Mask","floor":41,"gold_loss":0},{"damage_healed":0,"gold_gain":0,"player_choice":"Embrace Madness","damage_taken":11,"max_hp_gain":0,"max_hp_loss":0,"event_name":"Winding Halls","floor":46,"gold_loss":0,"cards_obtained":["Madness","Madness"]}],"is_beta":false,"boss_relics":[{"not_picked":["Calling Bell","Snecko Eye"],"picked":"Sozu"},{"not_picked":["Astrolabe","Coffee Dripper"],"picked":"Empty Cage"}],"items_purged_floors":[4,42],"is_endless":false,"potions_floor_spawned":[10,12,14,21,23,30,31,36,40],"ascension_level":0}}