{"host":"nb3r5a3er9rrnn3n","time":1613473101,"event":{"mods":["Always Whale","BaseMod","Colored Map","Minty Spire (QoL Compilation)","Relic Stats","StSLib","everything is the same but u backflip on backflip"],"gold_per_floor":[17,35,50,50,69,98,98,98,98],"floor_reached":8,"language":"ENG","playtime":323,"items_purged":[],"score":116,"play_id":"b6895307-36cc-4b0a-b71d-54412b59b647","local_time":"20210216215821","is_ascension_mode":true,"campfire_choices":[{"floor":7,"key":"REST"}],"circlet_count":0,"master_deck":["AscendersBane","Strike_G","Strike_G","Strike_G","Strike_G","Strike_G","Defend_G","Defend_G","Defend_G","Defend_G","Defend_G","Survivor","Neutralize","Reflex","Endless Agony","Underhanded Strike","Blade Dance","Well Laid Plans+1"],"relics":["Ring of the Snake","Mango","Frozen Egg 2","Juzu Bracelet"],"acts_visited":["Exordium"],"potions_floor_usage":[6,8],"damage_taken":[{"damage":3.0,"enemies":"Jaw Worm","floor":1.0,"turns":6.0},{"damage":0.0,"enemies":"Cultist","floor":2.0,"turns":4.0},{"damage":0.0,"enemies":"2 Louse","floor":3.0,"turns":5.0},{"damage":24,"enemies":"Lots of Slimes","floor":5,"turns":6},{"damage":25,"enemies":"3 Sentries","floor":6,"turns":3},{"damage":46,"enemies":"Gremlin Nob","floor":8,"turns":4}],"seed_played":"-1760787762464385442","potions_obtained":[{"floor":3.0,"key":"ColorlessPotion"},{"floor":6,"key":"SkillPotion"}],"is_trial":false,"path_per_floor":["M","M","M","?","M","E","R","E"],"character_chosen":"THE_SILENT","items_purchased":[],"campfire_rested":1,"item_purchase_floors":[],"current_hp_per_floor":[70,70,70,70,46,21,45,0,0],"gold":98,"neow_bonus":"ONE_RARE_RELIC","is_daily":false,"chose_seed":false,"campfire_upgraded":0,"win_rate":0.0,"timestamp":1613473101,"path_taken":["M","M","M","?","?","E","R","E"],"items_purchased_type":[],"build_version":"2020-12-22","purchased_purges":0,"victory":false,"max_hp_per_floor":[80,80,80,80,80,80,80,80,80],"relic_stats":{"counters":[6,28],"Juzu Bracelet":0,"obtain_stats":[{"Mango":0,"Juzu Bracelet":6,"Frozen Egg 2":4,"Ring of the Snake":0},{"Mango":0,"Juzu Bracelet":5,"Frozen Egg 2":3,"Ring of the Snake":0},{"Mango":0,"Juzu Bracelet":24,"Frozen Egg 2":15,"Ring of the Snake":0}],"Ring of the Snake":[12]},"card_choices":[{"not_picked":["Flying Knee","Escape Plan"],"picked":"Reflex","floor":1.0},{"not_picked":["Backflip","Deflect"],"picked":"Endless Agony","floor":2.0},{"not_picked":["Slice","Bullet Time"],"picked":"Underhanded Strike","floor":3.0},{"not_picked":["Dagger Spray","Deflect"],"picked":"Blade Dance","floor":5},{"not_picked":["Finisher","Reflex"],"picked":"Well Laid Plans+1","floor":6}],"player_experience":1654801,"relics_obtained":[{"floor":4.0,"key":"Frozen Egg 2"},{"floor":6,"key":"Juzu Bracelet"}],"event_choices":[{"damage_healed":0.0,"max_hp_gain":0.0,"max_hp_loss":0.0,"gold_gain":0.0,"event_name":"Wheel of Change","player_choice":"Relic","floor":4.0,"gold_loss":0.0,"damage_taken":0.0}],"is_beta":false,"boss_relics":[],"items_purged_floors":[],"is_endless":false,"potions_floor_spawned":[3,6],"killed_by":"Gremlin Nob","ascension_level":20}}