{"host":"uv5ws9rdk87e8i5k","time":1613444224,"event":{"mods":["AchievementEnabler","BaseMod","Colored Map","Minty Spire (QoL Compilation)","Permanent Neow","Quick Restart","StSLib","SuperFastMode","The Necromancer"],"gold_per_floor":[111,13,29,43,8,40,40,66,104,131,143,185,207,319,331,440,452,482,482,57,70,70,103,122,122,122],"floor_reached":25,"language":"ENG","playtime":656,"items_purged":["Iron Wave"],"score":469,"play_id":"6264d6f2-2942-4aab-b89d-ddd9b66db8e5","local_time":"20210215205704","is_ascension_mode":true,"campfire_choices":[{"data":"Fire Breathing","floor":11,"key":"SMITH"},{"data":"Shockwave","floor":15,"key":"SMITH"}],"circlet_count":0,"master_deck":["AscendersBane","Bash","Entrench","Bloodletting+1","Metallicize","Flame Barrier+1","Whirlwind+1","Dual Wield","Headbutt","Dark Embrace","Fire Breathing+1","Wild Strike","Body Slam","Seeing Red","Warcry","Shockwave+1","Shrug It Off","Corruption","Shrug It Off+1","Fire Breathing","Wild Strike+1","Shrug It Off"],"relics":["Pandora\u0027s Box","Toy Ornithopter","MawBank","War Paint","Ancient Tea Set","Coffee Dripper","Shovel","Whetstone"],"acts_visited":["Exordium","TheCity"],"potions_floor_usage":[6,6,12,16,19,23,23,24],"damage_taken":[{"damage":0,"enemies":"Cultist","floor":1,"turns":4},{"damage":9,"enemies":"Jaw Worm","floor":3,"turns":2},{"damage":8,"enemies":"2 Louse","floor":4,"turns":3},{"damage":25,"enemies":"3 Sentries","floor":6,"turns":5},{"damage":33,"enemies":"Gremlin Nob","floor":8,"turns":5},{"damage":18,"enemies":"Exordium Wildlife","floor":10,"turns":4},{"damage":25,"enemies":"3 Sentries","floor":12,"turns":4},{"damage":0,"enemies":"2 Fungi Beasts","floor":13,"turns":3},{"damage":3,"enemies":"Slime Boss","floor":16,"turns":5},{"damage":3,"enemies":"Chosen","floor":18,"turns":4},{"damage":7,"enemies":"2 Thieves","floor":19,"turns":4},{"damage":9,"enemies":"Snake Plant","floor":21,"turns":5},{"damage":31,"enemies":"Slavers","floor":23,"turns":3},{"damage":4,"enemies":"Chosen and Byrds","floor":24,"turns":4},{"damage":46,"enemies":"Book of Stabbing","floor":25,"turns":5}],"seed_played":"2186880028947645567","potions_obtained":[{"floor":3,"key":"GamblersBrew"},{"floor":4,"key":"Fire Potion"},{"floor":10,"key":"Regen Potion"},{"floor":12,"key":"SteroidPotion"},{"floor":13,"key":"Block Potion"},{"floor":19,"key":"ColorlessPotion"},{"floor":21,"key":"Dexterity Potion"},{"floor":23,"key":"Fire Potion"}],"is_trial":false,"path_per_floor":["M","$","M","M","$","E","?","E","T","M","R","E","M","?","R","B",null,"M","M","$","M","?","E","M","E"],"character_chosen":"IRONCLAD","items_purchased":["Wild Strike","AttackPotion","Seeing Red","Shovel","Fire Breathing"],"campfire_rested":0,"item_purchase_floors":[2,2,5,20,20],"current_hp_per_floor":[72,72,63,55,55,30,90,57,57,39,39,31,31,31,31,33,76,73,71,71,62,62,41,42,0,0],"gold":122,"neow_bonus":"BOSS_RELIC","is_daily":false,"chose_seed":false,"campfire_upgraded":2,"win_rate":0.0,"timestamp":1613444224,"path_taken":["M","?","M","M","$","E","?","E","T","?","R","E","M","?","R","BOSS","M","M","$","M","?","E","M","E"],"items_purchased_type":["Card","Potion","Card","Relic","Card"],"build_version":"2020-12-22","purchased_purges":1,"victory":false,"max_hp_per_floor":[80,80,80,80,80,80,90,90,90,90,90,90,90,90,90,90,90,90,90,90,90,90,90,90,90,90],"card_choices":[{"not_picked":["Perfected Strike","Flex"],"picked":"Fire Breathing","floor":1},{"not_picked":["Havoc","Whirlwind"],"picked":"Body Slam","floor":3},{"not_picked":["Perfected Strike","Thunderclap","Armaments"],"picked":"SKIP","floor":4},{"not_picked":["Ghostly Armor","Clothesline"],"picked":"Feed","floor":6},{"not_picked":["Carnage","Cleave"],"picked":"Warcry","floor":8},{"not_picked":["Disarm","Sword Boomerang"],"picked":"Shockwave","floor":10},{"not_picked":["Entrench","Clash"],"picked":"Shrug It Off","floor":12},{"not_picked":["Hemokinesis","Heavy Blade","Anger"],"picked":"SKIP","floor":13},{"not_picked":["Bludgeon","Demon Form"],"picked":"Corruption","floor":16},{"not_picked":["Pommel Strike","Twin Strike","Perfected Strike"],"picked":"SKIP","floor":18},{"not_picked":["Havoc","Wild Strike"],"picked":"Shrug It Off+1","floor":19},{"not_picked":["Iron Wave","Heavy Blade"],"picked":"Wild Strike","floor":21},{"not_picked":["Double Tap","Headbutt"],"picked":"Shrug It Off","floor":23},{"not_picked":["Disarm","Blood for Blood+1","Perfected Strike"],"picked":"SKIP","floor":24}],"player_experience":201823,"relics_obtained":[{"floor":6,"key":"Toy Ornithopter"},{"floor":8,"key":"MawBank"},{"floor":9,"key":"War Paint"},{"floor":12,"key":"Ancient Tea Set"},{"floor":23,"key":"Whetstone"}],"event_choices":[{"cards_removed":["Feed"],"damage_healed":50,"gold_gain":0,"player_choice":"Offered Rare","damage_taken":0,"max_hp_gain":10,"max_hp_loss":0,"event_name":"Bonfire Elementals","floor":7,"gold_loss":0},{"damage_healed":0,"gold_gain":100,"player_choice":"Pray","damage_taken":0,"max_hp_gain":0,"max_hp_loss":0,"event_name":"Golden Shrine","floor":14,"gold_loss":0}],"is_beta":false,"boss_relics":[{"not_picked":["Tiny House","Ectoplasm"],"picked":"Coffee Dripper"}],"items_purged_floors":[20],"is_endless":false,"potions_floor_spawned":[3,4,10,12,13,19,21,23],"killed_by":"Book of Stabbing","ascension_level":12}}