{"host":"cdbhaz9p3iutjbyx","time":1613486215,"event":{"mods":["AchievementEnabler","BaseMod","Downfall","GifTheSpireLib","Hubris","Minty Spire (QoL Compilation)","StSLib","The Cursed","The Disciple","The Forsaken","The Necromancer","The Senshi"],"gold_per_floor":[113,63,338,351,371,371,371],"floor_reached":6,"language":"ENG","playtime":577,"items_purged":[],"score":36,"play_id":"0234efbe-77ec-46a3-a317-432cafeb5338","local_time":"20210216153655","is_ascension_mode":false,"campfire_choices":[],"circlet_count":0,"master_deck":["theSenshi:SailorKick","theSenshi:SailorKick","theSenshi:SailorKick","theSenshi:SailorBlock","theSenshi:SailorBlock","theSenshi:SailorBlock","theSenshi:SailorBlock","theSenshi:RoseThrow","theSenshi:MoonPrismPowerMakeUp","theSenshi:SailorChibiMoonAssists","Regret","theSenshi:MoonlightKnight","theSenshi:HesSoDreamy"],"relics":["theSenshi:TransformationBroochRelic","NeowsBlessing"],"acts_visited":["Exordium"],"potions_floor_usage":[6],"damage_taken":[{"damage":0,"enemies":"Jaw Worm","floor":1,"turns":1},{"damage":0,"enemies":"Small Slimes","floor":4,"turns":1},{"damage":0,"enemies":"Cultist","floor":5,"turns":1},{"damage":88,"enemies":"Gremlin Nob","floor":6,"turns":6}],"seed_played":"3890072986716603803","potions_obtained":[{"floor":4,"key":"SkillPotion"}],"is_trial":false,"path_per_floor":["M","?","?","M","M","E"],"character_chosen":"THE_SENSHI","items_purchased":[],"campfire_rested":0,"item_purchase_floors":[],"current_hp_per_floor":[75,75,75,75,75,0,0],"gold":371,"neow_bonus":"THREE_ENEMY_KILL","is_daily":false,"chose_seed":false,"campfire_upgraded":0,"win_rate":0.0,"timestamp":1613486215,"path_taken":["M","?","?","?","M","E"],"items_purchased_type":[],"build_version":"2020-12-22","purchased_purges":0,"victory":false,"max_hp_per_floor":[75,75,75,75,75,75,75],"card_choices":[{"not_picked":["theSenshi:SchoolBag","theSenshi:SailorVenusAssists"],"picked":"theSenshi:SailorChibiMoonAssists","floor":1},{"not_picked":["theSenshi:SailorPlutoAssists","theSenshi:LateForSchool"],"picked":"theSenshi:MoonlightKnight","floor":4},{"not_picked":["theSenshi:SailorChibiMoonAssists","theSenshi:TuxedoSmokingBomber"],"picked":"theSenshi:HesSoDreamy","floor":5}],"player_experience":5558,"relics_obtained":[],"event_choices":[{"cards_removed":["theSenshi:SailorKick"],"damage_healed":0,"gold_gain":0,"player_choice":"Card Removal","damage_taken":0,"max_hp_gain":0,"max_hp_loss":0,"event_name":"The Cleric","floor":2,"gold_loss":50},{"damage_healed":0,"gold_gain":275,"player_choice":"Desecrate","damage_taken":0,"max_hp_gain":0,"max_hp_loss":0,"event_name":"Golden Shrine","floor":3,"gold_loss":0,"cards_obtained":["Regret"]}],"is_beta":false,"boss_relics":[],"items_purged_floors":[],"is_endless":false,"potions_floor_spawned":[4],"killed_by":"Gremlin Nob","ascension_level":0}}