{"host":"vyiqbz5w606ur92t","time":1613519632,"event":{"mods":["BaseMod","Downfall","Minty Spire (QoL Compilation)","Relic Stats","StSLib"],"gold_per_floor":[99,119,135,135,154,180,250,250,276,29,29,56,56,66,76,149,149,149,168,11,11,11,38,38,38,64,64,92,92,40,73,88,165,165,65,82,82,94,267,298,322,332,132,162,162,189,204,236,255,255,255,285,21,21,21,21],"floor_reached":57,"language":"ENG","playtime":5122,"items_purged":["Slimebound:Strike_Slimebound","Slimebound:Strike_Slimebound"],"score":2684,"play_id":"7fe2c548-ddf7-426c-8803-de8c59e500a2","local_time":"20210216235352","is_ascension_mode":true,"campfire_choices":[{"data":"Slimebound:Split","floor":1,"key":"SMITH"},{"data":"1","floor":8,"key":"LIFT"},{"floor":13,"key":"REST"},{"data":"Slimebound:MassFeed","floor":18,"key":"SMITH"},{"data":"Slimebound:Nibble","floor":25,"key":"SMITH"},{"data":"2","floor":27,"key":"LIFT"},{"floor":35,"key":"RECALL"},{"data":"3","floor":43,"key":"LIFT"},{"data":"Slimebound:Recycling","floor":45,"key":"SMITH"},{"data":"Slimebound:OneTwoCombo","floor":54,"key":"SMITH"}],"circlet_count":0,"master_deck":["AscendersBane","Slimebound:Tackle","Slimebound:Split+1","Slimebound:CorrosiveSpit","Slimebound:SplitAcid","Slimebound:GoopSpray","CurseOfTheBell","CurseOfTheBell","Slimebound:Recollect","Slimebound:SlimeBarrage","Slimebound:MassFeed+1","Slimebound:Nibble+1","Slimebound:ServeAndProtect","Slimebound:SplitLeeching","Slimebound:Replication","Slimebound:Darklings","Slimebound:SplitLeeching","Slimebound:LeadByExample","Slimebound:Equalize","Slimebound:Overexert","Slimebound:Prepare","Slimebound:LevelUp","Slimebound:SplitAcid","Slimebound:Recycling+1","Slimebound:GrowthPunch","Slimebound:Equalize","Slimebound:RollThrough","Slimebound:SplitAcid","Slimebound:SamplingLick+1","Slimebound:Nibble+1","Slimebound:LevelUp","Slimebound:SpikyOuterGoop+1","Slimebound:LevelUp","Slimebound:OneTwoCombo+1","Slimebound:GoopSpray","Slimebound:SplitAcid"],"relics":["Slimebound:AbsorbEndCombat","Torii","downfall:ExtraCursedBell","Bag of Preparation","Pear","Girya","Tiny Chest","HornCleat","Ornamental Fan","Slimebound:AggressiveSlimeRelic","InkBottle","Coffee Dripper","Oddly Smooth Stone","Art of War","Bird Faced Urn","Letter Opener","Lizard Tail","Pandora\u0027s Box","downfall:HeartBlessingBlue","DollysMirror","Eternal Feather","Vajra","downfall:HeartBlessingRed","downfall:HeartBlessingGreen","Bag of Marbles","Singing Bowl","Ancient Tea Set","Anchor","Slimebound:MaxSlimesRelic"],"acts_visited":["Exordium","TheCity","TheBeyond","TheEnding"],"potions_floor_usage":[12,12,16,16,28,44,44,49,56,56],"damage_taken":[{"damage":7,"enemies":"Jaw Worm","floor":2,"turns":3},{"damage":0,"enemies":"Small Slimes","floor":3,"turns":3},{"damage":1,"enemies":"2 Louse","floor":5,"turns":2},{"damage":31,"enemies":"3 Sentries","floor":6,"turns":7},{"damage":9,"enemies":"Lagavulin","floor":9,"turns":7},{"damage":0,"enemies":"downfall:FleeingMerchant","floor":10,"turns":4},{"damage":32,"enemies":"Gremlin Nob","floor":12,"turns":4},{"damage":6,"enemies":"2 Fungi Beasts","floor":14,"turns":6},{"damage":0,"enemies":"downfall:LooterAlt","floor":15,"turns":9},{"damage":30,"enemies":"DF_ARCHETYPE_STREAMLINE","floor":16,"turns":10},{"damage":0,"enemies":"Chosen","floor":19,"turns":7},{"damage":0,"enemies":"downfall:FleeingMerchant","floor":20,"turns":4},{"damage":3,"enemies":"Book of Stabbing","floor":23,"turns":7},{"damage":46,"enemies":"Gremlin Leader","floor":26,"turns":6},{"damage":8,"enemies":"Slavers","floor":28,"turns":10},{"damage":0,"enemies":"downfall:FleeingMerchant","floor":30,"turns":4},{"damage":0,"enemies":"Book of Stabbing","floor":31,"turns":3},{"damage":0,"enemies":"Spheric Guardian","floor":32,"turns":3},{"damage":3,"enemies":"IC_MUSHROOM_ARCHETYPE","floor":33,"turns":6},{"damage":0,"enemies":"Orb Walker","floor":36,"turns":5},{"damage":0,"enemies":"3 Shapes","floor":38,"turns":3},{"damage":0,"enemies":"downfall:FleeingMerchant","floor":39,"turns":2},{"damage":0,"enemies":"Nemesis","floor":40,"turns":5},{"damage":10,"enemies":"Sphere and 2 Shapes","floor":42,"turns":3},{"damage":28,"enemies":"Reptomancer","floor":44,"turns":4},{"damage":12,"enemies":"Nemesis","floor":46,"turns":5},{"damage":16,"enemies":"4 Shapes","floor":47,"turns":2},{"damage":11,"enemies":"Giant Head","floor":48,"turns":6},{"damage":35,"enemies":"Spire Growth","floor":49,"turns":4},{"damage":5,"enemies":"SI_POISON_ARCHETYPE","floor":50,"turns":12},{"damage":111,"enemies":"downfall:CharBossMerchant","floor":52,"turns":9},{"damage":0,"enemies":"downfall:NeowBoss","floor":55,"turns":13},{"damage":10,"enemies":"downfall:NeowBossFinal","floor":56,"turns":7}],"seed_played":"-5211701138792804602","potions_obtained":[{"floor":5,"key":"Swift Potion"},{"floor":6,"key":"GamblersBrew"},{"floor":9,"key":"Regen Potion"},{"floor":14,"key":"Slimebound:SpawnSlimePotion"},{"floor":15,"key":"PowerPotion"},{"floor":21,"key":"CultistPotion"},{"floor":23,"key":"SteroidPotion"},{"floor":28,"key":"Energy Potion"},{"floor":40,"key":"EntropicBrew"},{"floor":46,"key":"FearPotion"},{"floor":49,"key":"sneckomod:MuddlingPotion"},{"floor":52,"key":"ColorlessPotion"}],"is_trial":false,"path_per_floor":["R","M","M","?","M","E","T","R","E","$","?","E","R","M","M","B",null,"R","M","$","?","?","E","T","R","E","R","E","T","$","E","M","B",null,"R","M","?","M","$","E","T","M","R","E","R","E","M","E","M","B",null,"E","$","R","B","B",null],"character_chosen":"SLIMEBOUND","items_purchased":["Slimebound:AggressiveSlimeRelic","Slimebound:LeadByExample","Slimebound:LevelUp","DollysMirror","Slimebound:MaxSlimesRelic"],"campfire_rested":1,"item_purchase_floors":[10,20,30,39,53],"current_hp_per_floor":[38,37,39,49,52,27,27,27,26,30,30,14,34,38,47,28,68,68,80,84,84,84,84,84,84,54,54,76,76,89,89,89,92,93,103,103,103,103,103,103,103,107,111,83,101,101,95,116,92,113,122,45,45,66,104,121],"gold":21,"neow_bonus":"ONE_RARE_RELIC","is_daily":false,"chose_seed":false,"campfire_upgraded":5,"win_rate":0.0,"timestamp":1613519632,"path_taken":["R","M","M","?","M","E","T","R","E","$","?","E","R","M","M","BOSS","R","M","$","?","?","E","T","R","E","R","E","?","$","E","M","BOSS","R","M","?","?","$","E","T","M","R","E","R","E","M","E","M","BOSS","E","$","R","BOSS","BOSS"],"items_purchased_type":["Relic","Card","Card","Relic","Relic"],"build_version":"2020-12-22","purchased_purges":2,"victory":true,"max_hp_per_floor":[59,59,59,69,69,69,69,69,69,69,69,69,69,75,78,81,81,81,85,85,85,85,85,85,85,85,85,89,89,89,89,89,93,93,103,103,103,103,103,103,103,111,111,111,111,113,121,121,121,125,125,129,129,129,129,129],"relic_stats":{"Torii":23,"Singing Bowl":2,"counters":[33,177],"Eternal Feather":43,"Bag of Preparation":[62],"Letter Opener":[242],"Lizard Tail":0,"Ornamental Fan":[104],"Bird Faced Urn":[87],"Tiny Chest":1,"Pandora\u0027s Box":["Slimebound:GrowthPunch","Slimebound:Equalize","Slimebound:RollThrough","Slimebound:SplitAcid"],"Art of War":[28],"obtain_stats":[{"Torii":0,"Singing Bowl":46,"Vajra":41,"downfall:HeartBlessingGreen":43,"Bag of Preparation":4,"Ancient Tea Set":48,"Lizard Tail":31,"HornCleat":7,"Slimebound:MaxSlimesRelic":53,"downfall:HeartBlessingBlue":35,"DollysMirror":39,"Tiny Chest":6,"downfall:ExtraCursedBell":4,"InkBottle":12,"Girya":4,"Slimebound:AggressiveSlimeRelic":10,"Pear":4,"downfall:HeartBlessingRed":43,"Oddly Smooth Stone":23,"Eternal Feather":40,"Letter Opener":28,"Anchor":52,"Ornamental Fan":9,"Bird Faced Urn":26,"Pandora\u0027s Box":34,"Slimebound:AbsorbEndCombat":0,"Coffee Dripper":17,"Art of War":24,"Bag of Marbles":44},{"Torii":0,"Singing Bowl":26,"Vajra":23,"downfall:HeartBlessingGreen":24,"Bag of Preparation":2,"Ancient Tea Set":28,"Lizard Tail":17,"HornCleat":4,"Slimebound:MaxSlimesRelic":31,"downfall:HeartBlessingBlue":19,"DollysMirror":22,"Tiny Chest":4,"downfall:ExtraCursedBell":2,"InkBottle":7,"Girya":2,"Slimebound:AggressiveSlimeRelic":6,"Pear":2,"downfall:HeartBlessingRed":24,"Oddly Smooth Stone":13,"Eternal Feather":23,"Letter Opener":15,"Anchor":31,"Ornamental Fan":5,"Bird Faced Urn":14,"Pandora\u0027s Box":19,"Slimebound:AbsorbEndCombat":0,"Coffee Dripper":10,"Art of War":13,"Bag of Marbles":25},{"Torii":0,"Singing Bowl":125,"Vajra":116,"downfall:HeartBlessingGreen":118,"Bag of Preparation":5,"Ancient Tea Set":133,"Lizard Tail":92,"HornCleat":13,"Slimebound:MaxSlimesRelic":157,"downfall:HeartBlessingBlue":101,"DollysMirror":111,"Tiny Chest":13,"downfall:ExtraCursedBell":5,"InkBottle":27,"Girya":5,"Slimebound:AggressiveSlimeRelic":24,"Pear":5,"downfall:HeartBlessingRed":118,"Oddly Smooth Stone":69,"Eternal Feather":116,"Letter Opener":85,"Anchor":157,"Ornamental Fan":20,"Bird Faced Urn":75,"Pandora\u0027s Box":101,"Slimebound:AbsorbEndCombat":0,"Coffee Dripper":52,"Art of War":69,"Bag of Marbles":121}],"InkBottle":[67]},"card_choices":[{"not_picked":["Slimebound:SamplingLick","Slimebound:Schlurp"],"picked":"Slimebound:SplitAcid","floor":2},{"not_picked":["Slimebound:LivingWall","Slimebound:ForwardTackle"],"picked":"Slimebound:GoopSpray","floor":3},{"not_picked":["Slimebound:SplitAcid","Slimebound:FormOfPuddle"],"picked":"Slimebound:Recollect","floor":5},{"not_picked":["Slimebound:GoopTackle","Slimebound:SamplingLick"],"picked":"Slimebound:SlimeBarrage","floor":6},{"not_picked":["Slimebound:Recollect","Slimebound:GoopTackle"],"picked":"Slimebound:MassFeed","floor":9},{"not_picked":["Slimebound:GoopTackle","Slimebound:Schlurp"],"picked":"Slimebound:Nibble","floor":10},{"not_picked":["Slimebound:Dissolve","Slimebound:DivideAndConquer"],"picked":"Slimebound:ServeAndProtect","floor":12},{"not_picked":["Slimebound:SlimeSpikes","Slimebound:LeadByExample"],"picked":"Slimebound:SplitLeeching","floor":14},{"not_picked":["Slimebound:GoopSpray","Slimebound:SlimeBarrage"],"picked":"Slimebound:Replication","floor":15},{"not_picked":["Slimebound:PrepareCrush","Slimebound:LeechLife"],"picked":"Slimebound:Darklings","floor":16},{"not_picked":["Slimebound:GoopSpray","Slimebound:SplitAcid"],"picked":"Slimebound:SplitLeeching","floor":19},{"not_picked":["Slimebound:SplitAcid","Slimebound:RejuvenatingLick","Slimebound:LeechEnergy"],"picked":"SKIP","floor":20},{"not_picked":["Slimebound:SlimeBrawl","Slimebound:SamplingLick","Slimebound:PressTheAttack"],"picked":"SKIP","floor":23},{"not_picked":["Slimebound:LeechingTouch","Slimebound:GrowthPunch","Slimebound:PressTheAttack"],"picked":"SKIP","floor":26},{"not_picked":["Slimebound:TongueLash","Slimebound:ComboTackle"],"picked":"Slimebound:Overexert","floor":28},{"not_picked":["Slimebound:Grow","Slimebound:SplitBruiser"],"picked":"Slimebound:Prepare","floor":30},{"not_picked":["Slimebound:OozeBath","Slimebound:DivideAndConquer","Slimebound:MegaLick"],"picked":"SKIP","floor":31},{"not_picked":["Slimebound:ForwardTackle","Slimebound:PressTheAttack"],"picked":"Slimebound:SplitAcid","floor":32},{"not_picked":["Slimebound:Darklings","Slimebound:WasteNot"],"picked":"Slimebound:Recycling","floor":33},{"not_picked":["Slimebound:Prepare","Slimebound:DisruptingSlam","Slimebound:BestDefense"],"picked":"SKIP","floor":36},{"not_picked":["Slimebound:SlimeBrawl","Slimebound:HungryTackle","Slimebound:SplitBruiser"],"picked":"SKIP","floor":38},{"not_picked":["Slimebound:LeechingTouch","Slimebound:Prepare"],"picked":"Slimebound:SamplingLick+1","floor":39},{"not_picked":["Slimebound:ItLooksTasty","Slimebound:RainOfGoop+1"],"picked":"Slimebound:LevelUp","floor":40},{"not_picked":["Slimebound:SplitLeeching+1","Slimebound:LeadByExample"],"picked":"Slimebound:SpikyOuterGoop+1","floor":42},{"not_picked":["Slimebound:SplitAcid","Slimebound:PressTheAttack","Slimebound:Dissolve+1"],"picked":"SKIP","floor":44},{"not_picked":["Slimebound:RollThrough","Slimebound:Gluttony","Slimebound:FormOfPuddle"],"picked":"Singing Bowl","floor":46},{"not_picked":["Slimebound:Prepare","Slimebound:SplitAcid"],"picked":"Slimebound:LevelUp","floor":47},{"not_picked":["Slimebound:SamplingLick","Slimebound:Gluttony"],"picked":"Slimebound:OneTwoCombo","floor":48},{"not_picked":["Slimebound:HungryTackle","Slimebound:FinishingTackle+1"],"picked":"Slimebound:GoopSpray","floor":49},{"not_picked":["Slimebound:GoopTackle+1","Slimebound:RollThrough+1"],"picked":"Slimebound:SplitAcid","floor":52}],"player_experience":1811893,"relics_obtained":[{"floor":4,"key":"Bag of Preparation"},{"floor":4,"key":"Pear"},{"floor":4,"key":"Girya"},{"floor":6,"key":"Tiny Chest"},{"floor":7,"key":"HornCleat"},{"floor":9,"key":"Ornamental Fan"},{"floor":12,"key":"InkBottle"},{"floor":23,"key":"Oddly Smooth Stone"},{"floor":24,"key":"Art of War"},{"floor":26,"key":"Bird Faced Urn"},{"floor":28,"key":"Letter Opener"},{"floor":31,"key":"Lizard Tail"},{"floor":40,"key":"Eternal Feather"},{"floor":41,"key":"Vajra"},{"floor":44,"key":"Bag of Marbles"},{"floor":46,"key":"Singing Bowl"},{"floor":48,"key":"Ancient Tea Set"},{"floor":52,"key":"Anchor"}],"event_choices":[{"cards_removed":["Slimebound:Strike_Slimebound"],"damage_healed":0,"gold_gain":0,"player_choice":"Card Removal","damage_taken":0,"max_hp_gain":0,"max_hp_loss":0,"event_name":"The Cleric","floor":11,"gold_loss":0},{"damage_healed":0,"gold_gain":0,"player_choice":"Read","damage_taken":0,"max_hp_gain":0,"max_hp_loss":0,"event_name":"The Library","floor":22,"gold_loss":0,"cards_obtained":["Slimebound:Equalize"]}],"is_beta":false,"boss_relics":[{"not_picked":["Runic Pyramid","Black Star"],"picked":"Coffee Dripper"},{"not_picked":["bronze:MakeshiftBattery","Slimebound:AbsorbEndCombatUpgraded"],"picked":"Pandora\u0027s Box"}],"items_purged_floors":[10,20],"is_endless":false,"potions_floor_spawned":[5,6,9,14,15,23,26,28,33,40,46,47,49,52],"ascension_level":18}}