{"host":"nea7n2z8ef69uk76","time":1613435693,"event":{"mods":["BaseMod","Better Altar","Colored Powertips","Curses Come First","Emptier Cage","Lobotomy","LobotomyExtend","Minty Spire (QoL Compilation)","Permanent Neow","Quick Restart","SacredBarkPlus","Spicy Shops","StSLib"],"gold_per_floor":[116,116,134,134,309,309,335,99,99,113,147,147,167,178,178,282,282,293,293,293],"floor_reached":19,"language":"ENG","playtime":1464,"items_purged":["Doubt"],"score":209,"play_id":"5c003c3b-da33-43b0-8696-67e85fe40c54","local_time":"20210215193453","is_ascension_mode":true,"campfire_choices":[{"floor":15,"key":"REST"}],"circlet_count":0,"master_deck":["SpecialBullet","SpecialBullet","SpecialBullet","SpecialBullet","SpecialBullet","SpecialBullet","SpecialBullet","SpecialBullet","TrainingCode","ExtractionCode","SecurityCode","Noise","MeatLantern","Beak","UniverseFragment","SoundOfStar","SpiderBud","CrimsonScar","Clumsy","Penitence","WristCuter","Wingbeat","WallGazer","CrimsonScar","BlackSwan_ego","OSAHOGD","GoldRush+1","Galaxy+1","OldLady","Christmas+1","Murderer","Horn+1","Regret_ego+1","Tough+1","Adoration+1","Reverberation+1","Woodsman","Moonlight+1"],"relics":["CogitoBucket","Dream Catcher","LetterFromLob","Peace Pipe","Blood Vial","Mummified Hand","Lantern","Odd Mushroom","Philosopher\u0027s Stone"],"acts_visited":["Exordium","TheCity"],"potions_floor_usage":[11,14,19],"damage_taken":[{"damage":18,"enemies":"Jaw Worm","floor":1,"turns":3},{"damage":0,"enemies":"2 Louse","floor":3,"turns":2},{"damage":25,"enemies":"3 Sentries","floor":7,"turns":9},{"damage":0,"enemies":"Small Slimes","floor":10,"turns":4},{"damage":7,"enemies":"Gremlin Nob","floor":11,"turns":4},{"damage":2,"enemies":"The Mushroom Lair","floor":13,"turns":3},{"damage":46,"enemies":"3 Louse","floor":14,"turns":9},{"damage":29,"enemies":"Hexaghost","floor":16,"turns":6},{"damage":17,"enemies":"Shell Parasite","floor":18,"turns":3},{"damage":112,"enemies":"2 Thieves","floor":19,"turns":3}],"seed_played":"3509111379337070725","potions_obtained":[{"floor":3,"key":"DuplicationPotion"},{"floor":10,"key":"GamblersBrew"},{"floor":11,"key":"Dexterity Potion"},{"floor":16,"key":"Regen Potion"}],"is_trial":false,"path_per_floor":["M","?","M","?","?","R","E","$","T","M","E","R","?","M","R","B",null,"M","M"],"character_chosen":"Angela","items_purchased":["Blood Vial","Penitence","WristCuter"],"campfire_rested":1,"item_purchase_floors":[8,8,8],"current_hp_per_floor":[60,60,68,68,68,68,51,51,51,61,56,56,64,22,43,16,70,65,0,0],"gold":293,"neow_bonus":"RANDOM_COMMON_RELIC","is_daily":false,"chose_seed":false,"campfire_upgraded":0,"win_rate":0.0,"timestamp":1613435693,"path_taken":["M","?","M","?","?","R","E","$","T","M","E","R","?","?","R","BOSS","M","M"],"items_purchased_type":["Relic","Card","Card"],"build_version":"2020-12-22","purchased_purges":1,"victory":false,"max_hp_per_floor":[70,70,70,70,70,70,70,70,70,70,70,70,70,70,70,70,70,70,70,70],"card_choices":[{"not_picked":["RedEyes"],"picked":"Noise","floor":1},{"not_picked":["HeroicMonk","HappyTeddy"],"picked":"MeatLantern","floor":1},{"not_picked":["Wingbeat"],"picked":"Beak","floor":1},{"not_picked":["Variant","HappyTeddy"],"picked":"UniverseFragment","floor":3},{"not_picked":["Loneliness","Lantern"],"picked":"SKIP","floor":3},{"not_picked":["TodaysExpression","RapturousDream"],"picked":"SKIP","floor":3},{"not_picked":["Wingbeat","SolemnVow"],"picked":"SoundOfStar","floor":7},{"not_picked":["CherryBlossoms","Scorched","VoidDream"],"picked":"Singing Bowl","floor":7},{"not_picked":["PunishingBird","Freischutz"],"picked":"SpiderBud","floor":7},{"not_picked":["SomewhereSpear","Noise"],"picked":"CrimsonScar","floor":7},{"not_picked":["Spore","WristCuter"],"picked":"Wingbeat","floor":10},{"not_picked":["Scorched","MHz"],"picked":"WallGazer","floor":10},{"not_picked":["Penitence","Regret_ego"],"picked":"CrimsonScar","floor":10},{"not_picked":["ParadiseLost","Wingbeat"],"picked":"BlackSwan_ego","floor":11},{"not_picked":["LaLuna","LittlePrince"],"picked":"OSAHOGD","floor":11},{"not_picked":["Heaven","Regret_ego"],"picked":"GoldRush","floor":11},{"not_picked":["SwordSharpenedByTears+1","TodaysExpression+1"],"picked":"Galaxy+1","floor":13},{"not_picked":["BigBadWolf","BeautyBeast","NakedNest"],"picked":"Singing Bowl","floor":13},{"not_picked":["HappyTeddy","ShyLook"],"picked":"OldLady","floor":13},{"not_picked":["Lantern+1","CherryBlossom+1"],"picked":"Christmas+1","floor":13},{"not_picked":["BeautyBeast","CrumblingArmor","Freischutz"],"picked":"Singing Bowl","floor":14},{"not_picked":["Scorched","HeroicMonk"],"picked":"Murderer","floor":14},{"not_picked":["Beak+1","TodaysExpression+1"],"picked":"Horn+1","floor":14},{"not_picked":["Hornet+1","SomewhereSpear+1"],"picked":"Regret_ego+1","floor":14},{"not_picked":["Christmas+1","Lantern+1"],"picked":"Tough+1","floor":15},{"not_picked":["Bloodbath","NakedNest","PunishingBird"],"picked":"Singing Bowl","floor":16},{"not_picked":["Pinks+1","Justitia+1"],"picked":"Adoration+1","floor":16},{"not_picked":["SomewhereSpear+1","CherryBlossom+1"],"picked":"Reverberation+1","floor":18},{"not_picked":["Bloodbath","Porccubus"],"picked":"Woodsman","floor":18},{"not_picked":["Noise+1","Adoration+1"],"picked":"Moonlight+1","floor":18}],"player_experience":439055,"relics_obtained":[{"floor":1,"key":"LetterFromLob"},{"floor":7,"key":"Peace Pipe"},{"floor":9,"key":"Mummified Hand"},{"floor":11,"key":"Lantern"},{"floor":13,"key":"Odd Mushroom"}],"event_choices":[{"damage_healed":0,"gold_gain":0,"player_choice":"Leave","damage_taken":0,"max_hp_gain":0,"max_hp_loss":0,"event_name":"The Cleric","floor":2,"gold_loss":0},{"damage_healed":0,"gold_gain":175,"player_choice":"AGREE","damage_taken":0,"max_hp_gain":0,"max_hp_loss":0,"event_name":"Liars Game","floor":5,"gold_loss":0,"cards_obtained":["Doubt"]},{"damage_healed":0,"gold_gain":0,"player_choice":"Fought Mushrooms","damage_taken":0,"max_hp_gain":0,"max_hp_loss":0,"event_name":"Mushrooms","floor":13,"gold_loss":0}],"is_beta":false,"boss_relics":[{"not_picked":["Tiny House","Runic Dome"],"picked":"Philosopher\u0027s Stone"}],"items_purged_floors":[8],"is_endless":false,"potions_floor_spawned":[3,10,11,16],"killed_by":"2 Thieves","ascension_level":1}}