{"host":"n08mv44ohivl39d9","time":1613444656,"event":{"mods":["BaseMod","Bestiary","Highlight Path","Minty Spire (QoL Compilation)","Relic Stats","Slay the Relics Exporter","StSLib"],"gold_per_floor":[111,126,126,126,31,62,62,92,92,122,135,135,149,181,181,253,253,270,290,302,302,144,144,144,178,202,233,233,251,45,72,72,149,149,159,159,176,13,0,0,26,55,130,156,172,220,238,513,513,513,513,513,513,71,96,96],"floor_reached":57,"language":"ENG","playtime":9746,"items_purged":["Strike_G"],"score":3223,"play_id":"3be3c2d2-e8b7-4c38-8ccd-fbf5ddbb8914","local_time":"20210215210416","is_ascension_mode":true,"campfire_choices":[{"data":"Quick Slash","floor":7,"key":"SMITH"},{"data":"Blade Dance","floor":12,"key":"SMITH"},{"floor":15,"key":"REST"},{"data":"Terror","floor":23,"key":"SMITH"},{"data":"Malaise","floor":24,"key":"SMITH"},{"data":"Noxious Fumes","floor":32,"key":"SMITH"},{"floor":40,"key":"RECALL"},{"data":"Regret","floor":49,"key":"PURGE"},{"data":"Strike_G+1","floor":53,"key":"PURGE"}],"circlet_count":0,"master_deck":["AscendersBane","Strike_G+1","Strike_G+1","Strike_G+1","Defend_G+1","Defend_G+1","Defend_G+1","Defend_G+1","Defend_G+1","Survivor+1","Neutralize+1","Quick Slash+1","Noxious Fumes+1","Sucker Punch+1","Blade Dance+1","Dodge and Roll+1","Predator+1","Malaise+1","Prepared+1","PiercingWail+1","PiercingWail+1","Terror+1","Outmaneuver+1","Concentrate+1","Ghostly+1","Ghostly+1","Ghostly+1","Footwork+1","Night Terror+1","Corpse Explosion+1","Footwork+1"],"relics":["Ring of the Snake","NeowsBlessing","Eternal Feather","Strawberry","Oddly Smooth Stone","WingedGreaves","Mercury Hourglass","PreservedInsect","Art of War","Runic Pyramid","Paper Crane","Bag of Marbles","War Paint","OrangePellets","White Beast Statue","HoveringKite","Mark of the Bloom","TwistedFunnel","Red Mask","Juzu Bracelet","Boot","Bag of Preparation","Peace Pipe","Strange Spoon","Happy Flower","Anchor"],"acts_visited":["Exordium","TheCity","TheBeyond","TheEnding"],"potions_floor_usage":[14,16,27,37,42,46,47,51,56,56,56,56],"damage_taken":[{"damage":0,"enemies":"2 Louse","floor":1,"turns":1},{"damage":0,"enemies":"Jaw Worm","floor":2,"turns":1},{"damage":0,"enemies":"Lagavulin","floor":6,"turns":1},{"damage":18,"enemies":"3 Sentries","floor":8,"turns":8},{"damage":24,"enemies":"Gremlin Nob","floor":10,"turns":4},{"damage":0,"enemies":"Cultist","floor":11,"turns":3},{"damage":0,"enemies":"3 Louse","floor":13,"turns":3},{"damage":5,"enemies":"3 Sentries","floor":14,"turns":4},{"damage":18,"enemies":"Slime Boss","floor":16,"turns":7},{"damage":13,"enemies":"Spheric Guardian","floor":18,"turns":7},{"damage":12,"enemies":"Chosen","floor":19,"turns":6},{"damage":0,"enemies":"Centurion and Healer","floor":20,"turns":8},{"damage":0,"enemies":"Gremlin Leader","floor":25,"turns":8},{"damage":4,"enemies":"Book of Stabbing","floor":27,"turns":6},{"damage":0,"enemies":"3 Cultists","floor":29,"turns":6},{"damage":0,"enemies":"Slavers","floor":31,"turns":7},{"damage":2,"enemies":"Collector","floor":33,"turns":14},{"damage":0,"enemies":"3 Shapes","floor":35,"turns":4},{"damage":0,"enemies":"3 Darklings","floor":37,"turns":5},{"damage":0,"enemies":"Giant Head","floor":41,"turns":8},{"damage":0,"enemies":"Nemesis","floor":42,"turns":9},{"damage":0,"enemies":"Giant Head","floor":44,"turns":9},{"damage":0,"enemies":"Maw","floor":45,"turns":9},{"damage":0,"enemies":"2 Orb Walkers","floor":46,"turns":4},{"damage":1,"enemies":"Writhing Mass","floor":47,"turns":7},{"damage":1,"enemies":"Awakened One","floor":50,"turns":23},{"damage":3,"enemies":"Time Eater","floor":51,"turns":17},{"damage":0,"enemies":"Shield and Spear","floor":55,"turns":5},{"damage":4,"enemies":"The Heart","floor":56,"turns":19}],"seed_played":"3832768907949655761","potions_obtained":[{"floor":2,"key":"AttackPotion"},{"floor":8,"key":"LiquidBronze"},{"floor":10,"key":"LiquidMemories"},{"floor":20,"key":"SkillPotion"},{"floor":25,"key":"PowerPotion"},{"floor":33,"key":"Block Potion"},{"floor":37,"key":"AttackPotion"},{"floor":42,"key":"ColorlessPotion"},{"floor":44,"key":"ColorlessPotion"},{"floor":46,"key":"Fire Potion"},{"floor":47,"key":"GhostInAJar"}],"is_trial":false,"path_per_floor":["M","M","?","T","?","E","R","E","T","E","M","R","M","E","R","B",null,"M","M","M","?","$","R","R","E","T","E","?","M","$","E","R","B",null,"M","?","M","$","?","R","E","E","T","E","M","?","M","?","R","B","B",null,"R","$","E","B",null],"character_chosen":"THE_SILENT","items_purchased":["Terror","OrangePellets","Footwork","TwistedFunnel","Strange Spoon","Happy Flower","EntropicBrew"],"campfire_rested":1,"item_purchase_floors":[22,30,30,38,54,54,54],"current_hp_per_floor":[59,59,39,39,46,46,55,37,37,13,13,22,22,17,47,29,62,49,37,37,16,16,28,40,40,40,36,36,36,36,36,39,37,39,39,39,39,39,39,39,39,39,39,39,39,39,38,38,38,37,34,34,34,34,34,30],"gold":96,"neow_bonus":"THREE_ENEMY_KILL","is_daily":false,"chose_seed":false,"campfire_upgraded":5,"win_rate":0.0,"timestamp":1613444656,"path_taken":["M","M","?","?","?","E","R","E","T","E","M","R","M","E","R","BOSS","M","?","M","?","$","R","R","E","T","E","?","M","$","E","R","BOSS","M","?","M","$","?","R","E","E","T","E","M","?","M","?","R","BOSS","BOSS","R","$","E","BOSS"],"items_purchased_type":["Card","Relic","Card","Relic","Relic","Relic","Potion"],"build_version":"2020-12-22","purchased_purges":1,"victory":true,"max_hp_per_floor":[66,66,66,66,73,73,73,73,73,73,73,73,73,73,73,73,73,73,73,73,78,78,78,78,78,78,78,39,39,39,39,39,39,39,39,39,39,39,39,39,39,39,39,39,39,39,39,39,39,39,39,39,39,39,39,39],"relic_stats":{"Mark of the Bloom":58,"Happy Flower":[8],"counters":[29,212],"HoveringKite":[42],"Eternal Feather":54,"PreservedInsect":551,"Juzu Bracelet":0,"Bag of Preparation":[14],"War Paint":["Prepared","Defend_G"],"Boot":[33],"Mercury Hourglass":[746],"Peace Pipe":2,"OrangePellets":[11],"Strange Spoon":[16],"Art of War":[64],"obtain_stats":[{"TwistedFunnel":38,"Mark of the Bloom":36,"HoveringKite":34,"Juzu Bracelet":41,"Bag of Preparation":44,"Boot":42,"Strawberry":5,"WingedGreaves":8,"Red Mask":39,"Ring of the Snake":0,"Runic Pyramid":17,"NeowsBlessing":0,"Happy Flower":54,"Oddly Smooth Stone":6,"Eternal Feather":4,"PreservedInsect":10,"Paper Crane":25,"War Paint":27,"White Beast Statue":31,"Mercury Hourglass":9,"Peace Pipe":46,"OrangePellets":30,"Strange Spoon":54,"Anchor":55,"Art of War":14,"Bag of Marbles":26},{"TwistedFunnel":19,"Mark of the Bloom":18,"HoveringKite":17,"Juzu Bracelet":20,"Bag of Preparation":22,"Boot":21,"Strawberry":2,"WingedGreaves":4,"Red Mask":19,"Ring of the Snake":0,"Runic Pyramid":9,"NeowsBlessing":0,"Happy Flower":27,"Oddly Smooth Stone":3,"Eternal Feather":2,"PreservedInsect":5,"Paper Crane":13,"War Paint":14,"White Beast Statue":16,"Mercury Hourglass":4,"Peace Pipe":24,"OrangePellets":15,"Strange Spoon":27,"Anchor":28,"Art of War":8,"Bag of Marbles":13},{"TwistedFunnel":102,"Mark of the Bloom":97,"HoveringKite":93,"Juzu Bracelet":110,"Bag of Preparation":128,"Boot":119,"Strawberry":2,"WingedGreaves":11,"Red Mask":102,"Ring of the Snake":0,"Runic Pyramid":31,"NeowsBlessing":0,"Happy Flower":188,"Oddly Smooth Stone":3,"Eternal Feather":2,"PreservedInsect":15,"Paper Crane":60,"War Paint":66,"White Beast Statue":79,"Mercury Hourglass":11,"Peace Pipe":141,"OrangePellets":72,"Strange Spoon":188,"Anchor":193,"Art of War":24,"Bag of Marbles":60}],"Ring of the Snake":[58]},"card_choices":[{"not_picked":["Sucker Punch","Cloak And Dagger"],"picked":"Quick Slash","floor":1},{"not_picked":["Deflect","Bane"],"picked":"Noxious Fumes","floor":2},{"not_picked":["Backflip","Night Terror"],"picked":"Sucker Punch","floor":6},{"not_picked":["Accuracy","Night Terror","Outmaneuver"],"picked":"SKIP","floor":8},{"not_picked":["Masterful Stab","Storm of Steel"],"picked":"Blade Dance","floor":10},{"not_picked":["Slice","Heel Hook"],"picked":"Dodge and Roll","floor":11},{"not_picked":["Dodge and Roll","Deflect"],"picked":"Predator","floor":13},{"not_picked":["Prepared","Finisher","Escape Plan"],"picked":"SKIP","floor":14},{"not_picked":["Storm of Steel","Bullet Time"],"picked":"Malaise","floor":16},{"not_picked":["Underhanded Strike","Bane"],"picked":"Prepared","floor":18},{"not_picked":["Terror","Cloak And Dagger"],"picked":"PiercingWail","floor":19},{"not_picked":["Prepared","Caltrops"],"picked":"PiercingWail","floor":20},{"not_picked":["Prepared","Malaise"],"picked":"Outmaneuver","floor":25},{"not_picked":["Eviscerate+1","Calculated Gamble"],"picked":"Concentrate","floor":27},{"not_picked":["Noxious Fumes","Blade Dance","All Out Attack"],"picked":"SKIP","floor":29},{"not_picked":["Backstab+1","Dodge and Roll"],"picked":"Night Terror","floor":31},{"not_picked":["Unload","Grand Finale"],"picked":"Corpse Explosion","floor":33},{"not_picked":["Poisoned Stab","Cloak And Dagger","Dash"],"picked":"SKIP","floor":35},{"not_picked":["Caltrops+1","Blur","Outmaneuver+1"],"picked":"SKIP","floor":37},{"not_picked":["Outmaneuver","Calculated Gamble+1","Eviscerate"],"picked":"SKIP","floor":42},{"not_picked":["Distraction","Acrobatics","Quick Slash"],"picked":"SKIP","floor":44},{"not_picked":["Riddle With Holes","Prepared+1","Slice"],"picked":"SKIP","floor":45},{"not_picked":["Riddle With Holes","Prepared+1","Slice"],"picked":"SKIP","floor":45},{"not_picked":["Outmaneuver","Dodge and Roll","Phantasmal Killer"],"picked":"SKIP","floor":47},{"not_picked":["Cloak And Dagger+1","Flying Knee"],"picked":"Footwork+1","floor":55}],"player_experience":1440486,"relics_obtained":[{"floor":4,"key":"Eternal Feather"},{"floor":6,"key":"Oddly Smooth Stone"},{"floor":8,"key":"WingedGreaves"},{"floor":9,"key":"Mercury Hourglass"},{"floor":10,"key":"PreservedInsect"},{"floor":14,"key":"Art of War"},{"floor":25,"key":"Paper Crane"},{"floor":26,"key":"Bag of Marbles"},{"floor":27,"key":"War Paint"},{"floor":31,"key":"White Beast Statue"},{"floor":41,"key":"Juzu Bracelet"},{"floor":42,"key":"Boot"},{"floor":44,"key":"Bag of Preparation"},{"floor":46,"key":"Peace Pipe"},{"floor":55,"key":"Anchor"}],"event_choices":[{"damage_healed":0,"gold_gain":0,"player_choice":"Entered Light","damage_taken":20,"max_hp_gain":0,"max_hp_loss":0,"event_name":"Shining Light","floor":3,"gold_loss":0,"cards_upgraded":["Defend_G","Strike_G"]},{"damage_healed":0,"gold_gain":0,"player_choice":"Paid Gold","damage_taken":0,"relics_obtained":["Strawberry"],"max_hp_gain":0,"max_hp_loss":0,"event_name":"WeMeetAgain","floor":5,"gold_loss":95},{"damage_healed":0,"gold_gain":0,"player_choice":"Shed Blood","damage_taken":26,"max_hp_gain":5,"max_hp_loss":0,"event_name":"Forgotten Altar","floor":21,"gold_loss":0},{"damage_healed":0,"gold_gain":0,"player_choice":"Became a Ghost","damage_taken":0,"max_hp_gain":0,"max_hp_loss":39,"event_name":"Ghosts","floor":28,"gold_loss":0,"cards_obtained":["Ghostly","Ghostly","Ghostly"]},{"damage_healed":0,"gold_gain":0,"player_choice":"Upgrade","damage_taken":0,"relics_obtained":["Mark of the Bloom"],"max_hp_gain":0,"max_hp_loss":0,"event_name":"MindBloom","floor":36,"gold_loss":0,"cards_upgraded":["Strike_G","Strike_G","Strike_G","Defend_G","Defend_G","Defend_G","Survivor","Neutralize","Sucker Punch","Dodge and Roll","Predator","PiercingWail","PiercingWail","Outmaneuver","Concentrate","Ghostly","Ghostly","Ghostly","Footwork","Night Terror","Corpse Explosion"]},{"damage_healed":0,"gold_gain":0,"player_choice":"Paid","damage_taken":0,"relics_obtained":["Red Mask"],"max_hp_gain":0,"max_hp_loss":0,"event_name":"Tomb of Lord Red Mask","floor":39,"gold_loss":13},{"damage_healed":0,"gold_gain":0,"player_choice":"Fight","damage_taken":0,"max_hp_gain":0,"max_hp_loss":0,"event_name":"Mysterious Sphere","floor":46,"gold_loss":0},{"damage_healed":0,"gold_gain":275,"player_choice":"Desecrate","damage_taken":0,"max_hp_gain":0,"max_hp_loss":0,"event_name":"Golden Shrine","floor":48,"gold_loss":0,"cards_obtained":["Regret"]}],"is_beta":false,"boss_relics":[{"not_picked":["Ring of the Serpent","WristBlade"],"picked":"Runic Pyramid"},{"not_picked":["Busted Crown","Pandora\u0027s Box"],"picked":"HoveringKite"}],"items_purged_floors":[22],"is_endless":false,"potions_floor_spawned":[2,8,10,13,20,25,33,35,37,41,42,44,45,46,47,55],"ascension_level":20}}