{"host":"2qpilcmj89x3pncz","time":1613494918,"event":{"mods":["100% Spire Juice","2.2 Compatiblity","Act Like it!","Aspiration","BaseMod","BetterRewards","Colored Map","Colored Powertips","Conjunction","Conspire","Dota2Spire","Duelist Mod","Evolution","GifTheSpireLib","Grow up Mod","Halation","Hubris","Infinite Spire","Jedi Mod","Lobotomy","LobotomyExtend","Menagerie","Mimic Mod","Minty Spire (QoL Compilation)","Poem Panic","Quarter Circle Forward PUNCH!","Quick Restart","Replay The Spire","Shop Mod","Spicy Shops","Spikes Relics","StSLib","Strawberry Spire","Stuff the Spire","SuperFastMode","The Servant 0.9.4","Wandering Minibosses"],"gold_per_floor":[278,278,278,298,79,122,122,169,213,252,268,296,296,308,308,382,382,397,397,304,6,38,160,160,195,195,225,225,240,245,265,265,341,341,360,360,32,48,48,48,48,48,88,123,140,140,140,140,140,140],"floor_reached":51,"language":"ENG","playtime":2882,"items_purged":["SpecialBullet","SpecialBullet"],"score":1483,"play_id":"b83876a6-9430-40ca-869d-ab0f5776e7c9","local_time":"20210216170158","is_ascension_mode":true,"campfire_choices":[{"floor":40,"key":"RECALL"}],"circlet_count":0,"master_deck":["LongBird","SpecialBullet","SpecialBullet","SpecialBullet","SpecialBullet","Wellcheers","Regret_ego","Christmas+1","Regret_ego","Soda","ShedSkin+1","SecurityCode","Twilight+1","Freischutz","GrinderMk4","Wingbeat+1","Soda","TT2Protocol","InTheNameOfLoveAndHate","Mercenary","ParadiseLost","WelfareCode","OSAHOGD","Spore","GoldRush","StuffTheSpire:Harmony","Soda+1","strawberrySpire:Neurons","CherryBlossom","Pain","infinitespire:FutureSight","ReplayTheSpireMod:Restless Dread","DespairKnight","Regret_ego","Pot Of Greed","Pot Of Greed","Pot Of Greed","Woodsman"],"relics":["CogitoBucket","RabbitCall","EVO:Axolotl","LetterFromLob","SolemnVow_r","Replay:Bottled Flurry","Dota2Spire:Vanguard","wanderingMiniBosses:Inkheart","Centennial Puzzle","AspirationHeart","Justitia_r","qcfpunch:Not_Strongest_Fighting_Style_Guidebook","hubris:Backtick","StuffTheSpire:DarkSteelAnvil","StuffTheSpire:Barrel","ChangeAnything","Red Mask","strawberrySpire:StillNotAdequateHouse","StuffTheSpire:ForceGauntlet","jedi:Pinwheel","BehaviorAdjustment","Replay:Wax Seal","Cursed Key","WarpedTongs","StuffTheSpire:BottledEssence","Grinning Jar"],"acts_visited":["Exordium","TheCity","TheBeyond"],"potions_floor_usage":[26],"damage_taken":[{"damage":12.0,"enemies":"Jaw Worm","floor":1.0,"turns":2.0},{"damage":10.0,"enemies":"Small Slimes","floor":4.0,"turns":3.0},{"damage":33.0,"enemies":"3 Sentries","floor":6.0,"turns":7.0},{"damage":17.0,"enemies":"Gremlin Nob","floor":8.0,"turns":3.0},{"damage":6.0,"enemies":"2 Louse","floor":9.0,"turns":3.0},{"damage":20.0,"enemies":"Lagavulin","floor":10.0,"turns":4.0},{"damage":19.0,"enemies":"2 Louse","floor":11.0,"turns":5.0},{"damage":56.0,"enemies":"Gremlin Nob","floor":12.0,"turns":10.0},{"damage":18.0,"enemies":"Exordium Thugs","floor":14.0,"turns":4.0},{"damage":6.0,"enemies":"Slime Boss","floor":16.0,"turns":8.0},{"damage":64.0,"enemies":"conspire:FuzzyDice","floor":18.0,"turns":7.0},{"damage":102.0,"enemies":"Chosen","floor":20.0,"turns":11.0},{"damage":52.0,"enemies":"Masked Bandits","floor":22.0,"turns":7.0},{"damage":88.0,"enemies":"Slavers","floor":23.0,"turns":7.0},{"damage":148.0,"enemies":"Book of Stabbing","floor":25.0,"turns":12.0},{"damage":10,"enemies":"Replay:Snechameleon","floor":27,"turns":5},{"damage":9,"enemies":"3 Cultists","floor":29,"turns":2},{"damage":43,"enemies":"Book of Stabbing","floor":30,"turns":5},{"damage":9,"enemies":"Cultist and Chosen","floor":31,"turns":4},{"damage":43,"enemies":"hubris:MusketHawk","floor":33,"turns":9},{"damage":31,"enemies":"3 Shapes","floor":35,"turns":4},{"damage":20,"enemies":"Orb Walker","floor":38,"turns":4},{"damage":19,"enemies":"Transient","floor":43,"turns":8},{"damage":33,"enemies":"Nemesis","floor":44,"turns":5},{"damage":3,"enemies":"Transient","floor":45,"turns":6},{"damage":0,"enemies":"Writhing Mass","floor":46,"turns":1},{"damage":0,"enemies":"FixerMidnight","floor":50,"turns":1},{"damage":0,"enemies":"Malkuth","floor":51,"turns":1},{"damage":1,"enemies":"Hod","floor":51,"turns":1},{"damage":303,"enemies":"Geburah","floor":51,"turns":5},{"damage":1,"enemies":"Binah","floor":51,"turns":3},{"damage":0,"enemies":"Angela","floor":51,"turns":1}],"seed_played":"3143212219237159136","potions_obtained":[{"floor":1.0,"key":"EntropicBrew"},{"floor":4.0,"key":"Elixir"},{"floor":6.0,"key":"Dota2Spire:HealingSalve"},{"floor":10.0,"key":"DistilledChaos"},{"floor":18.0,"key":"Weak Potion"},{"floor":22.0,"key":"Flashbang"},{"floor":31,"key":"LiquidBronze"},{"floor":33,"key":"jedi:wingpotion"},{"floor":44,"key":"PowerPotion"}],"is_trial":false,"path_per_floor":["M","?","?","M","$","E","?","E","MIM","E","M","E","R","M","R","B",null,"M","?","M","$","?","E","R","E","MIM","E","?","M","E","M","R","B",null,"M","?","$","M","?","R","AVR","R","MIM","E","M","M","?","?","R","B",null],"character_chosen":"Angela","items_purchased":["StuffTheSpire:FreeRealEstate","Horn","qcfpunch:Challenger_Coin","Wingbeat+1","Soda+1","strawberrySpire:Neurons"],"campfire_rested":0,"item_purchase_floors":[5,5,21,21,37,37],"current_hp_per_floor":[71,81,91,91,101,82,92,95,99,93,95,132,142,149,159,206,249,220,230,171,181,179,326,336,310,320,366,376,385,365,380,390,390,427,423,433,443,469,479,489,499,509,524,536,546,556,566,576,586,596],"gold":140,"neow_bonus":"","is_daily":false,"chose_seed":false,"campfire_upgraded":0,"win_rate":0.0,"timestamp":1613494918,"path_taken":["M","?","?","M","$","E","?","E","MIM","E","?","E","R","M","R","BOSS","M","?","?","$","?","E","R","E","MIM","E","?","M","E","M","R","BOSS","M","?","$","M","?","R","AVR","R","MIM","E","?","M","?","?","R","BOSS"],"items_purchased_type":["Card","Card","Potion","Card","Card","Card"],"build_version":"2020-12-22","purchased_purges":2,"victory":true,"max_hp_per_floor":[90,100,110,120,130,140,150,160,170,180,200,210,220,230,240,250,260,270,280,290,300,310,326,336,346,356,366,376,386,396,406,416,426,436,446,456,466,476,486,496,506,516,526,536,546,556,566,576,586,596],"card_choices":[{"not_picked":["BlackSwan","PunishingBird"],"picked":"Wellcheers","floor":1.0},{"not_picked":["CUTE"],"picked":"Regret_ego","floor":1.0},{"not_picked":["SomewhereSpear"],"picked":"Wingbeat","floor":4.0},{"not_picked":["BeautyBeast","MHz"],"picked":"Funeral","floor":4.0},{"not_picked":["WhitesApple","WallGazer"],"picked":"Woodsman","floor":6.0},{"not_picked":["MagicBullet"],"picked":"Christmas","floor":6.0},{"not_picked":["CUTE"],"picked":"RedEyes","floor":8.0},{"not_picked":["FairyFestival","OldLady"],"picked":"QueenOfHatred","floor":8.0},{"not_picked":["SomewhereSpear"],"picked":"Regret_ego","floor":10.0},{"not_picked":["BeautyBeast","WhitesApple"],"picked":"LongBird","floor":11.0},{"not_picked":["WristCuter"],"picked":"Soda","floor":11.0},{"not_picked":["MagicBullet"],"picked":"ShedSkin","floor":12.0},{"not_picked":["Lantern","FourthMatchFlame"],"picked":"SKIP","floor":14.0},{"not_picked":["CENSORED_ego"],"picked":"Twilight","floor":16.0},{"not_picked":["LittlePrince","UniverseFragment"],"picked":"LaLuna","floor":16.0},{"not_picked":["HeroicMonk","FieryBird"],"picked":"Freischutz","floor":18.0},{"not_picked":["Diffraction","Laetitia_ego+1"],"picked":"SKIP","floor":18.0},{"not_picked":["Lantern"],"picked":"GrinderMk4","floor":20.0},{"not_picked":["RedEyes"],"picked":"Soda","floor":22.0},{"not_picked":["HappyTeddy","DreamingCurrent"],"picked":"Yin","floor":23.0},{"not_picked":["TodaysExpression","Harvest"],"picked":"SKIP","floor":23.0},{"not_picked":["FourthMatchFlame+1","Moonlight"],"picked":"SKIP","floor":25.0},{"not_picked":["Hornet"],"picked":"InTheNameOfLoveAndHate","floor":27},{"not_picked":["BearPaw","Tough"],"picked":"SKIP","floor":29},{"not_picked":["Bloodbath","Murderer"],"picked":"Mercenary","floor":30},{"not_picked":["Mimicry"],"picked":"ParadiseLost","floor":30},{"not_picked":["Murderer","RedShoes"],"picked":"OSAHOGD","floor":31},{"not_picked":["Lantern"],"picked":"Spore","floor":31},{"not_picked":["ParadiseLost"],"picked":"GoldRush","floor":33},{"not_picked":["CrimsonScar+1","RedEyes"],"picked":"SKIP","floor":35},{"not_picked":["StuffTheSpire:Vigor","StuffTheSpire:Innocence"],"picked":"StuffTheSpire:Harmony","floor":36},{"not_picked":["RapturousDream"],"picked":"CherryBlossom","floor":38},{"not_picked":["BlackSwan","Bloodbath"],"picked":"DespairKnight","floor":43},{"not_picked":["FourthMatchFlame+1"],"picked":"Regret_ego","floor":43},{"not_picked":["MeltingLove","GalaxyChild"],"picked":"Woodsman","floor":44},{"not_picked":["Laetitia_ego","SolemnVow"],"picked":"SKIP","floor":44},{"not_picked":["Diffraction","Horn"],"picked":"SKIP","floor":45},{"not_picked":["TodaysExpression","FourthMatchFlame"],"picked":"SKIP","floor":46}],"player_experience":253961,"relics_obtained":[{"floor":1.0,"key":"LetterFromLob"},{"floor":6.0,"key":"Replay:Bottled Flurry"},{"floor":8.0,"key":"Dota2Spire:Vanguard"},{"floor":9.0,"key":"jedi:shrinkray"},{"floor":9.0,"key":"wanderingMiniBosses:Inkheart"},{"floor":10.0,"key":"Centennial Puzzle"},{"floor":12.0,"key":"qcfpunch:Not_Strongest_Fighting_Style_Guidebook"},{"floor":22.0,"key":"Red Mask"},{"floor":23.0,"key":"strawberrySpire:StillNotAdequateHouse"},{"floor":25.0,"key":"StuffTheSpire:ForceGauntlet"},{"floor":27,"key":"jedi:Pinwheel"},{"floor":30,"key":"Replay:Wax Seal"},{"floor":44,"key":"Grinning Jar"}],"event_choices":[{"damage_healed":0.0,"max_hp_gain":0.0,"max_hp_loss":0.0,"gold_gain":0.0,"event_name":"Living Wall","player_choice":"Grow","floor":3.0,"gold_loss":0.0,"damage_taken":0.0,"cards_upgraded":["Penitence"]},{"damage_healed":0.0,"max_hp_gain":0.0,"max_hp_loss":0.0,"gold_gain":0.0,"event_name":"Lab","player_choice":"Got Potions","floor":7.0,"gold_loss":0.0,"damage_taken":0.0},{"cards_removed":["LaLuna"],"damage_healed":0.0,"max_hp_gain":0.0,"max_hp_loss":0.0,"gold_gain":0.0,"event_name":"WeMeetAgain","player_choice":"Gave Card","floor":19.0,"gold_loss":0.0,"damage_taken":0.0,"relics_obtained":["StuffTheSpire:Barrel"]},{"damage_healed":0.0,"max_hp_gain":0.0,"max_hp_loss":0.0,"gold_gain":0.0,"event_name":"Masked Bandits","player_choice":"Fought Bandits","floor":22.0,"gold_loss":0.0,"damage_taken":0.0},{"damage_healed":0,"gold_gain":0,"player_choice":"Ignored","damage_taken":0,"max_hp_gain":0,"max_hp_loss":0,"event_name":"Ghosts","floor":28,"gold_loss":0},{"damage_healed":0,"gold_gain":0,"player_choice":"Rummage","damage_taken":0,"relics_obtained":["WarpedTongs"],"max_hp_gain":0,"max_hp_loss":0,"event_name":"Accursed Blacksmith","floor":39,"gold_loss":0,"cards_obtained":["Pain"]}],"is_beta":false,"boss_relics":[{"not_picked":["halation:Risk","Busted Crown"],"picked":"hubris:Backtick"},{"not_picked":["qcfpunch:Dark_Gi","halation:CatFaceCupcake"],"picked":"Cursed Key"}],"items_purged_floors":[5,21],"is_endless":false,"potions_floor_spawned":[1,4,6,10,18,22,23,30,31,33,44,46],"ascension_level":20}}