{"host":"tvisvdzhdjky5zoz","time":1613447061,"event":{"mods":["Act Like it!","BaseMod","CapriCore","Conspire","Gensokyo","Minty Spire (QoL Compilation)","Quick Restart","Reliquary","Spicy Shops","StSLib","The Immortal","Uncapped","【功能Mod】Neow奖励","【功能Mod】精心准备","【遗物卡牌】REMEMod"],"gold_per_floor":[114,114,114,129,229,249,249,283,309,309,309,309,325,339,339,444,444,454,454,470,350,365,365,0,0,0,0,0,13,29,46,46,148,148,167,182,182,193,193,220,13,13,13,13],"floor_reached":42,"language":"ZHS","playtime":2488,"items_purged":[],"score":428,"play_id":"72761377-f2ec-46fa-b10a-e73d237192c4","local_time":"20210216114421","is_ascension_mode":false,"campfire_choices":[{"data":"MokouMod:Rebirth","floor":7.0,"key":"SMITH"},{"floor":10.0,"key":"REST"},{"data":"MokouMod:Overheat","floor":12.0,"key":"SMITH"},{"floor":15.0,"key":"REST"},{"data":"MokouMod:Ventilation","floor":23.0,"key":"SMITH"},{"floor":28.0,"key":"REST"},{"data":"MokouMod:Refresh","floor":32.0,"key":"SMITH"}],"circlet_count":0,"master_deck":["MokouMod:Strike","MokouMod:Strike","MokouMod:Strike","MokouMod:Defend+1","MokouMod:Defend+1","MokouMod:Defend","MokouMod:Defend","MokouMod:HeatSpark+1","MokouMod:Wildfire+1","MokouMod:Overheat+1","MokouMod:IndiscriminateIgnition+1","MokouMod:Rebirth+1","MokouMod:FlareStarter+1","MokouMod:SubterraneanCore","MokouMod:Ventilation+1","MokouMod:Refresh+1","MokouMod:Scorch+1","MokouMod:InfernalWave+1","MokouMod:FlareStarter+1","MokouMod:Ventilation","MokouMod:BurningDraft","MokouMod:Afterburner","MokouMod:ProfanedFlare","MokouMod:ResonanceReactor"],"relics":["MokouMod:PhoenixFeather","REME_ComplimentaryCards","NeowsBlessing","War Paint","Gensokyo:LunaticRedEyes","reliquary:Stiletto","reliquary:ThirdArm","Gensokyo:LionMask","Pantograph","SlaversCollar","Happy Flower"],"acts_visited":["Gensokyo:Gensokyo","Gensokyo:Gensokyoer","Gensokyo:Gensokyoest"],"potions_floor_usage":[38,40,40],"damage_taken":[{"damage":0.0,"enemies":"Gensokyo:2_Kodama","floor":1.0,"turns":1.0},{"damage":0.0,"enemies":"Gensokyo:Python","floor":4.0,"turns":1.0},{"damage":0.0,"enemies":"Gensokyo:Gryphon","floor":6.0,"turns":1.0},{"damage":125.0,"enemies":"Gensokyo:Aya","floor":8.0,"turns":9.0},{"damage":12.0,"enemies":"Gensokyo:VengefulSpirit","floor":13.0,"turns":5.0},{"damage":4.0,"enemies":"Gensokyo:LivingMonolith","floor":14.0,"turns":2.0},{"damage":59.0,"enemies":"Gensokyo:Reimu","floor":16.0,"turns":9.0},{"damage":18.0,"enemies":"Gensokyo:Chomper","floor":18.0,"turns":5.0},{"damage":6.0,"enemies":"Gensokyo:CosmicMonolith","floor":20.0,"turns":5.0},{"damage":68.0,"enemies":"Gensokyo:3_Gloops","floor":22.0,"turns":8.0},{"damage":0.0,"enemies":"Gensokyo:Wraith","floor":29.0,"turns":3.0},{"damage":27.0,"enemies":"Gensokyo:Chomper_and_Gloop","floor":30.0,"turns":5.0},{"damage":0.0,"enemies":"Gensokyo:Swordslinger","floor":31.0,"turns":2.0},{"damage":53.0,"enemies":"Gensokyo:Eternal_Rivals","floor":33.0,"turns":11.0},{"damage":14.0,"enemies":"Gensokyo:AncientGuardian","floor":35.0,"turns":6.0},{"damage":61.0,"enemies":"Gensokyo:3_Boulders","floor":36.0,"turns":6.0},{"damage":56,"enemies":"Gensokyo:Rafflesia","floor":38,"turns":8},{"damage":77,"enemies":"Gensokyo:Kasen","floor":40,"turns":9},{"damage":22,"enemies":"Gensokyo:Sharpion","floor":42,"turns":3}],"seed_played":"-524705118615547032","potions_obtained":[{"floor":6.0,"key":"Energy Potion"},{"floor":8.0,"key":"DuplicationPotion"},{"floor":14.0,"key":"LiquidBronze"},{"floor":16.0,"key":"Strength Potion"},{"floor":29.0,"key":"Swift Potion"},{"floor":30.0,"key":"FearPotion"},{"floor":31.0,"key":"Explosive Potion"},{"floor":33.0,"key":"SteroidPotion"},{"floor":36.0,"key":"SneckoOil"},{"floor":38,"key":"Explosive Potion"}],"is_trial":false,"path_per_floor":["M","?","?","M","?","M","R","E","T","R","?","R","M","M","R","B",null,"M","?","M","?","M","R","?","COS","T","$","R","M","M","M","R","B",null,"M","M","?","M","?","E","$","M"],"character_chosen":"MKU","items_purchased":["MokouMod:ResonanceReactor"],"campfire_rested":3,"item_purchase_floors":[41],"current_hp_per_floor":[75,60,60,60,60,60,60,3,3,25,25,25,13,9,31,7,75,57,57,51,51,10,10,10,10,10,10,32,32,5,5,5,4,75,61,18,18,9,9,18,18,0,0,0],"gold":13,"neow_bonus":"THREE_ENEMY_KILL","is_daily":false,"chose_seed":false,"campfire_upgraded":4,"win_rate":0.0,"timestamp":1613447061,"path_taken":["M","?","?","M","?","?","R","E","T","R","?","R","M","M","R","BOSS","M","?","M","?","M","R","?","COS","T","?","R","M","?","M","R","BOSS","M","M","?","M","?","E","$","M"],"items_purchased_type":["Card"],"build_version":"2020-12-22","purchased_purges":0,"victory":false,"max_hp_per_floor":[75,75,75,75,75,75,75,75,75,75,75,75,75,75,75,75,75,75,75,75,75,75,75,75,75,75,75,75,75,75,75,75,75,75,75,75,75,75,75,75,75,75,75,75],"card_choices":[{"not_picked":["MokouMod:FlareStarter","MokouMod:SearingShot"],"picked":"MokouMod:Overheat","floor":1.0},{"not_picked":["MokouMod:CrimsonArmoury","MokouMod:TemporalFireSeal"],"picked":"MokouMod:IndiscriminateIgnition","floor":4.0},{"not_picked":["MokouMod:Overheat","MokouMod:ScorchingColumn"],"picked":"MokouMod:Rebirth","floor":6.0},{"not_picked":["MokouMod:IllusoryBattlefield","MokouMod:ExplosiveFlame"],"picked":"MokouMod:FlareStarter","floor":8.0},{"not_picked":["MokouMod:EternalBurstReactor","MokouMod:CrimsonFlare","MokouMod:Fireball"],"picked":"SKIP","floor":13.0},{"not_picked":["MokouMod:EternalBurstReactor","MokouMod:IgnitionBarrier"],"picked":"MokouMod:SubterraneanCore","floor":14.0},{"not_picked":["MokouMod:SacredFire","MokouMod:Rebirth"],"picked":"MokouMod:Ventilation","floor":16.0},{"not_picked":["MokouMod:Firecracker+1","MokouMod:FlickeringFlame","MokouMod:Singe+1"],"picked":"SKIP","floor":18.0},{"not_picked":["MokouMod:FlickeringFlame","MokouMod:SubterraneanCore"],"picked":"MokouMod:Refresh","floor":20.0},{"not_picked":["MokouMod:UncontrollableSolarReaction","MokouMod:ShiftIgnition","MokouMod:FlickeringFlame"],"picked":"SKIP","floor":22.0},{"not_picked":["MokouMod:FusionFlare+1","MokouMod:FlamingFireTalons+1"],"picked":"MokouMod:Scorch+1","floor":29.0},{"not_picked":["MokouMod:ShiftIgnition","MokouMod:EternalBurstReactor"],"picked":"MokouMod:InfernalWave+1","floor":30.0},{"not_picked":["MokouMod:EternalBurstReactor","MokouMod:TemporalFireSeal"],"picked":"MokouMod:FlareStarter+1","floor":31.0},{"not_picked":["MokouMod:ExplosiveFlame","MokouMod:ProfanedFlare"],"picked":"MokouMod:Ventilation","floor":33.0},{"not_picked":["MokouMod:UncontrollableSolarReaction+1","MokouMod:FlickeringFlame"],"picked":"MokouMod:BurningDraft","floor":35.0},{"not_picked":["MokouMod:FusionFlare+1","MokouMod:Burn"],"picked":"MokouMod:Afterburner","floor":36.0},{"not_picked":["MokouMod:FusionFlare","MokouMod:ThermalPressure","MokouMod:AdaptivePyromancy"],"picked":"SKIP","floor":38},{"not_picked":["MokouMod:ScorchedEarth","MokouMod:RadiantBlade","MokouMod:GuidingSmoke"],"picked":"SKIP","floor":40}],"player_experience":55482,"relics_obtained":[{"floor":8.0,"key":"reliquary:Firecrackers"},{"floor":9.0,"key":"reliquary:Stiletto"},{"floor":26.0,"key":"Pantograph"},{"floor":40,"key":"Happy Flower"}],"event_choices":[{"damage_healed":0.0,"max_hp_gain":0.0,"max_hp_loss":0.0,"gold_gain":0.0,"event_name":"conspire:Investor","player_choice":"Leave","floor":11.0,"gold_loss":0.0,"damage_taken":0.0}],"is_beta":false,"boss_relics":[{"not_picked":["SacredBark","conspire:RunicOctahedron"],"picked":"reliquary:ThirdArm"},{"not_picked":["Fusion Hammer","REME_LowDesire"],"picked":"SlaversCollar"}],"items_purged_floors":[],"is_endless":false,"potions_floor_spawned":[6,8,14,16,29,30,31,33,36,38],"killed_by":"Gensokyo:Sharpion","ascension_level":0}}