{"host":"ormi09wwzv7sq47a","time":1613483995,"event":{"mods":["2.2 Compatiblity","AchievementEnabler","Act Like it!","BaseMod","Bestiary","Better Altar","Better Note","Better Sensory Stone","Better Silent Start","Better Skull","Better Third Choice","Better Vampires","BetterRewards","Block Reminder","Card Forge","Colored Map","Colored Powertips","Curses Come First","DeckTracker","Downfall","Highlight Path","Minty Spire (QoL Compilation)","Permanent Neow","Quick Restart","Rare Cards Sparkle","Relic Stats","Shop Mod","StSLib","The Jungle"],"gold_per_floor":[115,127,127,139,153,153,153,153,202,234,21,21,54,77,77,153,153,168,200,23,35,35,35,60,60,60,80,80,115,132,143,143,143,143],"floor_reached":33,"language":"ENG","playtime":1994,"items_purged":["Bash","Strike_R","Strike_R"],"score":582,"play_id":"683f81d6-1d01-4a54-8939-ca22da7739f9","local_time":"20210216105955","is_ascension_mode":true,"campfire_choices":[{"data":"Armaments","floor":6.0,"key":"SMITH"},{"data":"Uppercut","floor":8.0,"key":"SMITH"},{"floor":12.0,"key":"REST"},{"data":"Limit Break","floor":15.0,"key":"SMITH"},{"floor":23.0,"key":"REST"},{"data":"Feed","floor":25.0,"key":"SMITH"},{"data":"Immolate","floor":32,"key":"SMITH"}],"circlet_count":0,"master_deck":["AscendersBane","Defend_R","Defend_R","Defend_R","Limit Break+1","Dark Embrace","Headbutt","Uppercut+1","Armaments+1","Warcry","Fire Breathing","Seeing Red","Feed+1","Thunderclap+1","Evolve+1","Rupture+1","Shrug It Off","Shockwave","Immolate+1","Shrug It Off","Entrench+1","Reckless Charge","Dark Embrace","Berserk","Havoc"],"relics":["Burning Blood","Hammer of Thor","Seething Fire","Anvil of the Gods","bronze:DecasWashers","Vajra","bronze:DonusWashers","Guardian:PocketSentry","Regal Pillow","Ancient Tea Set","Nunchaku","Astrolabe","Red Mask","Enchiridion","Dream Catcher","The Courier","Champion Belt","FossilizedHelix"],"acts_visited":["Exordium","TheCity"],"potions_floor_usage":[33],"damage_taken":[{"damage":4.0,"enemies":"Jaw Worm","floor":1.0,"turns":5.0},{"damage":2.0,"enemies":"Cultist","floor":2.0,"turns":4.0},{"damage":9.0,"enemies":"Small Slimes","floor":4.0,"turns":5.0},{"damage":15.0,"enemies":"Exordium Wildlife","floor":5.0,"turns":4.0},{"damage":11.0,"enemies":"3 Sentries","floor":10.0,"turns":8.0},{"damage":4.0,"enemies":"Lagavulin","floor":13.0,"turns":7.0},{"damage":18.0,"enemies":"Slime Boss","floor":16.0,"turns":7.0},{"damage":24.0,"enemies":"Shell Parasite","floor":18.0,"turns":9.0},{"damage":41.0,"enemies":"Masked Bandits","floor":19.0,"turns":5.0},{"damage":4.0,"enemies":"3 Byrds","floor":21.0,"turns":6.0},{"damage":23.0,"enemies":"Book of Stabbing","floor":24.0,"turns":7.0},{"damage":3.0,"enemies":"Shelled Parasite and Fungi","floor":27.0,"turns":7.0},{"damage":23.0,"enemies":"Gremlin Leader","floor":29.0,"turns":9.0},{"damage":2.0,"enemies":"Snake Plant","floor":30.0,"turns":4.0},{"damage":16.0,"enemies":"Centurion and Healer","floor":31.0,"turns":7.0},{"damage":6,"enemies":"Automaton","floor":33,"turns":4}],"seed_played":"-1292228125579878896","potions_obtained":[{"floor":2.0,"key":"bronze:BurnAndBuffPotion"},{"floor":4.0,"key":"hexamod:SoulburnPotion"},{"floor":16.0,"key":"CultistPotion"},{"floor":24.0,"key":"PowerPotion"},{"floor":30.0,"key":"Fire Potion"}],"is_trial":false,"path_per_floor":["M","M","?","M","M","R","?","R","T","E","$","R","E","T","R","B",null,"M","?","$","M","?","R","E","R","T","M","T","E","M","M","R","B"],"character_chosen":"IRONCLAD","items_purchased":["Limit Break","bronze:DecasWashers","Vajra","bronze:DonusWashers","Fire Breathing","Immolate","Shrug It Off"],"campfire_rested":2,"item_purchase_floors":[0,0,0,0,11,20,20],"current_hp_per_floor":[35,39,39,36,27,27,32,32,32,27,27,66,68,68,68,56,74,60,29,29,31,10,51,37,37,37,44,44,31,35,29,29,23,23],"gold":143,"neow_bonus":"","is_daily":false,"chose_seed":false,"campfire_upgraded":5,"win_rate":0.0,"timestamp":1613483995,"path_taken":["M","M","?","M","?","R","?","R","T","E","$","R","E","?","R","BOSS","M","?","$","M","?","R","E","R","T","M","?","E","M","?","R","BOSS"],"items_purchased_type":["Card","Relic","Relic","Relic","Card","Card","Card"],"build_version":"2020-12-22","purchased_purges":3,"victory":false,"max_hp_per_floor":[75,75,75,75,75,75,80,80,80,80,80,80,80,80,80,80,80,84,88,88,88,88,88,91,91,91,95,95,99,99,103,103,103,103],"relic_stats":{"Regal Pillow":30,"Nunchaku":[6],"Dream Catcher":0,"counters":[16,97],"Astrolabe":["Thunderclap","Evolve","Rupture"],"Champion Belt":[16],"obtain_stats":[{"bronze:DonusWashers":0,"Regal Pillow":10,"bronze:DecasWashers":0,"Astrolabe":17,"Vajra":0,"Enchiridion":22,"Hammer of Thor":0,"The Courier":26,"Guardian:PocketSentry":9,"Seething Fire":0,"Ancient Tea Set":13,"Burning Blood":0,"Nunchaku":14,"Dream Catcher":24,"Anvil of the Gods":0,"Red Mask":19,"Champion Belt":28,"FossilizedHelix":29},{"bronze:DonusWashers":0,"Regal Pillow":5,"bronze:DecasWashers":0,"Astrolabe":7,"Vajra":0,"Enchiridion":10,"Hammer of Thor":0,"The Courier":11,"Guardian:PocketSentry":4,"Seething Fire":0,"Ancient Tea Set":6,"Burning Blood":0,"Nunchaku":6,"Dream Catcher":11,"Anvil of the Gods":0,"Red Mask":9,"Champion Belt":12,"FossilizedHelix":13},{"bronze:DonusWashers":0,"Regal Pillow":26,"bronze:DecasWashers":0,"Astrolabe":40,"Vajra":0,"Enchiridion":59,"Hammer of Thor":0,"The Courier":66,"Guardian:PocketSentry":18,"Seething Fire":0,"Ancient Tea Set":33,"Burning Blood":0,"Nunchaku":33,"Dream Catcher":66,"Anvil of the Gods":0,"Red Mask":54,"Champion Belt":73,"FossilizedHelix":82}],"Burning Blood":90},"card_choices":[{"not_picked":["Pommel Strike","Twin Strike"],"picked":"Dark Embrace","floor":1.0},{"not_picked":["Bloodletting","Sword Boomerang"],"picked":"Headbutt","floor":2.0},{"not_picked":["Thunderclap","Combust"],"picked":"Uppercut","floor":4.0},{"not_picked":["Second Wind","Flex"],"picked":"Armaments","floor":5.0},{"not_picked":["Dark Embrace","Carnage"],"picked":"Warcry","floor":10.0},{"not_picked":["Sentinel","True Grit"],"picked":"Seeing Red","floor":13.0},{"not_picked":["Juggernaut","Reaper"],"picked":"Feed","floor":16.0},{"not_picked":["Flex+1","Havoc"],"picked":"Shrug It Off","floor":18.0},{"not_picked":["Entrench","Havoc"],"picked":"Shockwave","floor":19.0},{"not_picked":["Twin Strike","Shrug It Off"],"picked":"Entrench+1","floor":21.0},{"not_picked":["Perfected Strike","Shockwave"],"picked":"Reckless Charge","floor":24.0},{"not_picked":["Sword Boomerang","Dual Wield","Clothesline"],"picked":"SKIP","floor":27.0},{"not_picked":["Armaments","Iron Wave"],"picked":"Dark Embrace","floor":29.0},{"not_picked":["Sword Boomerang","Clothesline"],"picked":"Berserk","floor":30.0},{"not_picked":["Second Wind","Hemokinesis"],"picked":"Havoc","floor":31.0}],"player_experience":1090488,"relics_obtained":[{"floor":9.0,"key":"Guardian:PocketSentry"},{"floor":10.0,"key":"Regal Pillow"},{"floor":13.0,"key":"Ancient Tea Set"},{"floor":14.0,"key":"Nunchaku"},{"floor":19.0,"key":"Red Mask"},{"floor":22.0,"key":"Enchiridion"},{"floor":24.0,"key":"Dream Catcher"},{"floor":26.0,"key":"The Courier"},{"floor":28.0,"key":"Champion Belt"},{"floor":29.0,"key":"FossilizedHelix"}],"event_choices":[{"cards_removed":["Strike_R"],"damage_healed":0.0,"max_hp_gain":0.0,"max_hp_loss":0.0,"gold_gain":0.0,"event_name":"Purifier","player_choice":"Purged","floor":3.0,"gold_loss":0.0,"damage_taken":0.0},{"damage_healed":0.0,"max_hp_gain":5.0,"max_hp_loss":0.0,"gold_gain":0.0,"event_name":"Big Fish","player_choice":"Donut","floor":7.0,"gold_loss":0.0,"damage_taken":0.0},{"damage_healed":0.0,"max_hp_gain":0.0,"max_hp_loss":0.0,"gold_gain":0.0,"event_name":"Masked Bandits","player_choice":"Fought Bandits","floor":19.0,"gold_loss":0.0,"damage_taken":0.0},{"damage_healed":0.0,"max_hp_gain":0.0,"max_hp_loss":0.0,"gold_gain":0.0,"event_name":"Cursed Tome","player_choice":"Obtained Book","floor":22.0,"gold_loss":0.0,"damage_taken":21.0}],"is_beta":false,"boss_relics":[{"not_picked":["Pandora\u0027s Box","Snecko Eye"],"picked":"Astrolabe"}],"items_purged_floors":[0,0,11],"is_endless":false,"potions_floor_spawned":[2,4,16,18,24,30],"killed_by":"Automaton","ascension_level":18}}