{"host":"kewnzcvkjkc63ziu","time":1613442922,"event":{"mods":["AchievementEnabler","BaseMod","Bestiary","Minty Spire (QoL Compilation)","Permanent Neow","Relic Filter","StSLib","The Hierophant"],"gold_per_floor":[173,197,223,250,262,301,335,379,445,457,485,497,537,569,581,697,709,739,676,688,700,729,741,783,795,807,849,871,901,940,964,976,1091,1103,1131,1159,1171,1233,1265,1304,1334,1372,1457,1469,1510,1567,1579,1601,1613,1625],"floor_reached":51,"language":"ENG","playtime":5251,"items_purged":[],"score":1275,"play_id":"3dea0ada-9cbb-4b5f-8e41-c97deb8fa9dc","local_time":"20210216033522","is_ascension_mode":true,"campfire_choices":[{"data":"Defragment","floor":12,"key":"SMITH"},{"data":"Consume","floor":15,"key":"SMITH"},{"data":"Noxious Fumes","floor":23,"key":"SMITH"},{"floor":32,"key":"DIG"},{"floor":44,"key":"DIG"},{"floor":49,"key":"DIG"}],"circlet_count":0,"master_deck":["Noxious Fumes+1","Consume+1","Barricade+1","LikeWater+1","LikeWater+1","LikeWater+1","LikeWater+1","LikeWater+1","Catalyst+1","Catalyst+1","Catalyst+1","Terror+1","Flash of Steel+1","Flash of Steel+1","Terror+1","Noxious Fumes+1","Caltrops+1"],"relics":["Tiny House","The Specimen","TeardropLocket","Snake Skull","MealTicket","MawBank","FrozenCore","Runic Capacitor","Inserter","Bloody Idol","Ornamental Fan","Odd Mushroom","Art of War","Blue Candle","Matryoshka","Whetstone","Shovel","Juzu Bracelet","Peace Pipe","TungstenRod","Torii","WristBlade","StoneCalendar","CaptainsWheel","Singing Bowl","Paper Crane","Pocketwatch","Oddly Smooth Stone","Lizard Tail","Shuriken","Bottled Flame"],"acts_visited":["Exordium","TheCity","TheBeyond"],"potions_floor_usage":[],"damage_taken":[{"damage":9,"enemies":"Jaw Worm","floor":1,"turns":5},{"damage":0,"enemies":"Small Slimes","floor":2,"turns":3},{"damage":0,"enemies":"Cultist","floor":3,"turns":7},{"damage":6,"enemies":"3 Louse","floor":4,"turns":3},{"damage":0,"enemies":"Lagavulin","floor":6,"turns":12},{"damage":13,"enemies":"The Mushroom Lair","floor":7,"turns":4},{"damage":0,"enemies":"Gremlin Nob","floor":8,"turns":6},{"damage":11,"enemies":"Lots of Slimes","floor":11,"turns":3},{"damage":0,"enemies":"Lagavulin","floor":13,"turns":8},{"damage":1,"enemies":"Exordium Wildlife","floor":14,"turns":7},{"damage":0,"enemies":"Slime Boss","floor":16,"turns":14},{"damage":0,"enemies":"Spheric Guardian","floor":18,"turns":26},{"damage":4,"enemies":"2 Thieves","floor":19,"turns":5},{"damage":0,"enemies":"Shelled Parasite and Fungi","floor":21,"turns":8},{"damage":8,"enemies":"Chosen and Byrds","floor":22,"turns":5},{"damage":2,"enemies":"Gremlin Leader","floor":24,"turns":5},{"damage":11,"enemies":"Slavers","floor":27,"turns":4},{"damage":0,"enemies":"3 Cultists","floor":28,"turns":20},{"damage":0,"enemies":"Snecko","floor":29,"turns":5},{"damage":17,"enemies":"Gremlin Leader","floor":30,"turns":5},{"damage":0,"enemies":"Centurion and Healer","floor":31,"turns":4},{"damage":0,"enemies":"Champ","floor":33,"turns":13},{"damage":24,"enemies":"3 Shapes","floor":35,"turns":7},{"damage":0,"enemies":"Orb Walker","floor":36,"turns":5},{"damage":0,"enemies":"Mind Bloom Boss Battle","floor":38,"turns":5},{"damage":0,"enemies":"Maw","floor":39,"turns":5},{"damage":16,"enemies":"Reptomancer","floor":40,"turns":5},{"damage":5,"enemies":"Jaw Worm Horde","floor":41,"turns":6},{"damage":5,"enemies":"Nemesis","floor":42,"turns":5},{"damage":0,"enemies":"Giant Head","floor":45,"turns":4},{"damage":25,"enemies":"2 Orb Walkers","floor":46,"turns":5},{"damage":13,"enemies":"Transient","floor":48,"turns":2},{"damage":0,"enemies":"Time Eater","floor":50,"turns":6}],"seed_played":"-1966852901597057193","potions_obtained":[{"floor":0,"key":"ColorlessPotion"},{"floor":3,"key":"Explosive Potion"},{"floor":6,"key":"LiquidBronze"},{"floor":13,"key":"PowerPotion"},{"floor":24,"key":"AttackPotion"}],"is_trial":false,"path_per_floor":["M","M","M","M","?","E","?","E","T","?","M","R","E","M","R","B",null,"M","M","$","M","M","R","E","?","T","E","M","M","E","M","R","B",null,"M","M","?","?","M","E","M","E","T","R","E","?","$","M","R","B",null],"character_chosen":"THE_SILENT","items_purchased":[],"campfire_rested":0,"item_purchase_floors":[],"current_hp_per_floor":[66,66,71,74,75,75,67,75,75,75,69,74,75,75,75,75,75,75,71,75,75,72,75,75,75,75,69,75,75,63,73,75,75,75,56,66,71,75,75,64,69,74,75,75,77,59,79,73,78,81],"gold":1637,"neow_bonus":"BOSS_RELIC","is_daily":false,"chose_seed":false,"campfire_upgraded":3,"win_rate":0.0,"timestamp":1613442922,"path_taken":["M","M","M","M","?","E","?","E","T","?","M","R","E","M","R","BOSS","M","M","$","M","M","R","E","?","T","E","M","M","E","M","R","BOSS","M","M","?","?","M","E","M","E","T","R","E","?","$","M","R","BOSS"],"items_purchased_type":[],"build_version":"2020-12-22","purchased_purges":0,"victory":true,"max_hp_per_floor":[75,75,75,75,75,75,75,75,75,75,75,75,75,75,75,75,75,75,75,75,75,75,75,75,75,75,75,75,75,75,75,75,75,75,75,75,75,75,75,75,75,75,75,75,77,79,79,81,81,81],"card_choices":[{"not_picked":["Sucker Punch","Eviscerate","Outmaneuver"],"picked":"SKIP","floor":1},{"not_picked":["Bane","All Out Attack","Dash"],"picked":"SKIP","floor":2},{"not_picked":["Sucker Punch","PiercingWail","Dagger Spray"],"picked":"SKIP","floor":3},{"not_picked":["Sucker Punch","Backflip","Underhanded Strike"],"picked":"SKIP","floor":4},{"not_picked":["Dagger Spray","Heel Hook","Adrenaline"],"picked":"SKIP","floor":6},{"not_picked":["Dagger Spray","Heel Hook","Adrenaline"],"picked":"SKIP","floor":6},{"not_picked":["Crippling Poison","Backstab","Deflect"],"picked":"SKIP","floor":8},{"not_picked":["Blade Dance","Slice","Outmaneuver"],"picked":"SKIP","floor":11},{"not_picked":["Skewer","PiercingWail","Choke"],"picked":"SKIP","floor":13},{"not_picked":["Finisher","Dagger Spray","Backstab"],"picked":"SKIP","floor":14},{"not_picked":["Blade Dance","Slice","Acrobatics"],"picked":"SKIP","floor":18},{"not_picked":["Bouncing Flask","Blade Dance+1","Finisher+1"],"picked":"SKIP","floor":19},{"not_picked":["Sucker Punch","Caltrops","Dodge and Roll"],"picked":"SKIP","floor":21},{"not_picked":["Terror","Slice","Dagger Throw"],"picked":"SKIP","floor":22},{"not_picked":["Terror","Reflex","Burst"],"picked":"SKIP","floor":24},{"not_picked":["Terror","Reflex","Burst"],"picked":"SKIP","floor":24},{"not_picked":["Underhanded Strike","Calculated Gamble","Outmaneuver"],"picked":"SKIP","floor":27},{"not_picked":["Eviscerate+1","Bouncing Flask","Terror"],"picked":"SKIP","floor":28},{"not_picked":["Backflip","Riddle With Holes"],"picked":"Terror+1","floor":29},{"not_picked":["PiercingWail+1","Backflip+1","Sucker Punch"],"picked":"SKIP","floor":30},{"not_picked":["Well Laid Plans","Prepared","Slice"],"picked":"SKIP","floor":31},{"not_picked":["Dagger Spray+1","Poisoned Stab","Cloak And Dagger+1"],"picked":"SKIP","floor":35},{"not_picked":["Dagger Throw+1","Noxious Fumes","Calculated Gamble"],"picked":"SKIP","floor":36},{"not_picked":["Dagger Throw","Prepared+1","Underhanded Strike"],"picked":"SKIP","floor":39},{"not_picked":["Dash","Expertise+1"],"picked":"Noxious Fumes+1","floor":40},{"not_picked":["Outmaneuver+1","Deadly Poison","Flying Knee+1"],"picked":"SKIP","floor":41},{"not_picked":["PiercingWail+1","Slice+1"],"picked":"Caltrops+1","floor":42},{"not_picked":["Tactician","Catalyst+1","Underhanded Strike+1"],"picked":"Singing Bowl","floor":45},{"not_picked":["Dagger Throw","Reflex","Flying Knee+1"],"picked":"Singing Bowl","floor":46},{"not_picked":["Quick Slash","Deflect+1","Outmaneuver"],"picked":"Singing Bowl","floor":48}],"player_experience":138420,"relics_obtained":[{"floor":6,"key":"Ornamental Fan"},{"floor":7,"key":"Odd Mushroom"},{"floor":8,"key":"Art of War"},{"floor":9,"key":"Snake Skull"},{"floor":13,"key":"Blue Candle"},{"floor":24,"key":"Matryoshka"},{"floor":26,"key":"Whetstone"},{"floor":26,"key":"Shovel"},{"floor":27,"key":"Juzu Bracelet"},{"floor":30,"key":"Peace Pipe"},{"floor":32,"key":"TungstenRod"},{"floor":38,"key":"StoneCalendar"},{"floor":40,"key":"Dead Branch"},{"floor":42,"key":"CaptainsWheel"},{"floor":43,"key":"Singing Bowl"},{"floor":43,"key":"Paper Crane"},{"floor":44,"key":"Pocketwatch"},{"floor":45,"key":"Oddly Smooth Stone"},{"floor":46,"key":"Lizard Tail"},{"floor":49,"key":"Bottled Flame"}],"event_choices":[{"damage_healed":0,"gold_gain":0,"player_choice":"Ignored","damage_taken":0,"max_hp_gain":0,"max_hp_loss":0,"event_name":"Golden Wing","floor":5,"gold_loss":0},{"damage_healed":0,"gold_gain":0,"player_choice":"Fought Mushrooms","damage_taken":0,"max_hp_gain":0,"max_hp_loss":0,"event_name":"Mushrooms","floor":7,"gold_loss":0},{"damage_healed":0,"gold_gain":0,"player_choice":"Bought 0 Potions","damage_taken":0,"max_hp_gain":0,"max_hp_loss":0,"event_name":"The Woman in Blue","floor":10,"gold_loss":0},{"damage_healed":0,"gold_gain":0,"player_choice":"Ignored","damage_taken":0,"max_hp_gain":0,"max_hp_loss":0,"event_name":"Vampires","floor":25,"gold_loss":0},{"damage_healed":0,"gold_gain":0,"player_choice":"Got Potions","damage_taken":0,"max_hp_gain":0,"max_hp_loss":0,"event_name":"Lab","floor":37,"gold_loss":0},{"damage_healed":0,"gold_gain":0,"player_choice":"Fight","damage_taken":0,"max_hp_gain":0,"max_hp_loss":0,"event_name":"MindBloom","floor":38,"gold_loss":0},{"damage_healed":0,"gold_gain":0,"player_choice":"Fight","damage_taken":0,"max_hp_gain":0,"max_hp_loss":0,"event_name":"Mysterious Sphere","floor":46,"gold_loss":0}],"is_beta":false,"boss_relics":[{"not_picked":["Astrolabe","Empty Cage","Runic Dome"]},{"not_picked":["Cursed Key","Velvet Choker"],"picked":"WristBlade"}],"items_purged_floors":[],"is_endless":false,"potions_floor_spawned":[3,6,11,13,18,21,24,28,31,33,38,41,45,46],"ascension_level":1}}