{"host":"zxd2l8an9de7z7b9","time":1613467951,"event":{"mods":["2.2 Compatiblity","AchievementEnabler","BaseMod","CapriCore","Colored Map","Colored Powertips","Minty Spire (QoL Compilation)","Rare Cards Sparkle","StSLib","SuperFastMode"],"gold_per_floor":[115,190,210,220,220,253,253,268,268,268,280,309,53,64,64,159,159,179,195,195,120,120,120,140,153,153,168,168,196,212,229,229,333,333,348,348,136,147,158,158,158,158,209,221,270,284,284,2,2,2,2,2,2,2,2],"floor_reached":54,"language":"KOR","playtime":1975,"items_purged":["Strike_R","Strike_R","Strike_R"],"score":636,"play_id":"6a2a1c9a-fa43-4530-8796-fa2f5a6d1235","local_time":"20210216183231","is_ascension_mode":false,"campfire_choices":[{"data":"True Grit","floor":7.0,"key":"SMITH"},{"data":"Dark Embrace","floor":10.0,"key":"SMITH"},{"floor":15.0,"key":"REST"},{"data":"Fire Breathing","floor":23.0,"key":"SMITH"},{"data":"Fire Breathing","floor":28.0,"key":"SMITH"},{"data":"Flame Barrier","floor":32.0,"key":"SMITH"},{"data":"True Grit","floor":40.0,"key":"SMITH"},{"floor":42.0,"key":"RECALL"},{"data":"Second Wind","floor":47.0,"key":"SMITH"},{"data":"Dual Wield","floor":49.0,"key":"SMITH"},{"data":"Pommel Strike","floor":52.0,"key":"SMITH"}],"circlet_count":0,"master_deck":["Strike_R","Defend_R","Defend_R","Defend_R","Defend_R","Bash+1","Uppercut","Ghostly Armor","Fire Breathing+1","True Grit+1","Dark Embrace+1","Feel No Pain","Flame Barrier+1","Sentinel","Fire Breathing+1","Pommel Strike+1","Reaper","Battle Trance","Second Wind+1","Necronomicurse","Writhe","Reckless Charge","Rage+1","Sentinel","Immolate","True Grit+1","Mayhem","Flame Barrier","Seeing Red","Metallicize+1","Power Through","Wild Strike+1","Dual Wield+1"],"relics":["Burning Blood","Bottled Flame","Torii","Odd Mushroom","Mark of Pain","Necronomicon","Gambling Chip","Letter Opener","Paper Frog","SacredBark","Calipers","Membership Card"],"acts_visited":["Exordium","TheCity","TheBeyond","TheEnding"],"potions_floor_usage":[],"damage_taken":[{"damage":7.0,"enemies":"Small Slimes","floor":1.0,"turns":5.0},{"damage":1.0,"enemies":"Jaw Worm","floor":3.0,"turns":3.0},{"damage":2.0,"enemies":"Cultist","floor":4.0,"turns":4.0},{"damage":29.0,"enemies":"Lagavulin","floor":6.0,"turns":9.0},{"damage":10.0,"enemies":"Blue Slaver","floor":8.0,"turns":5.0},{"damage":10.0,"enemies":"Looter","floor":11.0,"turns":2.0},{"damage":29.0,"enemies":"The Mushroom Lair","floor":12.0,"turns":8.0},{"damage":3.0,"enemies":"3 Louse","floor":14.0,"turns":6.0},{"damage":19.0,"enemies":"Slime Boss","floor":16.0,"turns":11.0},{"damage":12.0,"enemies":"3 Byrds","floor":18.0,"turns":5.0},{"damage":14.0,"enemies":"Shell Parasite","floor":19.0,"turns":10.0},{"damage":1.0,"enemies":"Centurion and Healer","floor":24.0,"turns":5.0},{"damage":0.0,"enemies":"Sentry and Sphere","floor":25.0,"turns":3.0},{"damage":15.0,"enemies":"Snecko","floor":27.0,"turns":3.0},{"damage":45.0,"enemies":"Gremlin Leader","floor":29.0,"turns":6.0},{"damage":1.0,"enemies":"Chosen and Byrds","floor":30.0,"turns":4.0},{"damage":14.0,"enemies":"Snake Plant","floor":31.0,"turns":4.0},{"damage":43.0,"enemies":"Collector","floor":33.0,"turns":9.0},{"damage":13.0,"enemies":"3 Darklings","floor":35.0,"turns":5.0},{"damage":13.0,"enemies":"Orb Walker","floor":38.0,"turns":4.0},{"damage":26.0,"enemies":"3 Darklings","floor":39.0,"turns":4.0},{"damage":8.0,"enemies":"Jaw Worm Horde","floor":44.0,"turns":3.0},{"damage":18.0,"enemies":"2 Orb Walkers","floor":45.0,"turns":4.0},{"damage":16.0,"enemies":"Sphere and 2 Shapes","floor":46.0,"turns":6.0},{"damage":87.0,"enemies":"Awakened One","floor":50.0,"turns":12.0},{"damage":66,"enemies":"Shield and Spear","floor":54,"turns":6}],"seed_played":"7817118411362016282","potions_obtained":[{"floor":3.0,"key":"SteroidPotion"},{"floor":14.0,"key":"Energy Potion"},{"floor":16.0,"key":"Block Potion"},{"floor":18.0,"key":"Dexterity Potion"},{"floor":24.0,"key":"Swift Potion"},{"floor":29.0,"key":"Energy Potion"},{"floor":39.0,"key":"LiquidMemories"},{"floor":44.0,"key":"ColorlessPotion"},{"floor":46.0,"key":"Explosive Potion"}],"is_trial":false,"path_per_floor":["M","?","M","M","?","E","R","M","T","R","M","?","$","M","R","B",null,"M","M","?","?","?","R","M","M","T","M","R","E","M","M","R","B",null,"M","?","$","M","M","R","?","R","T","M","?","M","R","$","R","B",null,"R","$","E"],"character_chosen":"IRONCLAD","items_purchased":["Flame Barrier","Sentinel","Fire Breathing","Flame Barrier","Seeing Red","Membership Card","SteroidPotion","Dual Wield"],"campfire_rested":1,"item_purchase_floors":[13,13,13,37,37,48,48,48],"current_hp_per_floor":[79,68,73,77,77,54,54,50,50,50,46,23,23,26,50,37,80,76,74,58,58,58,58,63,69,69,66,66,33,46,40,40,33,80,75,75,75,80,60,60,60,60,60,58,68,70,70,70,70,19,80,80,80,14,14],"gold":2,"neow_bonus":"UPGRADE_CARD","is_daily":false,"chose_seed":false,"campfire_upgraded":9,"win_rate":0.0,"timestamp":1613467951,"path_taken":["M","?","M","M","?","E","R","M","T","R","?","?","$","M","R","BOSS","M","M","?","?","?","R","M","M","T","M","R","E","M","M","R","BOSS","M","?","$","M","M","R","?","R","T","M","?","M","R","$","R","BOSS","R","$","E"],"items_purchased_type":["Card","Card","Card","Card","Card","Relic","Potion","Card"],"build_version":"2020-12-22","purchased_purges":3,"victory":false,"max_hp_per_floor":[80,80,80,80,80,80,80,80,80,80,80,80,80,80,80,80,80,80,80,80,80,80,80,80,80,80,80,80,80,80,80,80,80,80,80,80,80,80,80,80,80,80,80,80,80,80,80,80,80,80,80,80,80,80,80],"card_choices":[{"not_picked":["Pommel Strike","Heavy Blade"],"picked":"Uppercut","floor":1.0},{"not_picked":["Flex","Shrug It Off"],"picked":"Ghostly Armor","floor":3.0},{"not_picked":["Disarm","Clothesline"],"picked":"Fire Breathing","floor":4.0},{"not_picked":["Pommel Strike","Hemokinesis"],"picked":"True Grit","floor":6.0},{"not_picked":["Twin Strike","Clothesline"],"picked":"Dark Embrace","floor":8.0},{"not_picked":["Havoc","Infernal Blade"],"picked":"Feel No Pain","floor":11.0},{"not_picked":["Clash","Heavy Blade"],"picked":"Pommel Strike","floor":14.0},{"not_picked":["Limit Break","Impervious"],"picked":"Reaper","floor":16.0},{"not_picked":["Havoc","Twin Strike"],"picked":"Battle Trance","floor":18.0},{"not_picked":["Clothesline+1","Shrug It Off+1"],"picked":"Second Wind","floor":19.0},{"not_picked":["Perfected Strike","Headbutt","Iron Wave"],"picked":"SKIP","floor":24.0},{"not_picked":["Flex","Headbutt"],"picked":"Reckless Charge","floor":25.0},{"not_picked":["Metallicize","Body Slam"],"picked":"Rage+1","floor":27.0},{"not_picked":["Headbutt+1","Heavy Blade+1","Inflame"],"picked":"SKIP","floor":29.0},{"not_picked":["Headbutt","Pommel Strike+1","Heavy Blade+1"],"picked":"SKIP","floor":30.0},{"not_picked":["Headbutt","Pommel Strike+1","Heavy Blade+1"],"picked":"SKIP","floor":30.0},{"not_picked":["Carnage+1","Heavy Blade"],"picked":"Sentinel","floor":31.0},{"not_picked":["Limit Break","Feed"],"picked":"Immolate","floor":33.0},{"not_picked":["Carnage","Spot Weakness"],"picked":"True Grit","floor":35.0},{"not_picked":["Impatience","Swift Strike"],"picked":"Mayhem","floor":36.0},{"not_picked":["Iron Wave","True Grit","Heavy Blade+1"],"picked":"SKIP","floor":38.0},{"not_picked":["Heavy Blade+1","Warcry"],"picked":"Metallicize+1","floor":39.0},{"not_picked":["Wild Strike","Combust"],"picked":"Power Through","floor":44.0},{"not_picked":["Body Slam","Corruption"],"picked":"Wild Strike+1","floor":46.0}],"player_experience":363981,"relics_obtained":[{"floor":6.0,"key":"Bottled Flame"},{"floor":9.0,"key":"Torii"},{"floor":12.0,"key":"Odd Mushroom"},{"floor":20.0,"key":"Necronomicon"},{"floor":26.0,"key":"Letter Opener"},{"floor":29.0,"key":"Paper Frog"},{"floor":45.0,"key":"Calipers"}],"event_choices":[{"damage_healed":0.0,"max_hp_gain":0.0,"max_hp_loss":0.0,"gold_gain":75.0,"event_name":"World of Goop","player_choice":"Gather Gold","floor":2.0,"gold_loss":0.0,"damage_taken":11.0},{"damage_healed":0.0,"max_hp_gain":0.0,"max_hp_loss":0.0,"gold_gain":0.0,"event_name":"NoteForYourself","player_choice":"Ignored","floor":5.0,"gold_loss":0.0,"damage_taken":0.0},{"damage_healed":0.0,"max_hp_gain":0.0,"max_hp_loss":0.0,"gold_gain":0.0,"event_name":"Mushrooms","player_choice":"Fought Mushrooms","floor":12.0,"gold_loss":0.0,"damage_taken":0.0},{"damage_healed":0.0,"max_hp_gain":0.0,"max_hp_loss":0.0,"gold_gain":0.0,"event_name":"Cursed Tome","player_choice":"Obtained Book","floor":20.0,"gold_loss":0.0,"damage_taken":16.0},{"cards_removed":["Strike_R"],"damage_healed":0.0,"max_hp_gain":0.0,"max_hp_loss":0.0,"gold_gain":0.0,"event_name":"Beggar","player_choice":"Gave Gold","floor":21.0,"gold_loss":75.0,"damage_taken":0.0},{"damage_healed":0.0,"max_hp_gain":0.0,"max_hp_loss":0.0,"gold_gain":0.0,"event_name":"The Mausoleum","player_choice":"Opened","floor":22.0,"gold_loss":0.0,"damage_taken":0.0,"relics_obtained":["Gambling Chip"],"cards_obtained":["Writhe"]},{"damage_healed":0.0,"max_hp_gain":0.0,"max_hp_loss":0.0,"gold_gain":0.0,"event_name":"SensoryStone","player_choice":"Memory 1","floor":36.0,"gold_loss":0.0,"damage_taken":0.0},{"damage_healed":0.0,"max_hp_gain":0.0,"max_hp_loss":0.0,"gold_gain":0.0,"event_name":"Tomb of Lord Red Mask","player_choice":"Ignored","floor":41.0,"gold_loss":0.0,"damage_taken":0.0},{"damage_healed":0.0,"max_hp_gain":0.0,"max_hp_loss":0.0,"gold_gain":0.0,"event_name":"Mysterious Sphere","player_choice":"Fight","floor":45.0,"gold_loss":0.0,"damage_taken":0.0}],"is_beta":false,"boss_relics":[{"not_picked":["Tiny House","Busted Crown"],"picked":"Mark of Pain"},{"not_picked":["Runic Cube","Snecko Eye"],"picked":"SacredBark"}],"items_purged_floors":[13,37,48],"is_endless":false,"potions_floor_spawned":[3,14,16,18,24,29,39,44,46],"killed_by":"Shield and Spear","ascension_level":0}}