{"host":"cpsutu8lprjuipd6","time":1613448753,"event":{"mods":["BaseMod","Colored Map","Minty Spire (QoL Compilation)","Permanent Neow","StSLib","SuperFastMode","The Bug Knight","Together in Spire"],"gold_per_floor":[110,110,129,141,141,169,169,200,247,20,20,30,46,1,1,101,101,121,121,138,38,38,38,38,38],"floor_reached":24,"language":"KOR","playtime":848,"items_purged":["Defend_R","Fire Breathing"],"score":214,"play_id":"4ac11b13-5df6-4cef-9cf9-32e80aa5b473","local_time":"20210216131233","is_ascension_mode":true,"campfire_choices":[{"floor":7,"key":"REST"},{"floor":15,"key":"REST"},{"data":"Clash","floor":23,"key":"SMITH"}],"circlet_count":0,"master_deck":["Strike_R","Defend_R","Defend_R","Bash+1","Clash+1","Double Tap","Dropkick"],"relics":["Burning Blood","InkBottle","Red Skull","Regal Pillow","MealTicket","Runic Cube"],"acts_visited":["Exordium","TheCity"],"potions_floor_usage":[20],"damage_taken":[{"damage":1,"enemies":"Small Slimes","floor":1,"turns":3},{"damage":1,"enemies":"Cultist","floor":3,"turns":4},{"damage":4,"enemies":"2 Louse","floor":4,"turns":4},{"damage":38,"enemies":"Gremlin Nob","floor":6,"turns":5},{"damage":43,"enemies":"3 Sentries","floor":8,"turns":12},{"damage":6,"enemies":"Blue Slaver","floor":12,"turns":5},{"damage":8,"enemies":"Red Slaver","floor":13,"turns":4},{"damage":63,"enemies":"The Guardian","floor":16,"turns":13},{"damage":5,"enemies":"Chosen","floor":18,"turns":4},{"damage":37,"enemies":"3 Byrds","floor":20,"turns":7},{"damage":68,"enemies":"Slavers","floor":24,"turns":4}],"seed_played":"6134610614743398154","potions_obtained":[{"floor":6,"key":"PowerPotion"},{"floor":8,"key":"SpeedPotion"},{"floor":11,"key":"HeartOfIron"},{"floor":11,"key":"BlessingOfTheForge"},{"floor":18,"key":"DuplicationPotion"}],"is_trial":false,"path_per_floor":["M","?","M","M","?","E","R","E","T","$","?","M","M","$","R","B",null,"M","?","M","$","?","R","E"],"character_chosen":"IRONCLAD","items_purchased":["MealTicket","Clash"],"campfire_rested":2,"item_purchase_floors":[10,14],"current_hp_per_floor":[72,72,72,72,77,45,68,31,31,31,31,31,29,44,77,20,77,77,77,46,61,61,61,0,0],"gold":38,"neow_bonus":"REMOVE_TWO","is_daily":false,"chose_seed":false,"campfire_upgraded":1,"win_rate":0.0,"timestamp":1613448753,"path_taken":["M","?","?","M","?","E","R","E","T","$","?","?","M","$","R","BOSS","M","?","M","$","?","R","E"],"items_purchased_type":["Relic","Card"],"build_version":"2020-12-22","purchased_purges":2,"victory":false,"max_hp_per_floor":[72,72,72,72,77,77,77,77,77,77,77,77,77,77,77,77,77,77,77,77,77,77,77,77,77],"card_choices":[{"not_picked":["Armaments","Twin Strike","Headbutt"],"picked":"SKIP","floor":1},{"not_picked":["Headbutt","Warcry","Body Slam"],"picked":"SKIP","floor":3},{"not_picked":["Perfected Strike","Wild Strike","Infernal Blade"],"picked":"SKIP","floor":4},{"not_picked":["Impervious","Armaments","Cleave"],"picked":"SKIP","floor":6},{"not_picked":["Searing Blow","Heavy Blade","Clothesline"],"picked":"SKIP","floor":8},{"not_picked":["Havoc","Infernal Blade","True Grit"],"picked":"SKIP","floor":12},{"not_picked":["Cleave","Whirlwind","Uppercut"],"picked":"SKIP","floor":13},{"not_picked":["Armaments+1","Ghostly Armor","Metallicize"],"picked":"SKIP","floor":18},{"not_picked":["Clothesline","Burning Pact"],"picked":"Dropkick","floor":20}],"player_experience":94990,"relics_obtained":[{"floor":6,"key":"InkBottle"},{"floor":8,"key":"Red Skull"},{"floor":9,"key":"Regal Pillow"}],"event_choices":[{"damage_healed":0,"gold_gain":0,"player_choice":"Upgraded","damage_taken":0,"max_hp_gain":0,"max_hp_loss":0,"event_name":"Upgrade Shrine","floor":2,"gold_loss":0,"cards_upgraded":["Bash"]},{"damage_healed":0,"gold_gain":0,"player_choice":"Donut","damage_taken":0,"max_hp_gain":5,"max_hp_loss":0,"event_name":"Big Fish","floor":5,"gold_loss":0},{"damage_healed":0,"gold_gain":0,"player_choice":"Got Potions","damage_taken":0,"max_hp_gain":0,"max_hp_loss":0,"event_name":"Lab","floor":11,"gold_loss":0},{"damage_healed":0,"gold_gain":0,"cards_transformed":["Strike_R","Defend_R"],"player_choice":"Became Test Subject","damage_taken":0,"max_hp_gain":0,"max_hp_loss":0,"event_name":"Drug Dealer","floor":19,"gold_loss":0,"cards_obtained":["Fire Breathing","Double Tap"]},{"cards_removed":["Strike_R"],"damage_healed":0,"gold_gain":0,"player_choice":"Offered Basic","damage_taken":0,"max_hp_gain":0,"max_hp_loss":0,"event_name":"Bonfire Elementals","floor":22,"gold_loss":0}],"is_beta":false,"boss_relics":[{"not_picked":["Busted Crown","Runic Pyramid"],"picked":"Runic Cube"}],"items_purged_floors":[10,21],"is_endless":false,"potions_floor_spawned":[6,8,12,18],"killed_by":"Slavers","ascension_level":1}}