{"host":"9j472d1lqxyi8fmj","time":1613516761,"event":{"mods":["AchievementEnabler","Aspiration","BaseMod","Better Note","BetterRewards","Block Reminder","Card Filter","Colored Powertips","Downfall","Googly Eyes","Halation","Hermit","Hubris","Infinite Spire","Minty Spire (QoL Compilation)","Potion Indicator Mod","Rare Cards Sparkle","Relic Filter","Reliquary","Replay The Spire","Spicy Shops","StSLib","The Runesmith","Virulent Crown"],"gold_per_floor":[119,294,294,294,369,369,379,396,396,396,410,31,31,48,48,152,152,170,188,201,219,8,8,8,8,8,8,21,21,21,54,54,152,152,172,239,84,96,96,96],"floor_reached":39,"language":"ENG","playtime":1738,"items_purged":["Doubt"],"score":539,"play_id":"9a5214dc-4381-4311-9a0e-fc6680045fe8","local_time":"20210216180601","is_ascension_mode":false,"campfire_choices":[{"data":"Survivor","floor":6,"key":"SMITH"},{"data":"Backflip","floor":10,"key":"SMITH"},{"data":"Deadly Poison","floor":13,"key":"SMITH"},{"data":"Hidden Blade","floor":15,"key":"SMITH"},{"floor":23,"key":"REST"},{"floor":27,"key":"REST"},{"floor":29,"key":"REST"},{"data":"Infinite Blades","floor":32,"key":"SMITH"}],"circlet_count":0,"master_deck":["Strike_G","Strike_G","Strike_G","Strike_G","Strike_G","Defend_G","Defend_G","Defend_G","Defend_G+1","Defend_G","Survivor+1","Neutralize","hubris:SlightOfHand+1","Backflip+1","Leg Sweep","Acrobatics","Accuracy","Deadly Poison+1","Hidden Blade+1","Die Die Die","Poisoned Stab+1","Tactician","Accuracy","Infinite Blades+1","Deadly Poison","Outmaneuver+1","Hidden Blade+1","Cloak And Dagger","ReplayTheSpireMod:Necrosis","PiercingWail+1","Acrobatics","ReplayTheSpireMod:Scrap Shanks","ReplayTheSpireMod:The Works","Deflect+1"],"relics":["Ring of the Snake","Tough Bandages","StrikeDummy","VirulentCrownMod:VirulentCrown","Lee\u0027s Waffle","aspiration:SecretTechniqueScroll","Ninja Scroll","reliquary:TridentHead","The Specimen","hubris:ToyBattleship","aspiration:StickyExplosives","sneckomod:SneckoTalon","Happy Flower"],"acts_visited":["Exordium","TheCity","TheBeyond"],"potions_floor_usage":[33,39],"damage_taken":[{"damage":0,"enemies":"Small Slimes","floor":1,"turns":3},{"damage":0,"enemies":"Jaw Worm","floor":7,"turns":3},{"damage":3,"enemies":"2 Louse","floor":8,"turns":3},{"damage":0,"enemies":"Lots of Slimes","floor":11,"turns":5},{"damage":3,"enemies":"3 Louse","floor":14,"turns":3},{"damage":21,"enemies":"Slime Boss","floor":16,"turns":12},{"damage":15,"enemies":"2 Thieves","floor":18,"turns":5},{"damage":12,"enemies":"Spheric Guardian","floor":19,"turns":4},{"damage":15,"enemies":"3 Cultists","floor":20,"turns":6},{"damage":1,"enemies":"Shelled Parasite and Fungi","floor":21,"turns":6},{"damage":23,"enemies":"Snake Plant","floor":28,"turns":4},{"damage":7,"enemies":"Book of Stabbing","floor":31,"turns":5},{"damage":34,"enemies":"Champ","floor":33,"turns":9},{"damage":45,"enemies":"3 Darklings","floor":35,"turns":5},{"damage":3,"enemies":"3 Shapes","floor":38,"turns":3},{"damage":10,"enemies":"Maw","floor":39,"turns":4}],"seed_played":"8343277649324837484","potions_obtained":[{"floor":7,"key":"Elixir"},{"floor":11,"key":"champ:CounterPotion"},{"floor":33,"key":"DistilledChaos"},{"floor":36,"key":"Poison Potion"}],"is_trial":false,"path_per_floor":["M","?","T","?","?","R","M","M","T","R","M","$","R","M","R","B",null,"M","M","M","M","$","R","?","$","T","R","M","R","?","E","R","B",null,"M","?","$","M","M"],"character_chosen":"THE_SILENT","items_purchased":["Tough Bandages","Acrobatics","Accuracy","Deadly Poison","Lee\u0027s Waffle","Deadly Poison","Outmaneuver+1","Ninja Scroll","reliquary:TridentHead","ReplayTheSpireMod:Scrap Shanks","ReplayTheSpireMod:The Works"],"campfire_rested":3,"item_purchase_floors":[0,12,12,12,12,22,22,25,25,37,37],"current_hp_per_floor":[70,70,70,56,49,49,49,46,46,46,46,77,77,74,74,53,77,62,50,35,34,34,57,57,26,26,49,26,49,49,42,42,8,77,32,13,13,10,0,0],"gold":96,"neow_bonus":"","is_daily":false,"chose_seed":false,"campfire_upgraded":5,"win_rate":0.0,"timestamp":1613516761,"path_taken":["M","?","?","?","?","R","M","M","T","R","M","$","R","M","R","BOSS","M","M","M","M","?","R","?","?","T","R","M","R","?","E","R","BOSS","M","?","$","M","M"],"items_purchased_type":["Relic","Card","Card","Card","Relic","Card","Card","Relic","Relic","Card","Card"],"build_version":"2020-12-22","purchased_purges":1,"victory":false,"max_hp_per_floor":[70,70,70,70,70,70,70,70,70,70,70,77,77,77,77,77,77,77,77,77,77,77,77,77,77,77,77,77,77,77,77,77,77,77,77,77,77,77,77,77],"card_choices":[{"not_picked":["Poisoned Stab","PiercingWail"],"picked":"hubris:SlightOfHand","floor":1},{"not_picked":["Dodge and Roll","Crippling Poison"],"picked":"hubris:SlightOfHand","floor":7},{"not_picked":["Deflect","Quick Slash"],"picked":"Backflip","floor":8},{"not_picked":["hubris:SlightOfHand","Expertise"],"picked":"Leg Sweep","floor":11},{"not_picked":["Heel Hook","Skewer"],"picked":"Hidden Blade","floor":14},{"not_picked":["ReplayTheSpireMod:From All Sides","Glass Knife"],"picked":"Die Die Die","floor":16},{"not_picked":["Deadly Poison","hubris:Counter"],"picked":"Poisoned Stab+1","floor":18},{"not_picked":["Eviscerate","Deflect"],"picked":"Tactician","floor":19},{"not_picked":["ReplayTheSpireMod:Shiv Toss","ReplayTheSpireMod:Exploit Weakness"],"picked":"Accuracy","floor":20},{"not_picked":["Flying Knee","Prepared"],"picked":"Infinite Blades","floor":21},{"not_picked":["Glass Knife","Dagger Spray+1"],"picked":"Hidden Blade+1","floor":28},{"not_picked":["Sucker Punch","Setup"],"picked":"Cloak And Dagger","floor":31},{"not_picked":["Doppelganger","Phantasmal Killer"],"picked":"ReplayTheSpireMod:Necrosis","floor":33},{"not_picked":["Sucker Punch","Underhanded Strike"],"picked":"PiercingWail+1","floor":35},{"not_picked":["Hidden Blade","PiercingWail"],"picked":"Acrobatics","floor":36},{"not_picked":["hubris:TrickCloak","Expertise"],"picked":"Deflect+1","floor":38}],"player_experience":389680,"relics_obtained":[{"floor":3,"key":"StrikeDummy"},{"floor":9,"key":"VirulentCrownMod:VirulentCrown"},{"floor":26,"key":"The Specimen"},{"floor":30,"key":"hubris:ToyBattleship"},{"floor":31,"key":"aspiration:StickyExplosives"},{"floor":36,"key":"Happy Flower"}],"event_choices":[{"damage_healed":0,"gold_gain":175,"player_choice":"AGREE","damage_taken":0,"max_hp_gain":0,"max_hp_loss":0,"event_name":"Liars Game","floor":2,"gold_loss":0,"cards_obtained":["Doubt"]},{"damage_healed":0,"gold_gain":0,"player_choice":"Entered Light","damage_taken":14,"max_hp_gain":0,"max_hp_loss":0,"event_name":"Shining Light","floor":4,"gold_loss":0,"cards_upgraded":["hubris:SlightOfHand","Defend_G"]},{"damage_healed":0,"gold_gain":75,"player_choice":"Touch","damage_taken":7,"max_hp_gain":0,"max_hp_loss":0,"event_name":"FaceTrader","floor":5,"gold_loss":0},{"cards_removed":["hubris:SlightOfHand"],"damage_healed":0,"gold_gain":0,"player_choice":"Purged","damage_taken":0,"max_hp_gain":0,"max_hp_loss":0,"event_name":"Purifier","floor":24,"gold_loss":0},{"damage_healed":0,"gold_gain":0,"player_choice":"Relic","damage_taken":0,"max_hp_gain":0,"max_hp_loss":0,"event_name":"Wheel of Change","floor":30,"gold_loss":0}],"is_beta":false,"boss_relics":[{"not_picked":["halation:LoveArrow","Runic Pyramid"],"picked":"aspiration:SecretTechniqueScroll"},{"not_picked":["reliquary:RustamsPendant","hubris:Stopwatch"],"picked":"sneckomod:SneckoTalon"}],"items_purged_floors":[22],"is_endless":false,"potions_floor_spawned":[7,11,19,21,31,33],"killed_by":"Maw","ascension_level":0}}