{"host":"jlflj8qhu4jas6pq","time":1613474971,"event":{"mods":["ATMod(阿瑾Mod)","BaseMod","Better Vampires","Dota2Spire","FoggyMod","Minty Spire (QoL Compilation)","Quick Restart","Reliquary","Shop Mod","Spicy Shops","StSLib","TestMod","The Servant 0.9.4","noobMod","【遗物卡牌】REMEMod","篝火指南"],"gold_per_floor":[110,285,285,285,285,316,316,266,266,266,41,41,41,41,41,272,272,285,35,35,35,35,208,208,83,83,83,25,225,12,12,12,266,266,281,614,614,614,614,740,890,890,935,542,542,542,542,229,229,459],"floor_reached":51,"language":"ZHS","playtime":1757,"items_purged":["Strike_R","Defend_R","Defend_R","Defend_R","Strike_R"],"score":945,"play_id":"2a5664f5-3a68-4450-b7df-65e0bfb84322","local_time":"20210216192931","is_ascension_mode":false,"campfire_choices":[{"data":"Warcry","floor":15,"key":"SMITH"},{"data":"AT_DrawKnifeCut","floor":47,"key":"SMITH"},{"data":"Dual Wield","floor":49,"key":"SMITH"}],"circlet_count":0,"master_deck":["Strike_R+1","Defend_R+1","Bash","Warcry+1","REME_ACTH+1","Thunderclap","Necronomicurse","Dropkick","REME_ACTH+1","Infernal Blade+1","Pummel","Combust+1","Dual Wield+1","AT_DrawKnifeCut+1"],"relics":["Burning Blood","AT_ATBox","ice","REME_ComplimentaryCards","NeowsBlessing","testmod-Brilliant","Juzu Bracelet","Spirit Poop","testmod-HeartOfStrike","reliquary:TridentHead","REME_CardOfGreed","Dota2Spire:MaskOfMadness","AT_TheCollector","testmod-SaigiyounoYou","Dota2Spire:HandOfMidas","reliquary:Stiletto","Dota2Spire:EchoSabre","reliquary:Knoch","Necronomicon","AT_SunfireAegis","Membership Card","Dota2Spire:OctarineCore","Mark of Pain","Frozen Egg 2","Charon\u0027s Ashes","Dream Catcher","PreservedInsect","reliquary:JackalopeAntler","Ice Cream","reliquary:BrokenClock"],"acts_visited":["Exordium","TheCity","TheBeyond"],"potions_floor_usage":[33],"damage_taken":[{"damage":0,"enemies":"Cultist","floor":1,"turns":1},{"damage":0,"enemies":"Gremlin Nob","floor":6,"turns":1},{"damage":0,"enemies":"Slime Boss","floor":16,"turns":1},{"damage":0,"enemies":"Spheric Guardian","floor":18,"turns":1},{"damage":52,"enemies":"Book of Stabbing","floor":23,"turns":6},{"damage":36,"enemies":"Champ","floor":33,"turns":5},{"damage":0,"enemies":"3 Darklings","floor":35,"turns":1},{"damage":3,"enemies":"Reptomancer","floor":40,"turns":1},{"damage":21,"enemies":"Mind Bloom Boss Battle","floor":41,"turns":1},{"damage":1,"enemies":"Donu and Deca","floor":50,"turns":2}],"seed_played":"5623278854571215767","potions_obtained":[{"floor":1,"key":"LiquidBronze"},{"floor":16,"key":"LiquidBronze"},{"floor":41,"key":"FairyPotion"}],"is_trial":false,"path_per_floor":["M","?","?","?","?","E","?","?","T","?","$","?","?","T","R","B",null,"M","$","?","?","?","E","?","R","T","?","$","?","$","?","R","B",null,"M","?","?","?","?","E","?","?","T","$","?","?","R","$","R","B",null],"character_chosen":"IRONCLAD","items_purchased":["REME_CardOfGreed","Dota2Spire:HandOfMidas","AT_SunfireAegis","Membership Card","Dota2Spire:OctarineCore","Dropkick","PreservedInsect","reliquary:JackalopeAntler","Dual Wield","AT_DrawKnifeCut","Ice Cream","reliquary:BrokenClock"],"campfire_rested":0,"item_purchase_floors":[11,19,28,30,30,30,44,44,44,44,48,48],"current_hp_per_floor":[80,80,80,80,73,79,63,63,63,68,68,50,29,29,29,35,85,85,85,85,85,85,51,51,51,51,35,35,35,35,19,19,90,90,90,90,90,90,90,90,89,89,89,89,89,89,89,89,89,90],"gold":459,"neow_bonus":"THREE_ENEMY_KILL","is_daily":false,"chose_seed":false,"campfire_upgraded":3,"win_rate":0.0,"timestamp":1613474971,"path_taken":["M","?","?","?","?","E","?","?","T","?","?","?","?","?","R","BOSS","M","$","?","?","?","E","?","R","T","?","?","?","?","?","R","BOSS","M","?","?","?","?","E","?","?","T","$","?","?","R","?","R","BOSS"],"items_purchased_type":["Relic","Relic","Relic","Relic","Relic","Card","Relic","Relic","Card","Card","Relic","Relic"],"build_version":"2020-12-22","purchased_purges":5,"victory":true,"max_hp_per_floor":[80,80,80,80,80,80,80,80,80,85,85,85,85,85,85,85,85,85,85,85,85,85,85,85,85,85,85,85,85,85,90,90,90,90,90,90,90,90,90,90,90,90,90,90,90,90,90,90,90,90],"card_choices":[{"not_picked":["Shrug It Off","Clothesline","REME_Cut"],"picked":"SKIP","floor":1},{"not_picked":["Entrench","Metallicize"],"picked":"Warcry","floor":6},{"not_picked":["Bludgeon","Limit Break"],"picked":"REME_ACTH","floor":16},{"not_picked":["True Grit","AT_ShrugMaster"],"picked":"Thunderclap","floor":18},{"not_picked":["REME_SingleHolding+1","Anger","AT_BodySlamDance"],"picked":"SKIP","floor":23},{"not_picked":["Reaper","Impervious"],"picked":"REME_ACTH","floor":33},{"not_picked":["Heavy Blade+1","Flame Barrier+1"],"picked":"Infernal Blade+1","floor":35},{"not_picked":["Disarm+1","Shrug It Off"],"picked":"Pummel","floor":40},{"not_picked":["Flex+1","Heavy Blade+1"],"picked":"Combust+1","floor":41}],"player_experience":17577,"relics_obtained":[{"floor":6,"key":"testmod-HeartOfStrike"},{"floor":9,"key":"reliquary:TridentHead"},{"floor":14,"key":"AT_TheCollector"},{"floor":23,"key":"Dota2Spire:EchoSabre"},{"floor":26,"key":"reliquary:Knoch"},{"floor":27,"key":"Necronomicon"},{"floor":40,"key":"Frozen Egg 2"},{"floor":41,"key":"Charon\u0027s Ashes"},{"floor":43,"key":"Dream Catcher"}],"event_choices":[{"damage_healed":0,"gold_gain":175,"player_choice":"AGREE","damage_taken":0,"max_hp_gain":0,"max_hp_loss":0,"event_name":"Liars Game","floor":2,"gold_loss":0,"cards_obtained":["Doubt"]},{"damage_healed":0,"gold_gain":0,"player_choice":"Swap Relic","damage_taken":0,"relics_obtained":["Juzu Bracelet"],"max_hp_gain":0,"max_hp_loss":0,"event_name":"给自己的盒子","floor":3,"relics_lost":["testmod-TestBox"],"gold_loss":0},{"cards_removed":["Doubt"],"damage_healed":0,"gold_gain":0,"player_choice":"Offered Curse","damage_taken":0,"relics_obtained":["Spirit Poop"],"max_hp_gain":0,"max_hp_loss":0,"event_name":"Bonfire Elementals","floor":4,"gold_loss":0},{"cards_removed":["Doubt"],"damage_healed":0,"gold_gain":0,"player_choice":"Card Removal","damage_taken":7,"max_hp_gain":0,"max_hp_loss":0,"event_name":"Golden Wing","floor":5,"gold_loss":0},{"damage_healed":0,"gold_gain":0,"player_choice":"Entered Light","damage_taken":16,"max_hp_gain":0,"max_hp_loss":0,"event_name":"Shining Light","floor":7,"gold_loss":0,"cards_upgraded":["Defend_R","Strike_R"]},{"cards_removed":["Strike_R"],"damage_healed":0,"gold_gain":0,"player_choice":"Card Removal","damage_taken":0,"max_hp_gain":0,"max_hp_loss":0,"event_name":"The Cleric","floor":8,"gold_loss":50},{"damage_healed":0,"gold_gain":0,"player_choice":"Donut","damage_taken":0,"max_hp_gain":5,"max_hp_loss":0,"event_name":"Big Fish","floor":10,"gold_loss":0},{"damage_healed":0,"gold_gain":0,"player_choice":"Success","damage_taken":18,"relics_obtained":["Dota2Spire:MaskOfMadness"],"max_hp_gain":0,"max_hp_loss":0,"event_name":"Scrap Ooze","floor":12,"gold_loss":0},{"damage_healed":0,"gold_gain":0,"player_choice":"Take Damage","damage_taken":21,"relics_obtained":["Golden Idol"],"max_hp_gain":0,"max_hp_loss":0,"event_name":"Golden Idol","floor":13,"gold_loss":0},{"damage_healed":0,"gold_gain":0,"player_choice":"Gave Potion","damage_taken":0,"relics_obtained":["reliquary:Stiletto"],"max_hp_gain":0,"max_hp_loss":0,"event_name":"WeMeetAgain","floor":20,"gold_loss":0},{"damage_healed":0,"gold_gain":0,"player_choice":"Upgraded","damage_taken":0,"max_hp_gain":0,"max_hp_loss":0,"event_name":"Upgrade Shrine","floor":21,"gold_loss":0,"cards_upgraded":["REME_ACTH"]},{"cards_removed":["Strike_R"],"damage_healed":0,"gold_gain":0,"player_choice":"Purged","damage_taken":0,"max_hp_gain":0,"max_hp_loss":0,"event_name":"Purifier","floor":22,"gold_loss":0},{"damage_healed":0,"gold_gain":0,"player_choice":"Ignored","damage_taken":0,"max_hp_gain":0,"max_hp_loss":0,"event_name":"Vampires","floor":24,"gold_loss":0},{"damage_healed":0,"gold_gain":0,"player_choice":"Obtained Book","damage_taken":16,"max_hp_gain":0,"max_hp_loss":0,"event_name":"Cursed Tome","floor":27,"gold_loss":0},{"damage_healed":0,"gold_gain":200,"player_choice":"Gold","damage_taken":0,"max_hp_gain":0,"max_hp_loss":0,"event_name":"Wheel of Change","floor":29,"gold_loss":0},{"damage_healed":0,"gold_gain":0,"player_choice":"Shed Blood","damage_taken":21,"max_hp_gain":5,"max_hp_loss":0,"event_name":"Forgotten Altar","floor":31,"gold_loss":0},{"damage_healed":0,"gold_gain":333,"player_choice":"Gave Idol","damage_taken":0,"max_hp_gain":0,"max_hp_loss":0,"event_name":"The Moai Head","floor":36,"relics_lost":["Golden Idol"],"gold_loss":0},{"damage_healed":0,"gold_gain":0,"player_choice":"Upgraded","damage_taken":0,"max_hp_gain":0,"max_hp_loss":0,"event_name":"Upgrade Shrine","floor":37,"gold_loss":0,"cards_upgraded":["AT_DrawKnifeCut"]},{"damage_healed":0,"gold_gain":0,"player_choice":"Forge","damage_taken":0,"max_hp_gain":0,"max_hp_loss":0,"event_name":"Accursed Blacksmith","floor":38,"gold_loss":0,"cards_upgraded":["REME_ACTH"]},{"cards_removed":["AT_DrawKnifeCut"],"damage_healed":0,"gold_gain":0,"player_choice":"Removed Attack","damage_taken":0,"max_hp_gain":0,"max_hp_loss":0,"event_name":"Falling","floor":39,"gold_loss":0},{"damage_healed":0,"gold_gain":0,"player_choice":"Fight","damage_taken":0,"max_hp_gain":0,"max_hp_loss":0,"event_name":"MindBloom","floor":41,"gold_loss":0},{"cards_removed":["Pain"],"damage_healed":0,"gold_gain":0,"player_choice":"Purged","damage_taken":0,"max_hp_gain":0,"max_hp_loss":0,"event_name":"Purifier","floor":42,"gold_loss":0},{"damage_healed":0,"gold_gain":0,"player_choice":"Ignored","damage_taken":0,"max_hp_gain":0,"max_hp_loss":0,"event_name":"SecretPortal","floor":45,"gold_loss":0},{"damage_healed":0,"gold_gain":0,"player_choice":"Bought 0 Potions","damage_taken":0,"max_hp_gain":0,"max_hp_loss":0,"event_name":"The Woman in Blue","floor":46,"gold_loss":0}],"is_beta":false,"boss_relics":[{"not_picked":["testmod-GoldenSoul","testmod-BloodSacrificeSpiritualization"],"picked":"testmod-SaigiyounoYou"},{"not_picked":["reliquary:ThirdArm","reliquary:Ember"],"picked":"Mark of Pain"}],"items_purged_floors":[11,19,25,44,48],"is_endless":false,"potions_floor_spawned":[1,16,41],"ascension_level":0}}