{"host":"5hsgormuu0lj4iiq","time":1613513656,"event":{"mods":["AchievementEnabler","BaseMod","Colored Map","Colored Powertips","Minty Spire (QoL Compilation)","Quick Restart","Relic Stats","SuperFastMode","everything is the same but u backflip on backflip","slay the spire mod where everything is the same but ironclad has a cowboy hat"],"gold_per_floor":[360,370,95,95,14,41,41,41,41],"floor_reached":8,"language":"ENG","playtime":142,"items_purged":[],"score":89,"play_id":"0f770157-f081-49db-962c-365530af5698","local_time":"20210216171416","is_ascension_mode":true,"campfire_choices":[{"data":"Defragment","floor":7,"key":"SMITH"}],"circlet_count":0,"master_deck":["AscendersBane","Strike_B","Strike_B","Strike_B","Strike_B","Defend_B","Defend_B","Defend_B","Defend_B","Zap","Dualcast","Ball Lightning","Capacitor","Conserve Battery","Genetic Algorithm","Defragment+1"],"relics":["Cracked Core","ClockworkSouvenir","Vajra"],"acts_visited":["Exordium"],"potions_floor_usage":[],"damage_taken":[{"damage":0,"enemies":"Small Slimes","floor":1,"turns":3},{"damage":6,"enemies":"Cultist","floor":2,"turns":4},{"damage":49,"enemies":"Gremlin Nob","floor":6,"turns":5},{"damage":35,"enemies":"3 Sentries","floor":8,"turns":5}],"seed_played":"-4431453915830242489","potions_obtained":[],"is_trial":false,"path_per_floor":["M","M","$","?","$","E","R","E"],"character_chosen":"DEFECT","items_purchased":["Capacitor","ClockworkSouvenir","Conserve Battery","Genetic Algorithm"],"campfire_rested":0,"item_purchase_floors":[3,3,3,5],"current_hp_per_floor":[50,44,44,75,75,26,26,0,0],"gold":41,"neow_bonus":"TWO_FIFTY_GOLD","is_daily":false,"chose_seed":false,"campfire_upgraded":1,"win_rate":0.0,"timestamp":1613513656,"path_taken":["M","M","$","?","$","E","R","E"],"items_purchased_type":["Card","Relic","Card","Card"],"build_version":"2020-12-22","purchased_purges":0,"victory":false,"max_hp_per_floor":[75,75,75,75,75,75,75,75,75],"relic_stats":{"counters":[4,17],"obtain_stats":[{"Vajra":6,"Cracked Core":0,"ClockworkSouvenir":3},{"Vajra":3,"Cracked Core":0,"ClockworkSouvenir":2},{"Vajra":12,"Cracked Core":0,"ClockworkSouvenir":7}]},"card_choices":[{"not_picked":["Coolheaded","Beam Cell"],"picked":"Heatsinks","floor":1},{"not_picked":["Coolheaded","Chaos"],"picked":"Ball Lightning","floor":2},{"not_picked":["Chill","Cold Snap"],"picked":"Defragment","floor":6}],"player_experience":741383,"relics_obtained":[{"floor":6,"key":"Vajra"}],"event_choices":[{"cards_removed":["Heatsinks"],"damage_healed":31,"gold_gain":0,"player_choice":"Offered Uncommon","damage_taken":0,"max_hp_gain":0,"max_hp_loss":0,"event_name":"Bonfire Elementals","floor":4,"gold_loss":0}],"is_beta":false,"boss_relics":[],"items_purged_floors":[],"is_endless":false,"potions_floor_spawned":[],"killed_by":"3 Sentries","ascension_level":13}}