{"host":"ox77rn1xcurm2t5a","time":1613503725,"event":{"mods":["2.2 Compatiblity","AchievementEnabler","Act Like it!","Aspiration","BaseMod","Best Route Mod","Better Match","Better Note","Better Sensory Stone","Block Reminder","Colored Map","Colored Powertips","Conjunction","Conspire","Custom Start","Energized Spire","GifTheSpireLib","Gold Saver","Gremlin Skip","Halation","Highlight Path","Hubris","Infinite Spire","Minty Spire (QoL Compilation)","Pale of the Ancients","Quick Restart","Replay The Spire","Reworked Bosses","ShortenTheSpire","Spire Exporter","StSLib","Stuff the Spire","Wandering Minibosses"],"gold_per_floor":[578,590,36,36,36,36,36,68,68,82,107,32,44,74,74,74,74],"floor_reached":16,"language":"ENG","playtime":316,"items_purged":["Defend_R"],"score":142,"play_id":"283e61a3-a601-4962-9fb9-9749b82ed6e8","local_time":"20210216212845","is_ascension_mode":true,"campfire_choices":[{"floor":6.0,"key":"RECALL"},{"data":"Flex","floor":15.0,"key":"SMITH"}],"circlet_count":0,"master_deck":["Strike_R","Strike_R","Strike_R","Strike_R","Strike_R","Defend_R","Defend_R","Defend_R","Bash+1","Flex+1","Heavy Blade","Cleave","Flex+1"],"relics":["Burning Blood","conspire:DeflatedDodgeball","Magic Flower","aspiration:StickyExplosives_weak","StuffTheSpire:Expresso"],"acts_visited":["Exordium"],"potions_floor_usage":[],"damage_taken":[{"damage":6.0,"enemies":"Jaw Worm","floor":1.0,"turns":4.0},{"damage":0.0,"enemies":"2 Louse","floor":2.0,"turns":3.0},{"damage":36.0,"enemies":"Lagavulin","floor":8.0,"turns":6.0},{"damage":0.0,"enemies":"Cultist","floor":10.0,"turns":2.0},{"damage":16.0,"enemies":"Gremlin Nob","floor":11.0,"turns":3.0},{"damage":13.0,"enemies":"Blue Slaver","floor":13.0,"turns":2.0},{"damage":35.0,"enemies":"Lagavulin","floor":14.0,"turns":4.0},{"damage":25,"enemies":"Hexaghost","floor":16,"turns":7}],"seed_played":"27040597583270669","potions_obtained":[{"floor":1.0,"key":"EssenceOfSteel"},{"floor":2.0,"key":"Doom Potion"},{"floor":10.0,"key":"BlessingOfTheForge"}],"is_trial":false,"path_per_floor":["M","M","$","?","?","R","?","E","T","M","E","$","M","E","R","B"],"character_chosen":"IRONCLAD","items_purchased":["conspire:DeflatedDodgeball","Magic Flower"],"campfire_rested":0,"item_purchase_floors":[3,3],"current_hp_per_floor":[80,80,80,80,80,80,80,53,53,62,55,55,51,25,25,0,0],"gold":74,"neow_bonus":"UPGRADE_CARD","is_daily":false,"chose_seed":false,"campfire_upgraded":1,"win_rate":0.0,"timestamp":1613503725,"path_taken":["M","M","$","?","?","R","?","E","T","?","E","$","M","E","R","BOSS"],"items_purchased_type":["Relic","Relic"],"build_version":"2020-12-22","purchased_purges":1,"victory":false,"max_hp_per_floor":[80,80,80,80,80,80,80,80,80,80,80,80,80,80,80,80,80],"card_choices":[{"not_picked":["True Grit","hubris:ReadiedAction"],"picked":"Flex","floor":1.0},{"not_picked":["StuffTheSpire:RagingBull","hubris:ReadiedAction"],"picked":"Heavy Blade","floor":2.0},{"not_picked":["StuffTheSpire:Incineration","StuffTheSpire:Pyroclast","Anger"],"picked":"SKIP","floor":8.0},{"not_picked":["Combust","hubris:SharpeningStone"],"picked":"Cleave","floor":10.0},{"not_picked":["Shrug It Off","Whirlwind","Bloodletting"],"picked":"SKIP","floor":11.0},{"not_picked":["StuffTheSpire:Incineration","conspire:ExplosiveBarrier"],"picked":"Flex","floor":13.0},{"not_picked":["StuffTheSpire:RagingBull","Shrug It Off","hubris:ReadiedAction"],"picked":"SKIP","floor":14.0}],"player_experience":3119618,"relics_obtained":[{"floor":8.0,"key":"aspiration:StickyExplosives_weak"},{"floor":11.0,"key":"StuffTheSpire:Expresso"}],"event_choices":[],"is_beta":false,"boss_relics":[],"items_purged_floors":[12],"is_endless":false,"potions_floor_spawned":[1,2,10],"killed_by":"Hexaghost","ascension_level":4}}