{"host":"mz7jk4rsv9z8n2me","time":1613493253,"event":{"mods":["AchievementEnabler","Aspiration","BaseMod","Bestiary","Better Synergies","Better Third Choice","Better-Laid Plans","Bossed Relics","Challenge The Spire","Colored Map","Colored Powertips","Conspire","DeckTracker","Defuse TimeMaze Blight","Energized Spire","Evolution","Hermit","Hubris","Humility","Jorbs\u0027s Wanderer Trilogy","Minty Spire (QoL Compilation)","Permanent Neow","Quick Restart","Relic Stats","Reliquary","Replay The Spire","Smile Girya","Spicy Shops","StS++","StSLib","The Construct","Together in Spire"],"gold_per_floor":[115,115,127,13,28,28,43,72,72,172,183,193,193,193,193,294,294,306,221,102,102,0,0,16,106,130,130,130,130],"floor_reached":28,"language":"ENG","playtime":1620,"items_purged":[],"score":227,"play_id":"36858cfe-2c91-43e4-9581-0e78eb7164e5","local_time":"20210216173413","is_ascension_mode":true,"campfire_choices":[{"data":"True Grit","floor":6,"key":"SMITH"},{"floor":15,"key":"REST"},{"data":"Seeing Red","floor":23,"key":"SMITH"},{"data":"Rampage","floor":27,"key":"SMITH"}],"circlet_count":0,"master_deck":["Strike_R","Strike_R","Strike_R","Strike_R","Strike_R","Defend_R","Defend_R","Defend_R","Bash","Heavy Blade","True Grit+1","Seeing Red+1","Rampage+1","Metallicize","Injury","Feed+1","Cleave+1","Metallicize"],"relics":["Burning Blood","EVO:Axolotl","reliquary:Knoch","Happy Flower","aspiration:AnachronicSnailShell","Molten Egg 2","Philosopher\u0027s Stone","Bag of Preparation","aspiration:ChemicalBlood"],"acts_visited":["Exordium","TheCity"],"potions_floor_usage":[11,12,24],"damage_taken":[{"damage":0,"enemies":"conspire:RoseBush","floor":1,"turns":4},{"damage":9,"enemies":"Cultist","floor":3,"turns":5},{"damage":6,"enemies":"2 Louse","floor":5,"turns":2},{"damage":16,"enemies":"conspire:2 RoseBushes","floor":7,"turns":5},{"damage":36,"enemies":"Lagavulin","floor":8,"turns":7},{"damage":4,"enemies":"Blue Slaver","floor":11,"turns":2},{"damage":11,"enemies":"Large Slime","floor":12,"turns":7},{"damage":52,"enemies":"Fading Forest","floor":16,"turns":11},{"damage":34,"enemies":"Spheric Guardian","floor":18,"turns":8},{"damage":23,"enemies":"3 Byrds","floor":24,"turns":6},{"damage":32,"enemies":"Cultist and Chosen","floor":28,"turns":7}],"seed_played":"1024329831044803333","potions_obtained":[{"floor":1,"key":"PowerPotion"},{"floor":8,"key":"BloodPotion"},{"floor":11,"key":"SkillPotion"},{"floor":12,"key":"Energy Potion"}],"is_trial":false,"path_per_floor":["M","?","M","$","M","R","M","E","T","?","M","M","?","?","R","B",null,"M","?","$","?","?","R","M","?","T","R","M"],"character_chosen":"IRONCLAD","items_purchased":["Seeing Red","Metallicize"],"campfire_rested":1,"item_purchase_floors":[4,20],"current_hp_per_floor":[80,80,77,77,77,77,67,37,37,37,55,50,50,43,67,45,80,56,56,56,56,56,56,43,31,31,31,0,0],"gold":130,"neow_bonus":"THREE_CARDS","is_daily":false,"chose_seed":false,"campfire_upgraded":3,"win_rate":0.0,"timestamp":1613493253,"path_taken":["M","?","M","$","?","R","M","E","T","?","?","M","?","?","R","BOSS","M","?","$","?","?","R","M","?","T","R","?"],"items_purchased_type":["Card","Card"],"build_version":"2020-12-22","purchased_purges":0,"victory":false,"max_hp_per_floor":[80,80,80,80,80,80,80,80,80,80,80,80,80,80,80,80,80,84,84,84,84,84,84,88,88,88,88,88,88],"relic_stats":{"Happy Flower":[13],"counters":[11,64],"Bag of Preparation":[4],"obtain_stats":[{"Happy Flower":8,"aspiration:AnachronicSnailShell":9,"Molten Egg 2":13,"Philosopher\u0027s Stone":17,"Bag of Preparation":19,"EVO:Axolotl":0,"reliquary:Knoch":2,"Burning Blood":0,"aspiration:ChemicalBlood":26},{"Happy Flower":5,"aspiration:AnachronicSnailShell":5,"Molten Egg 2":7,"Philosopher\u0027s Stone":8,"Bag of Preparation":9,"EVO:Axolotl":0,"reliquary:Knoch":1,"Burning Blood":0,"aspiration:ChemicalBlood":10},{"Happy Flower":23,"aspiration:AnachronicSnailShell":23,"Molten Egg 2":32,"Philosopher\u0027s Stone":43,"Bag of Preparation":51,"EVO:Axolotl":0,"reliquary:Knoch":4,"Burning Blood":0,"aspiration:ChemicalBlood":57}],"Burning Blood":54},"card_choices":[{"not_picked":["Run Through","StSpp:Succumb"],"picked":"Heavy Blade","floor":0},{"not_picked":["StSpp:MuscleMemory","Dual Wield"],"picked":"True Grit","floor":1},{"not_picked":["ReplayTheSpireMod:Limb From Limb","Warcry","Shrug It Off"],"picked":"SKIP","floor":3},{"not_picked":["Body Slam","Wild Strike","Heavy Blade"],"picked":"SKIP","floor":5},{"not_picked":["Perfected Strike","Clash"],"picked":"Rampage","floor":7},{"not_picked":["Perfected Strike","Hemokinesis","Massacre"],"picked":"SKIP","floor":8},{"not_picked":["Juggernaut","Shrug It Off"],"picked":"Metallicize","floor":11},{"not_picked":["Shrug It Off","Replay:Undeath\u0027s Touch","Thunderclap"],"picked":"SKIP","floor":12},{"not_picked":["conspire:HitWhereItHurts+1","StSpp:BladeOfBlood+1"],"picked":"Feed+1","floor":16},{"not_picked":["Anger+1","ReplayTheSpireMod:Strike From Hell+1"],"picked":"Cleave+1","floor":18},{"not_picked":["Rage","Havoc+1","StSpp:Sprint"],"picked":"SKIP","floor":24}],"player_experience":81221,"relics_obtained":[{"floor":8,"key":"Happy Flower"},{"floor":9,"key":"aspiration:AnachronicSnailShell"},{"floor":26,"key":"aspiration:ChemicalBlood"}],"event_choices":[{"damage_healed":0,"gold_gain":0,"player_choice":"Gave Potion","damage_taken":0,"relics_obtained":["reliquary:Knoch"],"max_hp_gain":0,"max_hp_loss":0,"event_name":"WeMeetAgain","floor":2,"gold_loss":0},{"damage_healed":0,"gold_gain":100,"player_choice":"Pray","damage_taken":0,"max_hp_gain":0,"max_hp_loss":0,"event_name":"Golden Shrine","floor":10,"gold_loss":0},{"cards_removed":["Defend_R"],"damage_healed":0,"gold_gain":0,"player_choice":"Card Removal","damage_taken":7,"max_hp_gain":0,"max_hp_loss":0,"event_name":"Golden Wing","floor":14,"gold_loss":0},{"damage_healed":0,"gold_gain":0,"player_choice":"Obtained Relic","damage_taken":0,"relics_obtained":["Bag of Preparation"],"max_hp_gain":0,"max_hp_loss":0,"event_name":"Addict","floor":19,"gold_loss":85},{"damage_healed":0,"gold_gain":0,"player_choice":"Paid Fearfully","damage_taken":0,"max_hp_gain":0,"max_hp_loss":0,"event_name":"Masked Bandits","floor":22,"gold_loss":102},{"damage_healed":0,"gold_gain":90,"player_choice":"GOLD ","damage_taken":12,"max_hp_gain":0,"max_hp_loss":0,"event_name":"Knowing Skull","floor":25,"potions_obtained":[],"gold_loss":0,"cards_obtained":[]}],"is_beta":false,"boss_relics":[{"not_picked":["Electric Blood","Empty Cage"],"picked":"Philosopher\u0027s Stone"}],"items_purged_floors":[],"is_endless":false,"potions_floor_spawned":[1,8,11,12],"killed_by":"Cultist and Chosen","ascension_level":1,"is_humility":true}}