{"host":"6ald28spt7qylf4j","time":1613456864,"event":{"mods":["BaseMod","Downfall","Duelist Mod","GifTheSpireLib","Marisa£®ÏF”Í°°ƒß¿Ì…≥£©","Minty Spire (QoL Compilation)","Quick Restart","Rare Cards Sparkle","Reimu£®≤©¿ˆ¡È√Œ£©","Replay The Spire","StSLib","The Servant 0.9.4"],"gold_per_floor":[118,130,140,95,114,114,132,132,132],"floor_reached":8,"language":"ZHS","playtime":350,"items_purged":[],"score":50,"play_id":"7a589f1b-da6a-461b-8c79-07e9481ef06b","local_time":"20210216142744","is_ascension_mode":false,"campfire_choices":[{"data":"Conquer:ReiMu","floor":6,"key":"SMITH"}],"circlet_count":0,"master_deck":["Strike_Lin:ReiMu","Strike_Lin:ReiMu","Strike_Lin:ReiMu","Strike_Lin:ReiMu","Defend_Lin:ReiMu","Defend_Lin:ReiMu","Defend_Lin:ReiMu","Defend_Lin:ReiMu","NB:ReiMu","Stagnation:ReiMu","SpiritualOutbreak2:ReiMu","SpreadBorder2:ReiMu","SubcavityInstant:ReiMu","CareerPray:ReiMu","Conquer:ReiMu+1","CollectionFlower2:ReiMu"],"relics":["FlyPower:ReiMu","NeowsBlessing"],"acts_visited":["Exordium"],"potions_floor_usage":[],"damage_taken":[{"damage":0,"enemies":"2 Louse","floor":1,"turns":1},{"damage":0,"enemies":"Small Slimes","floor":2,"turns":1},{"damage":0,"enemies":"Jaw Worm","floor":3,"turns":2},{"damage":2,"enemies":"Looter","floor":4,"turns":5},{"damage":18,"enemies":"Lots of Slimes","floor":5,"turns":4},{"damage":1,"enemies":"Red Slaver","floor":7,"turns":2},{"damage":52,"enemies":"Gremlin Nob","floor":8,"turns":5}],"seed_played":"-259267856506842955","potions_obtained":[{"floor":5,"key":"Guardian:BlockOnCardUsePotion"},{"floor":7,"key":"FearPotion"}],"is_trial":false,"path_per_floor":["M","M","M","M","M","R","M","E"],"character_chosen":"REIMU","items_purchased":[],"campfire_rested":0,"item_purchase_floors":[],"current_hp_per_floor":[65,65,65,63,45,45,44,0,0],"gold":132,"neow_bonus":"THREE_ENEMY_KILL","is_daily":false,"chose_seed":false,"campfire_upgraded":1,"win_rate":0.0,"timestamp":1613456864,"path_taken":["M","M","M","M","M","R","M","E"],"items_purchased_type":[],"build_version":"2020-12-22","purchased_purges":0,"victory":false,"max_hp_per_floor":[65,65,65,65,65,65,65,65,65],"card_choices":[{"not_picked":["SubAcupoint:ReiMu","SpringWay:ReiMu"],"picked":"SpiritualOutbreak2:ReiMu","floor":1},{"not_picked":["YinYangSign:ReiMu","YinYangSange:ReiMu"],"picked":"SpreadBorder2:ReiMu","floor":2},{"not_picked":["AlertArray:ReiMu","FantasyBorder:ReiMu"],"picked":"SubcavityInstant:ReiMu","floor":3},{"not_picked":["PrepareRite:ReiMu","SafetyPray:ReiMu"],"picked":"CareerPray:ReiMu","floor":4},{"not_picked":["Free:ReiMu","AlertArray:ReiMu"],"picked":"Conquer:ReiMu","floor":5},{"not_picked":["SpreadBorder2:ReiMu","Intuition:ReiMu"],"picked":"CollectionFlower2:ReiMu","floor":7}],"player_experience":4879,"relics_obtained":[],"event_choices":[],"is_beta":false,"boss_relics":[],"items_purged_floors":[],"is_endless":false,"potions_floor_spawned":[5,7],"killed_by":"Gremlin Nob","ascension_level":0}}