{"host":"1a9bbjeis3rg03b1","time":1613454975,"event":{"mods":["Act Like it!","BaseMod","Gensokyo","Googly Eyes","Hermit","Mimic Mod","Minty Spire (QoL Compilation)","Morshu Shopkeeper","Reliquary","Replay The Spire","StSLib","The Administrix","The Disciple","The Jungle","The Poker Player","The Servant 0.9.4","Wide Potions","everything is the same but u backflip on backflip"],"gold_per_floor":[116,116,116,29,29,29,45,70,94,107,142,142,41,53,53,149,149,169,419,419,419,437,463,4,31,31,31,0,34,59,59,59],"floor_reached":31,"language":"ENG","playtime":2125,"items_purged":[],"score":458,"play_id":"97a8d522-06c9-4d9e-9586-a4d794584316","local_time":"20210215225615","is_ascension_mode":true,"campfire_choices":[{"data":"LightFlow","floor":12.0,"key":"SMITH"},{"floor":15.0,"key":"RECALL"},{"data":"MurderousAura","floor":27,"key":"SMITH"}],"circlet_count":0,"master_deck":["KidneyShot","Comet+1","DoubleEdge+1","ShatteredReality","ShatteredReality","Moonlight","LightFlow+1","Hightail","Revamp","Alleviate","Foresight","Spin","MurderousAura+1","Collapse","Deny","Initiator","DoubleEdge","Replace","SilverBlades","Alleviate","Unruled+1","Clumsy","Gensokyo:FourOfAKind","Gensokyo:FourOfAKind","Gensokyo:FourOfAKind+1","Gensokyo:FourOfAKind","Spin+1","Manipulate+1","Violence","Transmutation","FastForward+1","Manipulate","Advance+1","DoubleEdge+1"],"relics":["Uniform","NeowsBlessing","Gensokyo:PortableGap","Gensokyo:Justice","Bag of Marbles","Smiling Mask","Pandora\u0027s Box","Ring of Fury","ReplayTheSpireMod:Ring of Collecting","Mirror","Strange Spoon","ReplayTheSpireMod:ShopPack","Chemical X","Akabeko","Replay:PocketPolymizer","Question Card","InkBottle"],"acts_visited":["Exordium","Gensokyo:Gensokyo"],"potions_floor_usage":[25,29,29],"damage_taken":[{"damage":0.0,"enemies":"Gensokyo:2_Kodama","floor":1.0,"turns":1.0},{"damage":0.0,"enemies":"Gensokyo:Python","floor":7.0,"turns":1.0},{"damage":0.0,"enemies":"Gensokyo:Mamizou","floor":8.0,"turns":1.0},{"damage":0.0,"enemies":"Gensokyo:3_Fairies","floor":10.0,"turns":2.0},{"damage":6.0,"enemies":"Gensokyo:Cirno","floor":11.0,"turns":4.0},{"damage":0.0,"enemies":"Gensokyo:VengefulSpirit","floor":14.0,"turns":1.0},{"damage":26.0,"enemies":"Gensokyo:Kokoro","floor":16.0,"turns":5.0},{"damage":0.0,"enemies":"Gensokyo:2_Gloops","floor":18.0,"turns":2.0},{"damage":0.0,"enemies":"Gensokyo:AngelMirror","floor":22.0,"turns":2.0},{"damage":0,"enemies":"Gensokyo:Reisen","floor":23,"turns":3},{"damage":0,"enemies":"Gensokyo:Tenshi","floor":25,"turns":1},{"damage":0,"enemies":"Gensokyo:Reisen","floor":29,"turns":3},{"damage":23,"enemies":"Gensokyo:Koishi","floor":30,"turns":3},{"damage":18,"enemies":"Gensokyo:Wraith","floor":31,"turns":2}],"seed_played":"-8743032656662734488","potions_obtained":[{"floor":7.0,"key":"ColorlessPotion"},{"floor":8.0,"key":"EssenceOfSteel"},{"floor":16.0,"key":"SkillPotion"},{"floor":22.0,"key":"Fire Potion"},{"floor":23,"key":"Energy Potion"},{"floor":25,"key":"GamblersBrew"}],"is_trial":false,"path_per_floor":["M","?","?","$","?","$","M","E","T","M","E","R","$","M","R","B",null,"M","?","?","?","M","E","COS","E","T","R","?","E","E","M"],"character_chosen":"THE_SERVANT","items_purchased":["DoubleEdge","ShatteredReality","Alleviate","Foresight"],"campfire_rested":0,"item_purchase_floors":[4,4,13,13],"current_hp_per_floor":[65,59,59,56,56,56,56,56,56,56,50,50,50,50,50,24,56,56,56,56,40,40,40,37,37,37,37,37,34,11,0,0],"gold":59,"neow_bonus":"THREE_ENEMY_KILL","is_daily":false,"chose_seed":false,"campfire_upgraded":2,"win_rate":0.0,"timestamp":1613454975,"path_taken":["M","?","?","?","?","?","M","E","T","?","E","R","?","M","R","BOSS","M","?","?","?","?","E","COS","E","T","R","?","E","E","M"],"items_purchased_type":["Card","Card","Card","Card"],"build_version":"2020-12-22","purchased_purges":0,"victory":false,"max_hp_per_floor":[65,65,59,56,56,56,56,56,56,56,56,56,56,56,56,56,56,56,56,56,40,40,40,37,37,37,37,37,34,34,34,34],"card_choices":[{"not_picked":["Replace","Potential"],"picked":"Comet","floor":1.0},{"not_picked":["Revamp","Shuttle"],"picked":"Moonlight","floor":7.0},{"not_picked":["Foresight","FloweringNight"],"picked":"LightFlow","floor":8.0},{"not_picked":["FastForward","Sabotage"],"picked":"Hightail","floor":10.0},{"not_picked":["Luminosity","DualDimension"],"picked":"Revamp","floor":11.0},{"not_picked":["SurpressingFire","Potential"],"picked":"Spin","floor":14.0},{"not_picked":["Embodiment","FloweringNight"],"picked":"MurderousAura","floor":16.0},{"not_picked":["TimeWarp","Potential"],"picked":"Unruled+1","floor":18.0},{"not_picked":["Replace","Moonlight"],"picked":"Spin+1","floor":22.0},{"not_picked":["Rearm","Sabotage"],"picked":"Manipulate+1","floor":23},{"not_picked":["HandOfGreed","Metamorphosis"],"picked":"Violence","floor":24},{"not_picked":["Replay:Bootleg Shield Generator","Sadistic Nature"],"picked":"Transmutation","floor":24},{"not_picked":["Initiator","ForgedInTime"],"picked":"FastForward+1","floor":25},{"not_picked":["Defy","Ricochet"],"picked":"Advance+1","floor":29},{"not_picked":["BottledTime","Moonlight","Snipe"],"picked":"DoubleEdge+1","floor":30}],"player_experience":705896,"relics_obtained":[{"floor":8.0,"key":"Bag of Marbles"},{"floor":9.0,"key":"reliquary:Buckler"},{"floor":11.0,"key":"Smiling Mask"},{"floor":20.0,"key":"Ring of Fury"},{"floor":20.0,"key":"ReplayTheSpireMod:Ring of Collecting"},{"floor":23,"key":"Mirror"},{"floor":25,"key":"Akabeko"},{"floor":26,"key":"Replay:PocketPolymizer"},{"floor":29,"key":"Question Card"},{"floor":30,"key":"InkBottle"}],"event_choices":[],"is_beta":false,"boss_relics":[{"not_picked":["reliquary:RedCape","Runic Pyramid"],"picked":"Pandora\u0027s Box"}],"items_purged_floors":[],"is_endless":false,"potions_floor_spawned":[7,8,16,22,23,25],"killed_by":"Gensokyo:Wraith","ascension_level":1}}