{"host":"6jrd8fn9k88n08be","time":1613447373,"event":{"mods":["BaseMod","Minty Spire (QoL Compilation)","StSLib"],"gold_per_floor":[117,67,67,87,39,70,83,100,100,132,152,152,216,391,391,489,489,504,504,603,379,379,414,414,449,474,487,487,286,286,10,10,111,111,129,129,143,193,43,43,62,62,135,145,168,168,24,40,40,40,40],"floor_reached":50,"language":"ENG","playtime":4058,"items_purged":["Shame","Strike_P","Doubt","Defend_P"],"score":514,"play_id":"72149434-35bf-4a16-86c2-309401c7508e","local_time":"20210215224933","is_ascension_mode":false,"campfire_choices":[{"data":"PathToVictory","floor":12.0,"key":"SMITH"},{"data":"PathToVictory","floor":15.0,"key":"SMITH"},{"data":"ThirdEye","floor":24.0,"key":"SMITH"},{"data":"LessonLearned","floor":28.0,"key":"SMITH"},{"data":"Nirvana","floor":30.0,"key":"SMITH"},{"data":"PathToVictory","floor":32.0,"key":"SMITH"},{"data":"Madness","floor":40,"key":"SMITH"},{"data":"Madness","floor":42,"key":"SMITH"},{"floor":49,"key":"RECALL"}],"circlet_count":0,"master_deck":["Strike_P+1","Defend_P","Defend_P","Eruption","Vigilance+1","CrushJoints+1","ThirdEye+1","FollowUp","PathToVictory+1","SashWhip","PathToVictory+1","LikeWater","ConjureBlade","Wireheading+1","Sanctity","EmptyMind","LessonLearned+1","Nirvana+1","PathToVictory+1","Judgement","Sanctity+1","Madness+1","Madness+1","Study+1","Collect+1"],"relics":["PureWater","NeowsBlessing","MealTicket","Happy Flower","Ornamental Fan","Ice Cream","SlaversCollar","CaptainsWheel","Regal Pillow","Red Mask","Anchor","Medical Kit","Empty Cage","Turnip","Omamori","ClockworkSouvenir"],"acts_visited":["Exordium","TheCity","TheBeyond"],"potions_floor_usage":[44],"damage_taken":[{"damage":0.0,"enemies":"Jaw Worm","floor":1.0,"turns":1.0},{"damage":0.0,"enemies":"2 Louse","floor":4.0,"turns":1.0},{"damage":0.0,"enemies":"Lagavulin","floor":6.0,"turns":1.0},{"damage":0.0,"enemies":"Small Slimes","floor":7.0,"turns":4.0},{"damage":5.0,"enemies":"Looter","floor":8.0,"turns":3.0},{"damage":9.0,"enemies":"3 Sentries","floor":10.0,"turns":12.0},{"damage":0.0,"enemies":"Large Slime","floor":11.0,"turns":3.0},{"damage":20.0,"enemies":"Lagavulin Event","floor":13.0,"turns":4.0},{"damage":11.0,"enemies":"Hexaghost","floor":16.0,"turns":9.0},{"damage":15.0,"enemies":"Spheric Guardian","floor":18.0,"turns":4.0},{"damage":24.0,"enemies":"Gremlin Leader","floor":23.0,"turns":7.0},{"damage":9.0,"enemies":"Masked Bandits","floor":25.0,"turns":4.0},{"damage":11.0,"enemies":"2 Thieves","floor":27.0,"turns":4.0},{"damage":7.0,"enemies":"Champ","floor":33.0,"turns":9.0},{"damage":10.0,"enemies":"Orb Walker","floor":35.0,"turns":5.0},{"damage":26,"enemies":"3 Darklings","floor":37,"turns":7},{"damage":9,"enemies":"Mind Bloom Boss Battle","floor":38,"turns":6},{"damage":0,"enemies":"Sphere and 2 Shapes","floor":41,"turns":4},{"damage":4,"enemies":"Maw","floor":44,"turns":6},{"damage":2,"enemies":"4 Shapes","floor":48,"turns":6},{"damage":44,"enemies":"Time Eater","floor":50,"turns":5}],"seed_played":"-4409170513203488142","potions_obtained":[{"floor":4.0,"key":"DistilledChaos"},{"floor":11.0,"key":"StancePotion"},{"floor":13.0,"key":"Energy Potion"},{"floor":23.0,"key":"AttackPotion"},{"floor":27.0,"key":"ColorlessPotion"},{"floor":37,"key":"LiquidMemories"},{"floor":48,"key":"Fire Potion"}],"is_trial":false,"path_per_floor":["M","?","?","M","$","E","M","M","T","E","M","R","?","?","R","B",null,"M","?","?","$","?","E","R","?","T","M","R","$","R","$","R","B",null,"M","?","M","?","$","R","M","R","T","M","T","?","$","M","R","B"],"character_chosen":"WATCHER","items_purchased":["FollowUp","Wireheading","Sanctity","Nirvana","PathToVictory","Medical Kit","ClockworkSouvenir"],"campfire_rested":0,"item_purchase_floors":[5,21,21,29,29,31,47],"current_hp_per_floor":[72,72,58,58,58,58,58,53,53,44,44,44,24,24,24,13,72,57,57,57,72,72,48,48,39,39,28,28,43,43,58,58,51,72,62,53,27,18,33,33,33,33,33,29,29,29,44,42,42,0,0],"gold":40,"neow_bonus":"THREE_ENEMY_KILL","is_daily":false,"chose_seed":false,"campfire_upgraded":8,"win_rate":0.0,"timestamp":1613447373,"path_taken":["M","?","?","M","$","E","M","M","T","E","M","R","?","?","R","BOSS","M","?","?","$","?","E","R","?","T","M","R","$","R","$","R","BOSS","M","?","M","?","$","R","M","R","T","M","?","?","?","?","R","BOSS"],"items_purchased_type":["Card","Card","Card","Card","Card","Relic","Relic"],"build_version":"2020-12-22","purchased_purges":4,"victory":false,"max_hp_per_floor":[72,72,72,72,72,72,72,72,72,72,72,72,72,72,72,72,72,72,72,72,72,72,72,72,72,72,72,72,72,72,72,72,72,72,72,72,72,72,72,72,72,72,72,72,72,72,72,72,72,72,72],"card_choices":[{"not_picked":["Halt","BowlingBash"],"picked":"CrushJoints","floor":1.0},{"not_picked":["Perseverance","Sanctity"],"picked":"ThirdEye","floor":4.0},{"not_picked":["Collect","FlyingSleeves"],"picked":"PathToVictory","floor":6.0},{"not_picked":["Halt","FlurryOfBlows"],"picked":"SashWhip","floor":7.0},{"not_picked":["Alpha","Pray"],"picked":"PathToVictory","floor":8.0},{"not_picked":["MentalFortress","Adaptation","TalkToTheHand"],"picked":"SKIP","floor":10.0},{"not_picked":["Crescendo","Protect"],"picked":"LikeWater","floor":11.0},{"not_picked":["Judgement","MasterReality"],"picked":"ConjureBlade","floor":16.0},{"not_picked":["BowlingBash","FlurryOfBlows","Consecrate"],"picked":"SKIP","floor":18.0},{"not_picked":["FlurryOfBlows","CutThroughFate","DeceiveReality+1"],"picked":"SKIP","floor":23.0},{"not_picked":["Consecrate","PathToVictory"],"picked":"LessonLearned","floor":27.0},{"not_picked":["Vault","Devotion"],"picked":"Judgement","floor":33.0},{"not_picked":["Indignation","Crescendo"],"picked":"Sanctity","floor":35.0},{"not_picked":["WaveOfTheHand","Crescendo+1"],"picked":"Study+1","floor":37},{"not_picked":["FlurryOfBlows+1","EmptyFist+1"],"picked":"Collect+1","floor":38},{"not_picked":["CrushJoints","WindmillStrike+1","FollowUp+1"],"picked":"SKIP","floor":41},{"not_picked":["TalkToTheHand","ForeignInfluence","ClearTheMind+1"],"picked":"SKIP","floor":44},{"not_picked":["Prostrate+1","WindmillStrike","Adaptation"],"picked":"SKIP","floor":48}],"player_experience":185606,"relics_obtained":[{"floor":6.0,"key":"MealTicket"},{"floor":9.0,"key":"Happy Flower"},{"floor":10.0,"key":"Ornamental Fan"},{"floor":13.0,"key":"Ice Cream"},{"floor":23.0,"key":"Regal Pillow"},{"floor":25.0,"key":"Red Mask"},{"floor":26.0,"key":"Anchor"},{"floor":38,"key":"Turnip"},{"floor":45,"key":"Omamori"}],"event_choices":[{"cards_removed":["Strike_P"],"damage_healed":0.0,"max_hp_gain":0.0,"max_hp_loss":0.0,"gold_gain":0.0,"event_name":"The Cleric","player_choice":"Card Removal","floor":2.0,"gold_loss":50.0,"damage_taken":0.0},{"damage_healed":0.0,"max_hp_gain":0.0,"max_hp_loss":0.0,"gold_gain":0.0,"event_name":"Shining Light","player_choice":"Entered Light","floor":3.0,"gold_loss":0.0,"damage_taken":14.0,"cards_upgraded":["Vigilance","Strike_P"]},{"damage_healed":0.0,"max_hp_gain":0.0,"max_hp_loss":0.0,"gold_gain":0.0,"event_name":"Dead Adventurer","player_choice":"Searched \u00271\u0027 times","floor":13.0,"gold_loss":0.0,"damage_taken":0.0},{"damage_healed":0.0,"max_hp_gain":0.0,"max_hp_loss":0.0,"gold_gain":175.0,"event_name":"Liars Game","player_choice":"AGREE","floor":14.0,"gold_loss":0.0,"damage_taken":0.0,"cards_obtained":["Doubt"]},{"damage_healed":0.0,"max_hp_gain":0.0,"max_hp_loss":0.0,"gold_gain":0.0,"event_name":"Addict","player_choice":"Stole Relic","floor":19.0,"gold_loss":0.0,"damage_taken":0.0,"relics_obtained":["CaptainsWheel"],"cards_obtained":["Shame"]},{"damage_healed":0.0,"max_hp_gain":0.0,"max_hp_loss":0.0,"gold_gain":99.0,"event_name":"Nest","player_choice":"Stole From Cult","floor":20.0,"gold_loss":0.0,"damage_taken":0.0},{"damage_healed":0.0,"max_hp_gain":0.0,"max_hp_loss":0.0,"gold_gain":0.0,"event_name":"The Library","player_choice":"Read","floor":22.0,"gold_loss":0.0,"damage_taken":0.0,"cards_obtained":["EmptyMind"]},{"damage_healed":0.0,"max_hp_gain":0.0,"max_hp_loss":0.0,"gold_gain":0.0,"event_name":"Masked Bandits","player_choice":"Fought Bandits","floor":25.0,"gold_loss":0.0,"damage_taken":0.0},{"damage_healed":0.0,"max_hp_gain":0.0,"max_hp_loss":0.0,"gold_gain":0.0,"event_name":"Winding Halls","player_choice":"Embrace Madness","floor":36.0,"gold_loss":0.0,"damage_taken":9.0,"cards_obtained":["Madness","Madness"]},{"damage_healed":0,"gold_gain":0,"player_choice":"Fight","damage_taken":0,"max_hp_gain":0,"max_hp_loss":0,"event_name":"MindBloom","floor":38,"gold_loss":0},{"damage_healed":0,"gold_gain":0,"player_choice":"Ignored","damage_taken":0,"max_hp_gain":0,"max_hp_loss":0,"event_name":"Mysterious Sphere","floor":46,"gold_loss":0}],"is_beta":false,"boss_relics":[{"not_picked":["Snecko Eye","Velvet Choker"],"picked":"SlaversCollar"},{"not_picked":["Tiny House","VioletLotus"],"picked":"Empty Cage"}],"items_purged_floors":[21,29,31,39],"is_endless":false,"potions_floor_spawned":[4,11,13,23,27,37,48],"killed_by":"Time Eater","ascension_level":0}}