{"host":"pj7egx7jkoz18hom","time":1613516095,"event":{"mods":["AchievementEnabler","BaseMod","Keyboard Shortcuts","Minty Spire (QoL Compilation)","SuperFastMode"],"gold_per_floor":[113,63,63,25,46,87,103,103,151,182,182,200,214,232,232,353,353,367,45,64,83,83,83,123,123,146,146,169,84,84,84,84,84,84],"floor_reached":33,"language":"KOR","playtime":693,"items_purged":["Strike_R"],"score":400,"play_id":"2479620a-4926-44c7-bde5-a29b93f70d1b","local_time":"20210217075455","is_ascension_mode":true,"campfire_choices":[{"data":"Seeing Red","floor":8,"key":"SMITH"},{"data":"Thunderclap","floor":11,"key":"SMITH"},{"data":"Bludgeon","floor":15,"key":"SMITH"},{"data":"Offering","floor":23,"key":"SMITH"},{"floor":25,"key":"REST"},{"data":"Shockwave","floor":27,"key":"SMITH"},{"floor":30,"key":"REST"},{"data":"Spot Weakness","floor":32,"key":"SMITH"}],"circlet_count":0,"master_deck":["Defend_R","Defend_R","Defend_R","Defend_R","Bash","Shockwave+1","Seeing Red+1","Thunderclap+1","Cleave","Iron Wave","Pommel Strike","Bludgeon+1","Spot Weakness+1","Offering+1","True Grit+1","Bite+1","Bite","Bite","Bite+1","Bite","Rage+1","Sentinel+1"],"relics":["Burning Blood","NeowsBlessing","Bloody Idol","Lantern","Dream Catcher","Juzu Bracelet","Runic Pyramid","Toxic Egg 2","Whetstone","Bag of Preparation","Sundial"],"acts_visited":["Exordium","TheCity"],"potions_floor_usage":[10,10,24,33],"damage_taken":[{"damage":0,"enemies":"Jaw Worm","floor":1,"turns":1},{"damage":0,"enemies":"2 Louse","floor":5,"turns":1},{"damage":0,"enemies":"Lagavulin","floor":6,"turns":1},{"damage":0,"enemies":"Small Slimes","floor":7,"turns":2},{"damage":27,"enemies":"Gremlin Nob","floor":10,"turns":4},{"damage":13,"enemies":"Blue Slaver","floor":12,"turns":3},{"damage":0,"enemies":"3 Louse","floor":13,"turns":2},{"damage":0,"enemies":"Exordium Wildlife","floor":14,"turns":2},{"damage":52,"enemies":"The Guardian","floor":16,"turns":9},{"damage":7,"enemies":"Spheric Guardian","floor":18,"turns":3},{"damage":8,"enemies":"Chosen","floor":20,"turns":3},{"damage":19,"enemies":"Snake Plant","floor":21,"turns":2},{"damage":42,"enemies":"Slavers","floor":24,"turns":5},{"damage":8,"enemies":"Snecko","floor":28,"turns":3},{"damage":81,"enemies":"Collector","floor":33,"turns":7}],"seed_played":"-4492279545479028859","potions_obtained":[{"floor":1,"key":"Explosive Potion"},{"floor":5,"key":"DistilledChaos"},{"floor":10,"key":"Explosive Potion"},{"floor":16,"key":"Ancient Potion"},{"floor":24,"key":"AttackPotion"}],"is_trial":false,"path_per_floor":["M","?","?","$","M","E","M","R","T","E","R","M","M","M","R","B",null,"M","$","M","M","?","R","E","R","T","R","M","?","R","?","R","B"],"character_chosen":"IRONCLAD","items_purchased":["Seeing Red","Toxic Egg 2"],"campfire_rested":2,"item_purchase_floors":[4,19],"current_hp_per_floor":[80,80,74,74,74,74,74,74,74,53,53,46,52,58,58,12,59,58,58,56,43,43,43,13,28,28,28,31,31,46,46,46,0,0],"gold":84,"neow_bonus":"THREE_ENEMY_KILL","is_daily":false,"chose_seed":false,"campfire_upgraded":6,"win_rate":0.0,"timestamp":1613516095,"path_taken":["M","?","?","$","M","E","M","R","T","E","R","M","M","M","R","BOSS","M","$","M","M","?","R","E","R","T","R","M","?","R","?","R","BOSS"],"items_purchased_type":["Card","Relic"],"build_version":"2020-12-22","purchased_purges":1,"victory":false,"max_hp_per_floor":[80,80,74,74,74,74,74,74,74,74,74,74,74,74,74,74,74,74,74,74,74,51,51,51,51,51,51,51,51,51,51,51,51,51],"card_choices":[{"not_picked":["Dark Embrace","Anger"],"picked":"Shockwave","floor":1},{"not_picked":["Perfected Strike","Armaments"],"picked":"Thunderclap","floor":5},{"not_picked":["Iron Wave","Uppercut"],"picked":"Cleave","floor":6},{"not_picked":["Pommel Strike","Sword Boomerang"],"picked":"Iron Wave","floor":7},{"not_picked":["Perfected Strike","Clash"],"picked":"Pommel Strike","floor":10},{"not_picked":["Warcry","Sword Boomerang"],"picked":"Bludgeon","floor":12},{"not_picked":["Perfected Strike","Second Wind","Dark Embrace"],"picked":"SKIP","floor":13},{"not_picked":["Twin Strike","Perfected Strike"],"picked":"Spot Weakness","floor":14},{"not_picked":["Immolate","Bludgeon"],"picked":"Offering","floor":16},{"not_picked":["Dark Embrace+1","Entrench","Rage"],"picked":"SKIP","floor":18},{"not_picked":["Pommel Strike","Headbutt"],"picked":"True Grit+1","floor":20},{"not_picked":["Entrench+1","Warcry+1","Clash+1"],"picked":"SKIP","floor":21},{"not_picked":["Body Slam","Carnage","Perfected Strike"],"picked":"SKIP","floor":24},{"not_picked":["Sever Soul+1","Burning Pact+1"],"picked":"Rage+1","floor":28},{"not_picked":["Havoc+1","Flex+1"],"picked":"Sentinel+1","floor":30}],"player_experience":123426,"relics_obtained":[{"floor":6,"key":"Lantern"},{"floor":9,"key":"Dream Catcher"},{"floor":10,"key":"Juzu Bracelet"},{"floor":24,"key":"Whetstone"},{"floor":26,"key":"Bag of Preparation"}],"event_choices":[{"cards_removed":["Strike_R"],"damage_healed":0,"gold_gain":0,"player_choice":"Card Removal","damage_taken":0,"max_hp_gain":0,"max_hp_loss":0,"event_name":"The Cleric","floor":2,"gold_loss":50},{"damage_healed":0,"gold_gain":0,"player_choice":"Lose Max HP","damage_taken":0,"relics_obtained":["Golden Idol"],"max_hp_gain":0,"max_hp_loss":6,"event_name":"Golden Idol","floor":3,"gold_loss":0},{"damage_healed":0,"gold_gain":0,"player_choice":"Became a vampire","damage_taken":0,"max_hp_gain":0,"max_hp_loss":23,"event_name":"Vampires","floor":22,"gold_loss":0,"cards_obtained":["Bite","Bite","Bite","Bite","Bite"]},{"damage_healed":0,"gold_gain":0,"player_choice":"Obtained Relic","damage_taken":0,"relics_obtained":["Sundial"],"max_hp_gain":0,"max_hp_loss":0,"event_name":"Addict","floor":29,"gold_loss":85},{"damage_healed":0,"gold_gain":0,"player_choice":"Gave Idol","damage_taken":0,"relics_obtained":["Bloody Idol"],"max_hp_gain":0,"max_hp_loss":0,"event_name":"Forgotten Altar","floor":31,"relics_lost":["Golden Idol"],"gold_loss":0}],"is_beta":false,"boss_relics":[{"not_picked":["Coffee Dripper","Runic Dome"],"picked":"Runic Pyramid"}],"items_purged_floors":[19],"is_endless":false,"potions_floor_spawned":[1,5,10,16,24],"killed_by":"Collector","ascension_level":5}}