{"host":"sc0o2qwpf9j16a4i","time":1613492270,"event":{"mods":["AchievementEnabler","BaseMod","BetterRewards","Block Reminder","Colored Map","Colored Powertips","Custom Start","Highlight Path","Minty Spire (QoL Compilation)","Relic Stats"],"gold_per_floor":[113,123,123,48,58,83,83,117,170,190,190,230,230,265,265,351,351,372,35,63,63,91,91,133,133,142,142,176,221,221,245,245,245,245],"floor_reached":33,"language":"ENG","playtime":1014,"items_purged":[],"score":647,"play_id":"b39bdf11-520c-42ae-a435-f87fe0c13529","local_time":"20210216181750","is_ascension_mode":true,"campfire_choices":[{"data":"Apotheosis","floor":7,"key":"SMITH"},{"floor":11,"key":"REST"},{"floor":15,"key":"REST"},{"floor":23,"key":"REST"},{"floor":25,"key":"REST"},{"floor":30,"key":"REST"},{"floor":32,"key":"REST"}],"circlet_count":0,"master_deck":["AscendersBane","Defend_R","Defend_R","Defend_R","Defend_R","Bash","Apotheosis+1","Wild Strike","Uppercut+1","Twin Strike","Disarm","Evolve","Power Through","Carnage","Thunderclap","Corruption","Pommel Strike","Shockwave","Dark Embrace","Intimidate","Battle Trance","Normality","Bite","Bite","Bite","Bite","Bite","Inflame"],"relics":["Burning Blood","Sundial","Akabeko","CeramicFish","White Beast Statue","Bottled Flame","Cursed Key","Pantograph","Toy Ornithopter","HornCleat","MealTicket"],"acts_visited":["Exordium","TheCity"],"potions_floor_usage":[6,12,14,20,22,24,33],"damage_taken":[{"damage":4,"enemies":"Jaw Worm","floor":1,"turns":4},{"damage":3,"enemies":"2 Louse","floor":2,"turns":4},{"damage":4,"enemies":"Small Slimes","floor":5,"turns":3},{"damage":7,"enemies":"Lagavulin","floor":6,"turns":7},{"damage":50,"enemies":"Gremlin Nob","floor":8,"turns":5},{"damage":7,"enemies":"Exordium Thugs","floor":10,"turns":6},{"damage":10,"enemies":"Lagavulin","floor":12,"turns":8},{"damage":8,"enemies":"3 Sentries","floor":14,"turns":7},{"damage":22,"enemies":"Slime Boss","floor":16,"turns":7},{"damage":24,"enemies":"2 Thieves","floor":18,"turns":4},{"damage":23,"enemies":"3 Byrds","floor":20,"turns":5},{"damage":23,"enemies":"3 Cultists","floor":22,"turns":5},{"damage":33,"enemies":"Book of Stabbing","floor":24,"turns":6},{"damage":38,"enemies":"Slavers","floor":28,"turns":6},{"damage":18,"enemies":"Chosen and Byrds","floor":31,"turns":6},{"damage":85,"enemies":"Collector","floor":33,"turns":9}],"seed_played":"1227137557902447027","potions_obtained":[{"floor":1,"key":"GamblersBrew"},{"floor":6,"key":"EssenceOfSteel"},{"floor":8,"key":"Swift Potion"},{"floor":14,"key":"ColorlessPotion"},{"floor":16,"key":"Strength Potion"},{"floor":20,"key":"Energy Potion"},{"floor":22,"key":"SpeedPotion"},{"floor":24,"key":"BlessingOfTheForge"},{"floor":31,"key":"Dexterity Potion"}],"is_trial":false,"path_per_floor":["M","M","?","?","M","E","R","E","T","M","R","E","?","E","R","B",null,"M","$","M","?","M","R","E","R","T","?","E","?","R","M","R","B"],"character_chosen":"IRONCLAD","items_purchased":["Pantograph","Shockwave"],"campfire_rested":6,"item_purchase_floors":[19,19],"current_hp_per_floor":[52,55,60,60,62,61,61,17,17,16,40,36,36,34,58,42,71,53,53,36,36,19,43,16,40,40,40,8,8,24,26,42,0,0],"gold":245,"neow_bonus":"RANDOM_COLORLESS_2","is_daily":false,"chose_seed":false,"campfire_upgraded":1,"win_rate":0.0,"timestamp":1613492270,"path_taken":["M","M","?","?","M","E","R","E","T","M","R","E","?","E","R","BOSS","M","$","M","?","M","R","E","R","T","?","E","?","R","?","R","BOSS"],"items_purchased_type":["Relic","Card"],"build_version":"2020-12-22","purchased_purges":0,"victory":false,"max_hp_per_floor":[75,75,80,80,80,80,80,80,80,80,80,80,80,80,80,80,80,80,80,80,80,80,80,80,80,80,80,80,56,56,56,56,56,56],"relic_stats":{"counters":[16,92],"Sundial":[10],"CeramicFish":144,"Pantograph":14,"MealTicket":0,"Cursed Key":1,"obtain_stats":[{"Bottled Flame":14,"HornCleat":26,"Sundial":6,"CeramicFish":9,"Pantograph":19,"MealTicket":28,"Cursed Key":17,"Burning Blood":0,"Akabeko":8,"White Beast Statue":12,"Toy Ornithopter":24},{"Bottled Flame":8,"HornCleat":13,"Sundial":4,"CeramicFish":5,"Pantograph":10,"MealTicket":14,"Cursed Key":9,"Burning Blood":0,"Akabeko":5,"White Beast Statue":7,"Toy Ornithopter":13},{"Bottled Flame":44,"HornCleat":71,"Sundial":18,"CeramicFish":23,"Pantograph":55,"MealTicket":77,"Cursed Key":51,"Burning Blood":0,"Akabeko":23,"White Beast Statue":37,"Toy Ornithopter":71}],"Burning Blood":90,"Toy Ornithopter":0},"card_choices":[{"not_picked":["Secret Weapon","Metamorphosis"],"picked":"Apotheosis","floor":0},{"not_picked":["Iron Wave","Havoc"],"picked":"Wild Strike","floor":1},{"not_picked":["Ghostly Armor","Body Slam"],"picked":"Uppercut","floor":2},{"not_picked":["Iron Wave","Headbutt"],"picked":"Twin Strike","floor":5},{"not_picked":["Metallicize","Limit Break"],"picked":"Disarm","floor":6},{"not_picked":["Perfected Strike","Blood for Blood"],"picked":"Evolve","floor":8},{"not_picked":["Headbutt","Clothesline"],"picked":"Power Through","floor":10},{"not_picked":["Pommel Strike","Headbutt"],"picked":"Carnage","floor":12},{"not_picked":["Seeing Red","Wild Strike"],"picked":"Thunderclap","floor":14},{"not_picked":["Juggernaut","Feed"],"picked":"Corruption","floor":16},{"not_picked":["Armaments","Twin Strike"],"picked":"Pommel Strike","floor":18},{"not_picked":["Shrug It Off","Reckless Charge"],"picked":"Dark Embrace","floor":20},{"not_picked":["Pummel","Clash+1"],"picked":"Intimidate","floor":22},{"not_picked":["Anger","Cleave"],"picked":"Battle Trance","floor":24},{"not_picked":["Corruption","Double Tap","Battle Trance+1"],"picked":"SKIP","floor":28},{"not_picked":["Cleave","Burning Pact"],"picked":"Inflame","floor":31}],"player_experience":1450680,"relics_obtained":[{"floor":6,"key":"Sundial"},{"floor":8,"key":"Akabeko"},{"floor":9,"key":"CeramicFish"},{"floor":12,"key":"White Beast Statue"},{"floor":14,"key":"Bottled Flame"},{"floor":24,"key":"Toy Ornithopter"},{"floor":26,"key":"HornCleat"},{"floor":28,"key":"MealTicket"}],"event_choices":[{"damage_healed":0,"gold_gain":0,"player_choice":"Donut","damage_taken":0,"max_hp_gain":5,"max_hp_loss":0,"event_name":"Big Fish","floor":3,"gold_loss":0},{"cards_removed":["Strike_R"],"damage_healed":0,"gold_gain":0,"player_choice":"Card Removal","damage_taken":0,"max_hp_gain":0,"max_hp_loss":0,"event_name":"The Cleric","floor":4,"gold_loss":75},{"damage_healed":0,"gold_gain":0,"player_choice":"Upgraded","damage_taken":0,"max_hp_gain":0,"max_hp_loss":0,"event_name":"Upgrade Shrine","floor":13,"gold_loss":0,"cards_upgraded":["Uppercut"]},{"damage_healed":0,"gold_gain":0,"player_choice":"Ignored","damage_taken":0,"max_hp_gain":0,"max_hp_loss":0,"event_name":"The Mausoleum","floor":27,"gold_loss":0},{"damage_healed":0,"gold_gain":0,"player_choice":"Became a vampire","damage_taken":0,"max_hp_gain":0,"max_hp_loss":24,"event_name":"Vampires","floor":29,"gold_loss":0,"cards_obtained":["Bite","Bite","Bite","Bite","Bite"]}],"is_beta":false,"boss_relics":[{"not_picked":["SlaversCollar","Runic Dome"],"picked":"Cursed Key"}],"items_purged_floors":[],"is_endless":false,"potions_floor_spawned":[1,6,8,10,14,16,18,20,22,24,28,31],"killed_by":"Collector","ascension_level":20}}