{"host":"dl909bjyolgrn2uw","time":1613436995,"event":{"mods":["2.2 Compatiblity","BaseMod","Bestiary","Better Altar","Better Note","Better Sensory Stone","Better Skull","Better Third Choice","Better Vampires","Better-Laid Plans","BetterRewards","Colored Powertips","Curses Come First","Disable Question Mark Monsters","Displayed Cursed Tome","Emptier Cage","Minty Spire (QoL Compilation)","Morshu Shopkeeper","Permanent Neow","Rare Cards Sparkle","Relic Stats","Shop Mod","Spicy Shops","StSLib","SuperFastMode","Transform Curses"],"gold_per_floor":[163,63,81,6,22,38,38,38,38,54,87,97,97,109,109,183,183,194,213,18,18,31,31,47,47,47,47,47,47,47,62,62,136,136,148,0,0,16,31,31,31,42,121,121,121,133,153,173,173,173,173],"floor_reached":50,"language":"ENG","playtime":3278,"items_purged":["Strike_R","Strike_R"],"score":851,"play_id":"895ac1a7-22ec-495c-8496-8d02aa96ddeb","local_time":"20210215185635","is_ascension_mode":true,"campfire_choices":[{"data":"Bash","floor":8.0,"key":"SMITH"},{"data":"Fiend Fire","floor":15.0,"key":"SMITH"},{"floor":23.0,"key":"REST"},{"data":"Master of Strategy","floor":27.0,"key":"SMITH"},{"data":"Exhume","floor":30.0,"key":"SMITH"},{"floor":32.0,"key":"REST"},{"floor":40.0,"key":"REST"},{"floor":41.0,"key":"REST"},{"data":"Corruption","floor":44.0,"key":"SMITH"},{"floor":49,"key":"REST"}],"circlet_count":0,"master_deck":["AscendersBane","Strike_R","Strike_R","Defend_R+1","Defend_R","Defend_R","Defend_R","Bash+1","Dropkick","Havoc","Flash of Steel","Inflame","Second Wind","Battle Trance","Fiend Fire+1","Disarm","Exhume+1","Purity","Master of Strategy+1","Shrug It Off","Dropkick","Corruption+1","True Grit+1","Shrug It Off+1","Clothesline","Shrug It Off+1"],"relics":["Tiny House","Bottled Lightning","Mango","Runic Pyramid","WingedGreaves","Runic Dome","Red Mask","Question Card"],"acts_visited":["Exordium","TheCity","TheBeyond"],"potions_floor_usage":[50,50],"damage_taken":[{"damage":6.0,"enemies":"Cultist","floor":1.0,"turns":4.0},{"damage":4.0,"enemies":"Small Slimes","floor":3.0,"turns":4.0},{"damage":0.0,"enemies":"2 Louse","floor":5.0,"turns":3.0},{"damage":0.0,"enemies":"Large Slime","floor":6.0,"turns":5.0},{"damage":6.0,"enemies":"Red Slaver","floor":10.0,"turns":3.0},{"damage":21.0,"enemies":"Gremlin Nob","floor":11.0,"turns":4.0},{"damage":1.0,"enemies":"2 Fungi Beasts","floor":12.0,"turns":3.0},{"damage":7.0,"enemies":"3 Louse","floor":14.0,"turns":3.0},{"damage":11.0,"enemies":"Hexaghost","floor":16.0,"turns":6.0},{"damage":33.0,"enemies":"2 Thieves","floor":18.0,"turns":4.0},{"damage":0.0,"enemies":"Spheric Guardian","floor":19.0,"turns":3.0},{"damage":0.0,"enemies":"Snecko","floor":22.0,"turns":3.0},{"damage":28.0,"enemies":"Snake Plant","floor":24.0,"turns":4.0},{"damage":16.0,"enemies":"3 Cultists","floor":31.0,"turns":4.0},{"damage":10.0,"enemies":"Champ","floor":33.0,"turns":5.0},{"damage":26.0,"enemies":"3 Darklings","floor":35.0,"turns":3.0},{"damage":0.0,"enemies":"Orb Walker","floor":38.0,"turns":3.0},{"damage":50.0,"enemies":"Sphere and 2 Shapes","floor":39.0,"turns":4.0},{"damage":14.0,"enemies":"Spire Growth","floor":42.0,"turns":4.0},{"damage":18.0,"enemies":"3 Darklings","floor":46.0,"turns":4.0},{"damage":0.0,"enemies":"Maw","floor":47.0,"turns":3.0},{"damage":17,"enemies":"Jaw Worm Horde","floor":48,"turns":5},{"damage":56,"enemies":"Time Eater","floor":50,"turns":7}],"seed_played":"-2704196523416570213","potions_obtained":[{"floor":0.0,"key":"ColorlessPotion"},{"floor":1.0,"key":"ColorlessPotion"},{"floor":5.0,"key":"Block Potion"},{"floor":10.0,"key":"ElixirPotion"},{"floor":11.0,"key":"Block Potion"},{"floor":18.0,"key":"ColorlessPotion"},{"floor":19.0,"key":"PowerPotion"},{"floor":33.0,"key":"FearPotion"},{"floor":46.0,"key":"Dexterity Potion"},{"floor":47.0,"key":"LiquidBronze"}],"is_trial":false,"path_per_floor":["M","$","M","$","M","M","?","R","T","M","E","M","?","M","R","B",null,"M","M","$","?","M","R","M","?","T","R","$","?","R","M","R","B",null,"M","?","?","M","M","R","R","M","T","R","?","M","M","M","R","B"],"character_chosen":"IRONCLAD","items_purchased":["Flash of Steel","Purity"],"campfire_rested":5,"item_purchase_floors":[2,20],"current_hp_per_floor":[67,67,63,63,63,63,63,63,63,57,50,49,49,42,42,31,78,45,45,45,45,45,73,45,45,45,45,45,45,45,29,57,47,82,56,56,56,56,6,32,58,44,44,44,44,26,26,9,35,0,0],"gold":173,"neow_bonus":"BOSS_RELIC","is_daily":false,"chose_seed":false,"campfire_upgraded":5,"win_rate":0.0,"timestamp":1613436995,"path_taken":["M","?","M","$","?","M","?","R","T","M","E","M","?","M","R","BOSS","M","M","$","?","M","R","M","?","T","R","$","?","R","?","R","BOSS","M","?","?","M","M","R","R","M","T","R","?","?","M","M","R","BOSS"],"items_purchased_type":["Card","Card"],"build_version":"2020-12-22","purchased_purges":2,"victory":false,"max_hp_per_floor":[80,80,80,80,80,80,80,80,80,80,94,94,94,94,94,94,94,94,94,94,94,94,94,94,94,94,94,94,94,94,94,94,94,94,94,94,89,89,89,89,89,89,89,89,89,89,89,89,89,89,89],"relic_stats":{"counters":[23,91],"Question Card":3,"obtain_stats":[{"Runic Dome":34,"Tiny House":0,"Mango":11,"WingedGreaves":26,"Red Mask":36,"Bottled Lightning":9,"Question Card":43,"Burning Blood":0,"Runic Pyramid":17},{"Runic Dome":15,"Tiny House":0,"Mango":6,"WingedGreaves":13,"Red Mask":16,"Bottled Lightning":4,"Question Card":19,"Burning Blood":0,"Runic Pyramid":9},{"Runic Dome":58,"Tiny House":0,"Mango":23,"WingedGreaves":49,"Red Mask":61,"Bottled Lightning":16,"Question Card":72,"Burning Blood":0,"Runic Pyramid":35}]},"card_choices":[{"not_picked":["Warcry","True Grit"],"picked":"Dropkick","floor":0.0},{"not_picked":["Flex","Warcry"],"picked":"Havoc","floor":1.0},{"not_picked":["Twin Strike","Perfected Strike"],"picked":"Inflame","floor":3.0},{"not_picked":["Headbutt","Thunderclap"],"picked":"Second Wind","floor":5.0},{"not_picked":["Twin Strike","Sword Boomerang","Juggernaut"],"picked":"SKIP","floor":6.0},{"not_picked":["Clothesline","Bloodletting"],"picked":"Battle Trance","floor":10.0},{"not_picked":["Whirlwind","Anger","Hemokinesis"],"picked":"SKIP","floor":11.0},{"not_picked":["Body Slam","Sentinel","Combust"],"picked":"SKIP","floor":12.0},{"not_picked":["Pummel","Ghostly Armor"],"picked":"Disarm","floor":14.0},{"not_picked":["Brutality","Berserk"],"picked":"Exhume","floor":16.0},{"not_picked":["Pommel Strike","Intimidate","Wild Strike"],"picked":"SKIP","floor":18.0},{"not_picked":["Pummel","Iron Wave","Pommel Strike"],"picked":"SKIP","floor":19.0},{"not_picked":["Thinking Ahead","Madness"],"picked":"Master of Strategy","floor":21.0},{"not_picked":["Sword Boomerang","Havoc","Iron Wave+1"],"picked":"SKIP","floor":22.0},{"not_picked":["Cleave","Iron Wave"],"picked":"Shrug It Off","floor":24.0},{"not_picked":["Whirlwind","Rupture"],"picked":"Dropkick","floor":31.0},{"not_picked":["Bludgeon","Reaper"],"picked":"Corruption","floor":33.0},{"not_picked":["Headbutt","Sword Boomerang"],"picked":"True Grit","floor":35.0},{"not_picked":["Armaments+1","Cleave"],"picked":"Shrug It Off+1","floor":38.0},{"not_picked":["Seeing Red","Cleave","Hemokinesis"],"picked":"SKIP","floor":39.0},{"not_picked":["Dual Wield","Heavy Blade","Wild Strike"],"picked":"SKIP","floor":42.0},{"not_picked":["Iron Wave","Entrench","Hemokinesis","Havoc+1"],"picked":"SKIP","floor":46.0},{"not_picked":["Second Wind","Fire Breathing","Carnage"],"picked":"Clothesline","floor":47.0},{"not_picked":["Thunderclap","Flex+1","Barricade"],"picked":"Shrug It Off+1","floor":48}],"player_experience":437128,"relics_obtained":[{"floor":9.0,"key":"Bottled Lightning"},{"floor":11.0,"key":"Mango"},{"floor":26.0,"key":"WingedGreaves"},{"floor":43.0,"key":"Question Card"}],"event_choices":[{"cards_removed":["Strike_R"],"damage_healed":0.0,"max_hp_gain":0.0,"max_hp_loss":0.0,"gold_gain":0.0,"event_name":"Living Wall","player_choice":"Forget","floor":7.0,"gold_loss":0.0,"damage_taken":0.0},{"damage_healed":0.0,"max_hp_gain":0.0,"max_hp_loss":0.0,"gold_gain":0.0,"event_name":"Match and Keep!","player_choice":"1 cards matched","floor":13.0,"gold_loss":0.0,"damage_taken":0.0,"cards_obtained":["Fiend Fire"]},{"damage_healed":0.0,"max_hp_gain":0.0,"max_hp_loss":0.0,"gold_gain":2.0,"event_name":"betterStone:BetterStone","player_choice":"1","floor":21.0,"gold_loss":0.0,"damage_taken":0.0},{"damage_healed":0.0,"max_hp_gain":0.0,"max_hp_loss":0.0,"gold_gain":0.0,"event_name":"The Mausoleum","player_choice":"Ignored","floor":25.0,"gold_loss":0.0,"damage_taken":0.0},{"damage_healed":0.0,"max_hp_gain":0.0,"max_hp_loss":0.0,"gold_gain":0.0,"event_name":"Match and Keep!","player_choice":"0 cards matched","floor":29.0,"gold_loss":0.0,"damage_taken":0.0,"cards_obtained":[]},{"damage_healed":0.0,"max_hp_gain":0.0,"max_hp_loss":0.0,"gold_gain":0.0,"event_name":"Tomb of Lord Red Mask","player_choice":"Paid","floor":36.0,"gold_loss":148.0,"damage_taken":0.0,"relics_obtained":["Red Mask"]},{"damage_healed":0.0,"max_hp_gain":0.0,"max_hp_loss":5.0,"gold_gain":0.0,"event_name":"Winding Halls","player_choice":"Max HP","floor":37.0,"gold_loss":0.0,"damage_taken":0.0},{"damage_healed":0.0,"max_hp_gain":0.0,"max_hp_loss":0.0,"gold_gain":0.0,"event_name":"Accursed Blacksmith","player_choice":"Forge","floor":45.0,"gold_loss":0.0,"damage_taken":0.0,"cards_upgraded":["True Grit"]}],"is_beta":false,"boss_relics":[{"not_picked":["Cursed Key","Runic Cube"],"picked":"Runic Pyramid"},{"not_picked":["Astrolabe","Pandora\u0027s Box"],"picked":"Runic Dome"}],"items_purged_floors":[4,20],"is_endless":false,"potions_floor_spawned":[1,5,10,11,14,18,19,24,31,33,46,47],"killed_by":"Time Eater","ascension_level":16}}