{"host":"r081svdj6e9i7zze","time":1613444798,"event":{"mods":["AchievementEnabler","BaseMod","Colored Map","Minty Spire (QoL Compilation)","SuperFastMode"],"gold_per_floor":[113,129,79,94,58,89,89,102,129,144,144,69,69,95,95,192,192,209,209,134,134,134,134,134],"floor_reached":23,"language":"KOR","playtime":1182,"items_purged":["Strike_R"],"score":222,"play_id":"4b246f90-173e-40ae-920d-bb34e320c6b2","local_time":"20210216120638","is_ascension_mode":false,"campfire_choices":[{"data":"Seeing Red","floor":7.0,"key":"SMITH"},{"data":"Uppercut","floor":13.0,"key":"SMITH"},{"data":"Entrench","floor":15.0,"key":"SMITH"}],"circlet_count":0,"master_deck":["Strike_R","Strike_R","Defend_R","Defend_R","Defend_R","Bash","Rampage","Entrench+1","Uppercut+1","Sentinel","Seeing Red+1","Burning Pact","Metallicize","Armaments","Impervious","Burning Pact+1"],"relics":["Burning Blood","NeowsBlessing","Oddly Smooth Stone","PreservedInsect","Lantern","SlaversCollar"],"acts_visited":["Exordium","TheCity"],"potions_floor_usage":[],"damage_taken":[{"damage":0.0,"enemies":"Small Slimes","floor":1.0,"turns":1.0},{"damage":0.0,"enemies":"2 Louse","floor":2.0,"turns":1.0},{"damage":0.0,"enemies":"Jaw Worm","floor":4.0,"turns":1.0},{"damage":26.0,"enemies":"3 Sentries","floor":6.0,"turns":6.0},{"damage":4.0,"enemies":"Blue Slaver","floor":8.0,"turns":3.0},{"damage":10.0,"enemies":"Looter","floor":10.0,"turns":2.0},{"damage":0.0,"enemies":"Lagavulin","floor":14.0,"turns":5.0},{"damage":53.0,"enemies":"Hexaghost","floor":16.0,"turns":15.0},{"damage":46,"enemies":"Spheric Guardian","floor":18,"turns":10},{"damage":41,"enemies":"Gremlin Leader","floor":23,"turns":4}],"seed_played":"2524727787089364731","potions_obtained":[{"floor":1.0,"key":"DistilledChaos"},{"floor":4.0,"key":"AttackPotion"}],"is_trial":false,"path_per_floor":["M","M","?","M","$","E","R","M","T","M","?","$","R","E","R","B",null,"M","?","?","?","?","E"],"character_chosen":"IRONCLAD","items_purchased":["Sentinel"],"campfire_rested":0,"item_purchase_floors":[5],"current_hp_per_floor":[80,80,80,80,80,60,60,62,62,58,51,51,51,57,57,10,80,40,40,40,40,40,0,0],"gold":134,"neow_bonus":"THREE_ENEMY_KILL","is_daily":false,"chose_seed":false,"campfire_upgraded":3,"win_rate":0.0,"timestamp":1613444798,"path_taken":["M","M","?","M","$","E","R","M","T","M","?","$","R","E","R","BOSS","M","?","?","?","?","E"],"items_purchased_type":["Card"],"build_version":"2020-12-22","purchased_purges":1,"victory":false,"max_hp_per_floor":[80,80,80,80,80,80,80,80,80,80,80,80,80,80,80,80,80,80,80,80,80,80,80,80],"card_choices":[{"not_picked":["Flex","Anger"],"picked":"Rampage","floor":1.0},{"not_picked":["Flex","Thunderclap"],"picked":"Entrench","floor":2.0},{"not_picked":["Thunderclap","Power Through"],"picked":"Uppercut","floor":4.0},{"not_picked":["Headbutt","Havoc"],"picked":"Seeing Red","floor":6.0},{"not_picked":["Dark Embrace","Bloodletting"],"picked":"Burning Pact","floor":8.0},{"not_picked":["Combust","Clothesline"],"picked":"Metallicize","floor":10.0},{"not_picked":["Perfected Strike","Clothesline"],"picked":"Armaments","floor":14.0},{"not_picked":["Demon Form","Juggernaut"],"picked":"Impervious","floor":16.0},{"not_picked":["Pommel Strike","Rampage"],"picked":"Burning Pact+1","floor":18}],"player_experience":58184,"relics_obtained":[{"floor":6.0,"key":"Oddly Smooth Stone"},{"floor":9.0,"key":"PreservedInsect"},{"floor":14.0,"key":"Lantern"}],"event_choices":[{"cards_removed":["Strike_R"],"damage_healed":0.0,"max_hp_gain":0.0,"max_hp_loss":0.0,"gold_gain":0.0,"event_name":"The Cleric","player_choice":"Card Removal","floor":3.0,"gold_loss":50.0,"damage_taken":0.0},{"cards_removed":["Strike_R"],"damage_healed":0.0,"max_hp_gain":0.0,"max_hp_loss":0.0,"gold_gain":0.0,"event_name":"Golden Wing","player_choice":"Card Removal","floor":11.0,"gold_loss":0.0,"damage_taken":7.0},{"damage_healed":0,"gold_gain":0,"player_choice":"Ignored","damage_taken":0,"max_hp_gain":0,"max_hp_loss":0,"event_name":"The Mausoleum","floor":19,"gold_loss":0},{"cards_removed":["Defend_R"],"damage_healed":0,"gold_gain":0,"player_choice":"Gave Gold","damage_taken":0,"max_hp_gain":0,"max_hp_loss":0,"event_name":"Beggar","floor":20,"gold_loss":75},{"damage_healed":0,"gold_gain":0,"player_choice":"Ignored","damage_taken":0,"max_hp_gain":0,"max_hp_loss":0,"event_name":"Vampires","floor":21,"gold_loss":0},{"damage_healed":0,"gold_gain":0,"player_choice":"Ignored","damage_taken":0,"max_hp_gain":0,"max_hp_loss":0,"event_name":"Ghosts","floor":22,"gold_loss":0}],"is_beta":false,"boss_relics":[{"not_picked":["Fusion Hammer","Tiny House"],"picked":"SlaversCollar"}],"items_purged_floors":[12],"is_endless":false,"potions_floor_spawned":[1,4],"killed_by":"Gremlin Leader","ascension_level":0}}