{"host":"oj2qbbf4aubznu46","time":1613508227,"event":{"mods":["AchievementEnabler","BaseMod","Colored Powertips","Downfall","Infinite Spire","Minty Spire (QoL Compilation)","Replay The Spire","StSLib","slay the spire mod where everything is the same but ironclad has a cowboy hat"],"gold_per_floor":[117,117,117,133,148,148,148],"floor_reached":6,"language":"DEU","playtime":346,"items_purged":[],"score":36,"play_id":"6bc71d55-cdf4-44f5-9b19-e8884d301c9a","local_time":"20210216214347","is_ascension_mode":false,"campfire_choices":[],"circlet_count":0,"master_deck":["Strike_B","Strike_B","Strike_B","Strike_B","Defend_B","Defend_B","Defend_B","Defend_B","Zap","Dualcast","ReplayRNGCard","Ball Lightning","Crystallizer","Panic Button"],"relics":["Cracked Core"],"acts_visited":["Exordium"],"potions_floor_usage":[],"damage_taken":[{"damage":8,"enemies":"2 Louse","floor":1,"turns":3},{"damage":6,"enemies":"Jaw Worm","floor":4,"turns":3},{"damage":0,"enemies":"Cultist","floor":5,"turns":3},{"damage":0,"enemies":"Gremlin Nob","floor":6,"turns":2}],"seed_played":"6721177685436266323","potions_obtained":[{"floor":1,"key":"hexamod:SoulburnPotion"},{"floor":5,"key":"Fire Potion"}],"is_trial":false,"path_per_floor":["M","?","?","M","M","E"],"character_chosen":"DEFECT","items_purchased":[],"campfire_rested":0,"item_purchase_floors":[],"current_hp_per_floor":[67,67,72,66,66,66,66],"gold":148,"neow_bonus":"ONE_RANDOM_RARE_CARD","is_daily":false,"chose_seed":false,"campfire_upgraded":0,"win_rate":0.0,"timestamp":1613508227,"path_taken":["M","?","?","M","M","E"],"items_purchased_type":[],"build_version":"2020-12-22","purchased_purges":0,"victory":false,"max_hp_per_floor":[75,75,80,80,80,80,80],"card_choices":[{"not_picked":["Recycle","Skim"],"picked":"Ball Lightning","floor":1},{"not_picked":["Conserve Battery","Barrage"],"picked":"Crystallizer","floor":4},{"not_picked":["ReplayTheSpireMod:Reroute Power","ReplayTheSpireMod:GoodbyeWorld"],"picked":"Panic Button","floor":5}],"player_experience":374816,"relics_obtained":[],"event_choices":[{"damage_healed":0,"gold_gain":0,"player_choice":"Ignored","damage_taken":0,"max_hp_gain":0,"max_hp_loss":0,"event_name":"Golden Wing","floor":2,"gold_loss":0},{"damage_healed":0,"gold_gain":0,"player_choice":"Donut","damage_taken":0,"max_hp_gain":5,"max_hp_loss":0,"event_name":"Big Fish","floor":3,"gold_loss":0}],"is_beta":false,"boss_relics":[],"items_purged_floors":[],"is_endless":false,"potions_floor_spawned":[1,5],"killed_by":"Gremlin Nob","ascension_level":0}}