{"host":"7ttbe3gzet1mthv0","time":1613486043,"event":{"mods":["AchievementEnabler","BaseMod","Bestiary","Better Match","Better Note","Better Sensory Stone","Better Third Choice","BetterRewards","CapriCore","Colored Map","Colored Powertips","Custom Start","Downfall","Fox Events","Hermit","Highlight Path","Infinite Spire","Jorbs\u0027s Wanderer Trilogy","Luminous","Marisa????????","Minty Spire (QoL Compilation)","Rare Cards Sparkle","Relic Stats","Spicy Shops","StSLib","The Alterego","The Bug Knight","The Cursed","The Hierophant","The Marked","Wandering Minibosses"],"gold_per_floor":[99,112,128,128,158,158,209,225,253,265,278,278,307,334,344,344,344,344],"floor_reached":16,"language":"SPA","playtime":947,"items_purged":[],"score":112,"play_id":"c6f0dad6-8cb4-40fb-9ff9-902c70d2880a","local_time":"20210216153403","is_ascension_mode":false,"campfire_choices":[{"data":"bronze:Goto","floor":1,"key":"SMITH"},{"data":"bronze:Replicate","floor":6,"key":"SMITH"},{"floor":12,"key":"REST"}],"circlet_count":0,"master_deck":["bronze:Strike","bronze:Strike","bronze:Strike","bronze:Strike","bronze:Defend","bronze:Defend","bronze:Defend","bronze:Defend","bronze:Replicate+1","bronze:Goto+1","bronze:Safeguard","bronze:ChosenStrike","bronze:ForLoop","bronze:DarkDash","bronze:ItsAFeature","bronze:BuggyMess","bronze:AlphaBuild","bronze:FineTuning"],"relics":["bronze:BronzeCore","infinitespire:Lucky Rock","Dream Catcher","PreservedInsect","Blood Vial","Happy Flower"],"acts_visited":["Exordium"],"potions_floor_usage":[16],"damage_taken":[{"damage":1,"enemies":"2 Louse","floor":2,"turns":3},{"damage":3,"enemies":"Jaw Worm","floor":3,"turns":4},{"damage":0,"enemies":"Small Slimes","floor":8,"turns":3},{"damage":25,"enemies":"3 Sentries","floor":9,"turns":9},{"damage":15,"enemies":"2 Fungi Beasts","floor":10,"turns":4},{"damage":15,"enemies":"3 Louse","floor":11,"turns":4},{"damage":21,"enemies":"Lagavulin","floor":13,"turns":5},{"damage":0,"enemies":"downfall:LooterAlt","floor":15,"turns":3},{"damage":38,"enemies":"WA_ARCHETYPE_RETAIN","floor":16,"turns":5}],"seed_played":"-6792171584206403430","potions_obtained":[{"floor":2,"key":"champ:CounterPotion"},{"floor":3,"key":"SteroidPotion"},{"floor":10,"key":"BlessingOfTheForge"}],"is_trial":false,"path_per_floor":["R","M","M","?","?","R","T","M","E","M","M","R","E","T","M","B"],"character_chosen":"THE_AUTOMATON","items_purchased":[],"campfire_rested":1,"item_purchase_floors":[],"current_hp_per_floor":[77,76,73,73,73,73,73,73,48,33,18,41,20,20,22,0,0,0],"gold":344,"neow_bonus":"TEN_PERCENT_HP_BONUS","is_daily":false,"chose_seed":false,"campfire_upgraded":2,"win_rate":0.0,"timestamp":1613486043,"path_taken":["R","M","M","?","?","R","T","M","E","M","M","R","E","?","M","BOSS"],"items_purchased_type":[],"build_version":"2020-12-22","purchased_purges":0,"victory":false,"max_hp_per_floor":[77,77,77,77,77,77,77,77,77,77,77,77,77,77,77,77,77,77],"relic_stats":{"Blood Vial":4,"Dream Catcher":1,"Happy Flower":[2],"counters":[9,40],"PreservedInsect":28,"obtain_stats":[{"Blood Vial":13,"Dream Catcher":7,"bronze:BronzeCore":0,"Happy Flower":14,"PreservedInsect":9,"infinitespire:Lucky Rock":5},{"Blood Vial":7,"Dream Catcher":2,"bronze:BronzeCore":0,"Happy Flower":7,"PreservedInsect":4,"infinitespire:Lucky Rock":2},{"Blood Vial":32,"Dream Catcher":7,"bronze:BronzeCore":0,"Happy Flower":32,"PreservedInsect":19,"infinitespire:Lucky Rock":7}]},"card_choices":[{"not_picked":["bronze:Overload","bronze:Frontload"],"picked":"bronze:Safeguard","floor":2},{"not_picked":["bronze:Iterate","bronze:ForceShield"],"picked":"bronze:ChosenStrike","floor":3},{"not_picked":["bronze:Frontload","bronze:WildBeam","bronze:BugBarrage"],"picked":"SKIP","floor":8},{"not_picked":["bronze:ItsAFeature","bronze:NullPointer"],"picked":"bronze:ForLoop","floor":9},{"not_picked":["bronze:Invalidate","bronze:Backtrace"],"picked":"bronze:DarkDash","floor":10},{"not_picked":["bronze:Flail","bronze:Fortify"],"picked":"bronze:ItsAFeature","floor":11},{"not_picked":["bronze:Flail","bronze:Shell"],"picked":"bronze:BuggyMess","floor":12},{"not_picked":["bronze:Optimize","bronze:Iterate"],"picked":"bronze:AlphaBuild","floor":13},{"not_picked":["bronze:Branch","bronze:DelayedGuard"],"picked":"bronze:FineTuning","floor":15}],"player_experience":67417,"relics_obtained":[{"floor":7,"key":"Dream Catcher"},{"floor":9,"key":"PreservedInsect"},{"floor":13,"key":"Blood Vial"},{"floor":14,"key":"Happy Flower"}],"event_choices":[],"is_beta":false,"boss_relics":[],"items_purged_floors":[],"is_endless":false,"potions_floor_spawned":[2,3,10,11],"killed_by":"WA_ARCHETYPE_RETAIN","ascension_level":0}}