{"host":"yy1cu9q9bsxhflzi","time":1613506558,"event":{"mods":["BaseMod","DeckTracker","Minty Spire (QoL Compilation)","Quick Restart","StSLib","SuperFastMode","everything is the same but u backflip on backflip"],"gold_per_floor":[115,115,115,125,125,160,160,195,270,281,281,299,314,334,334,432,432,450,365,290,300,300,300,300],"floor_reached":23,"language":"KOR","playtime":508,"items_purged":[],"score":305,"play_id":"374ce4cf-f808-4e9f-af7f-0771b79986cb","local_time":"20210217051558","is_ascension_mode":true,"campfire_choices":[{"data":"Eruption","floor":7.0,"key":"SMITH"},{"data":"CrushJoints","floor":11.0,"key":"SMITH"},{"floor":15,"key":"REST"}],"circlet_count":0,"master_deck":["Strike_P","Strike_P","Defend_P","Defend_P+1","Defend_P+1","Eruption+1","Vigilance","BowlingBash","CrushJoints+1","Study","MasterReality","Wallop","Devotion","EmptyFist"],"relics":["PureWater","NeowsBlessing","NlothsMask","Bag of Preparation","HornCleat","Empty Cage","Unceasing Top"],"acts_visited":["Exordium","TheCity"],"potions_floor_usage":[23,23,23,23],"damage_taken":[{"damage":0.0,"enemies":"2 Louse","floor":1.0,"turns":1.0},{"damage":0.0,"enemies":"Small Slimes","floor":4.0,"turns":1.0},{"damage":0.0,"enemies":"Lagavulin","floor":6.0,"turns":1.0},{"damage":22.0,"enemies":"3 Sentries","floor":8.0,"turns":7.0},{"damage":0.0,"enemies":"Cultist","floor":10.0,"turns":3.0},{"damage":15.0,"enemies":"Large Slime","floor":12.0,"turns":6.0},{"damage":0.0,"enemies":"Looter","floor":13.0,"turns":2.0},{"damage":8,"enemies":"Lots of Slimes","floor":14,"turns":5},{"damage":40,"enemies":"The Guardian","floor":16,"turns":10},{"damage":6,"enemies":"3 Byrds","floor":18,"turns":6},{"damage":19,"enemies":"Spheric Guardian","floor":21,"turns":5},{"damage":2,"enemies":"Gremlin Leader","floor":23,"turns":5}],"seed_played":"-4134605063490397307","potions_obtained":[{"floor":4.0,"key":"Weak Potion"},{"floor":8.0,"key":"Energy Potion"},{"floor":10.0,"key":"BottledMiracle"},{"floor":13.0,"key":"FairyPotion"},{"floor":16,"key":"Swift Potion"},{"floor":22,"key":"Strength Potion"},{"floor":22,"key":"EntropicBrew"}],"is_trial":false,"path_per_floor":["M","?","?","M","?","E","R","E","T","M","R","M","M","M","R","B",null,"M","?","?","M","?","E"],"character_chosen":"WATCHER","items_purchased":[],"campfire_rested":1,"item_purchase_floors":[],"current_hp_per_floor":[65,65,51,51,51,51,51,29,29,29,29,14,14,6,27,9,56,50,50,50,31,31,29,29],"gold":300,"neow_bonus":"THREE_ENEMY_KILL","is_daily":false,"chose_seed":false,"campfire_upgraded":2,"win_rate":0.0,"timestamp":1613506558,"path_taken":["M","?","?","M","?","E","R","E","T","M","R","M","M","?","R","BOSS","M","?","?","M","?","E"],"items_purchased_type":[],"build_version":"2020-12-22","purchased_purges":0,"victory":false,"max_hp_per_floor":[72,72,72,72,72,72,72,72,72,72,72,72,72,72,72,72,72,72,72,72,72,72,72,72],"card_choices":[{"not_picked":["Halt","SignatureMove"],"picked":"BowlingBash","floor":1.0},{"not_picked":["BowlingBash","Consecrate","Collect"],"picked":"SKIP","floor":4.0},{"not_picked":["Nirvana","ThirdEye","CutThroughFate"],"picked":"SKIP","floor":6.0},{"not_picked":["CarveReality","Consecrate"],"picked":"CrushJoints","floor":8.0},{"not_picked":["Consecrate","Conclude"],"picked":"Study","floor":10.0},{"not_picked":["ClearTheMind","CrushJoints","Crescendo"],"picked":"SKIP","floor":12.0},{"not_picked":["Fasting2","Halt"],"picked":"MasterReality","floor":13.0},{"not_picked":["ThirdEye","Prostrate"],"picked":"Wallop","floor":14},{"not_picked":["Judgement","SpiritShield"],"picked":"Devotion","floor":16},{"not_picked":["ClearTheMind","Fasting2"],"picked":"EmptyFist","floor":18},{"not_picked":["FlyingSleeves","Halt","Fasting2"],"picked":"SKIP","floor":21}],"player_experience":3923583,"relics_obtained":[{"floor":6.0,"key":"Bag of Preparation"},{"floor":8.0,"key":"HornCleat"}],"event_choices":[{"damage_healed":0.0,"max_hp_gain":0.0,"max_hp_loss":0.0,"gold_gain":0.0,"event_name":"Liars Game","player_choice":"Ignored","floor":2.0,"gold_loss":0.0,"damage_taken":0.0},{"damage_healed":0.0,"max_hp_gain":0.0,"max_hp_loss":0.0,"gold_gain":0.0,"event_name":"Shining Light","player_choice":"Entered Light","floor":3.0,"gold_loss":0.0,"damage_taken":14.0,"cards_upgraded":["Defend_P","Defend_P"]},{"damage_healed":0.0,"max_hp_gain":0.0,"max_hp_loss":0.0,"gold_gain":0.0,"event_name":"FaceTrader","player_choice":"Trade","floor":5.0,"gold_loss":0.0,"damage_taken":0.0,"relics_obtained":["NlothsMask"]},{"damage_healed":0,"gold_gain":0,"player_choice":"Obtained Relic","damage_taken":0,"relics_obtained":["Unceasing Top"],"max_hp_gain":0,"max_hp_loss":0,"event_name":"Addict","floor":19,"gold_loss":85},{"cards_removed":["Strike_P"],"damage_healed":0,"gold_gain":0,"player_choice":"Gave Gold","damage_taken":0,"max_hp_gain":0,"max_hp_loss":0,"event_name":"Beggar","floor":20,"gold_loss":75},{"damage_healed":0,"gold_gain":0,"player_choice":"Got Potions","damage_taken":0,"max_hp_gain":0,"max_hp_loss":0,"event_name":"Lab","floor":22,"gold_loss":0}],"is_beta":false,"boss_relics":[{"not_picked":["Busted Crown","Sozu"],"picked":"Empty Cage"}],"items_purged_floors":[],"is_endless":false,"potions_floor_spawned":[4,8,10,13,16],"killed_by":"Gremlin Leader","ascension_level":7}}