{"host":"p9vmbvw2hh2n16dn","time":1613481255,"event":{"mods":["AchievementEnabler","BaseMod","Block Reminder","Minty Spire (QoL Compilation)","Relic Stats","SuperFastMode"],"gold_per_floor":[16,16,26,44,58,58,84,84,84,84,101,133,98,98,98],"floor_reached":14,"language":"ENG","playtime":2851,"items_purged":[],"score":195,"play_id":"417f0522-06be-4bb1-a222-be0952f5e9d3","local_time":"20210216141415","is_ascension_mode":true,"campfire_choices":[{"data":"Body Slam","floor":6.0,"key":"SMITH"},{"data":"Shrug It Off","floor":10.0,"key":"SMITH"}],"circlet_count":0,"master_deck":["AscendersBane","Strike_R","Strike_R","Strike_R","Strike_R","Strike_R","Defend_R","Defend_R","Defend_R","Defend_R","Bash","Reaper","Shrug It Off+1","Twin Strike","Body Slam+1","True Grit"],"relics":["Burning Blood","CultistMask","White Beast Statue","Pantograph","Art of War"],"acts_visited":[],"potions_floor_usage":[14,14],"damage_taken":[{"damage":23.0,"enemies":"Small Slimes","floor":1.0,"turns":4.0},{"damage":11.0,"enemies":"Cultist","floor":3.0,"turns":4.0},{"damage":2.0,"enemies":"2 Louse","floor":4.0,"turns":3.0},{"damage":17.0,"enemies":"Large Slime","floor":5.0,"turns":7.0},{"damage":35.0,"enemies":"Lagavulin","floor":7.0,"turns":4.0},{"damage":13.0,"enemies":"2 Fungi Beasts","floor":11.0,"turns":4.0},{"damage":42.0,"enemies":"3 Sentries","floor":12.0,"turns":13.0},{"damage":37,"enemies":"Gremlin Nob","floor":14,"turns":4}],"seed_played":"2528520962953295784","potions_obtained":[{"floor":4.0,"key":"SneckoOil"},{"floor":7.0,"key":"LiquidBronze"},{"floor":11.0,"key":"Dexterity Potion"},{"floor":12.0,"key":"Regen Potion"}],"is_trial":false,"path_per_floor":["M","?","M","M","M","R","E","$","T","R","M","E","?","E"],"character_chosen":"IRONCLAD","items_purchased":[],"campfire_rested":0,"item_purchase_floors":[],"current_hp_per_floor":[57,57,58,66,61,61,32,32,32,32,33,9,27,6,6],"gold":98,"neow_bonus":"THREE_RARE_CARDS","is_daily":false,"chose_seed":false,"campfire_upgraded":2,"win_rate":0.0,"timestamp":1613481255,"path_taken":["M","?","M","M","?","R","E","$","T","R","M","E","?","E"],"items_purchased_type":[],"build_version":"2020-12-22","purchased_purges":0,"victory":false,"max_hp_per_floor":[75,75,75,75,75,75,75,75,75,75,75,75,75,75,75],"relic_stats":{"counters":[8,43],"Pantograph":0,"Art of War":[0],"obtain_stats":[{"Pantograph":9,"CultistMask":2,"Art of War":12,"Burning Blood":0,"White Beast Statue":7},{"Pantograph":5,"CultistMask":1,"Art of War":7,"Burning Blood":0,"White Beast Statue":5},{"Pantograph":22,"CultistMask":4,"Art of War":39,"Burning Blood":0,"White Beast Statue":22}],"Burning Blood":42},"card_choices":[{"not_picked":["Double Tap","Berserk"],"picked":"Reaper","floor":0.0},{"not_picked":["Heavy Blade","Sword Boomerang"],"picked":"Shrug It Off","floor":1.0},{"not_picked":["Flex","Pommel Strike"],"picked":"Twin Strike","floor":3.0},{"not_picked":["Flex","Armaments","Combust"],"picked":"SKIP","floor":4.0},{"not_picked":["Warcry","Headbutt"],"picked":"Body Slam","floor":5.0},{"not_picked":["Sentinel","Carnage","Clash"],"picked":"SKIP","floor":7.0},{"not_picked":["Sentinel","Carnage","Clash"],"picked":"SKIP","floor":7.0},{"not_picked":["Heavy Blade","Pommel Strike","Wild Strike"],"picked":"SKIP","floor":11.0},{"not_picked":["Fire Breathing","Combust"],"picked":"True Grit","floor":12.0}],"player_experience":344312,"relics_obtained":[{"floor":7.0,"key":"White Beast Statue"},{"floor":9.0,"key":"Pantograph"},{"floor":12.0,"key":"Art of War"}],"event_choices":[{"damage_healed":0.0,"max_hp_gain":0.0,"max_hp_loss":0.0,"gold_gain":0.0,"event_name":"FaceTrader","player_choice":"Trade","floor":2.0,"gold_loss":0.0,"damage_taken":0.0,"relics_obtained":["CultistMask"]},{"damage_healed":18.0,"max_hp_gain":0.0,"max_hp_loss":0.0,"gold_gain":0.0,"event_name":"The Cleric","player_choice":"Healed","floor":13.0,"gold_loss":35.0,"damage_taken":0.0}],"is_beta":false,"boss_relics":[],"items_purged_floors":[],"is_endless":false,"potions_floor_spawned":[4,7,11,12],"killed_by":"Gremlin Nob","ascension_level":19}}