{"host":"eaiphzh066bwqdh7","time":1613507710,"event":{"mods":["AchievementEnabler","BaseMod","Better Note","Colored Powertips","Halation","Hubris","Infinite Spire","Minty Spire (QoL Compilation)","Quick Restart","Reliquary","Replay The Spire","StSLib"],"gold_per_floor":[113,133,133,35,45,45,76,86,161,161,171,184,218,233,233,330,330,347,1,16,33,33,33,33],"floor_reached":23,"language":"ENG","playtime":968,"items_purged":["Strike_G","Strike_G","Strike_G"],"score":246,"play_id":"20ebd1db-cf9f-4ead-b9b3-7ccfa289c69d","local_time":"20210216153510","is_ascension_mode":true,"campfire_choices":[{"data":"Noxious Fumes","floor":6,"key":"SMITH"},{"floor":10,"key":"REST"},{"floor":15,"key":"REST"}],"circlet_count":0,"master_deck":["Strike_G","Strike_G","Defend_G","Defend_G","Defend_G","Defend_G","Defend_G","Survivor","Neutralize","Noxious Fumes+1","Finisher","Slice","Slice","Cloak And Dagger","Fluid Movement","Noxious Fumes","Dagger Throw","Deadly Poison","Adrenaline","Unload","Poisoned Stab+1","Deadly Poison+1","Catalyst","Replay:Fractal Strike"],"relics":["Honey Jar","NlothsMask","Blood Vial","hubris:SlimyHat","Black Star","Replay:Bottled Steam","White Beast Statue"],"acts_visited":["Exordium","TheCity"],"potions_floor_usage":[12,13,16,18],"damage_taken":[{"damage":2,"enemies":"2 Louse","floor":1,"turns":2},{"damage":1,"enemies":"Cultist","floor":2,"turns":4},{"damage":0,"enemies":"Small Slimes","floor":5,"turns":2},{"damage":22,"enemies":"3 Sentries","floor":7,"turns":6},{"damage":7,"enemies":"Blue Slaver","floor":8,"turns":3},{"damage":0,"enemies":"Large Slime","floor":11,"turns":4},{"damage":0,"enemies":"Looter","floor":12,"turns":3},{"damage":2,"enemies":"Gremlin Nob","floor":13,"turns":3},{"damage":8,"enemies":"3 Louse","floor":14,"turns":2},{"damage":9,"enemies":"The Guardian","floor":16,"turns":8},{"damage":18,"enemies":"Spheric Guardian","floor":18,"turns":4},{"damage":20,"enemies":"Chosen","floor":20,"turns":4},{"damage":35,"enemies":"Centurion and Healer","floor":21,"turns":6},{"damage":32,"enemies":"Cultist and Chosen","floor":23,"turns":4}],"seed_played":"989773444203209978","potions_obtained":[{"floor":2,"key":"LifebloodPotion"},{"floor":8,"key":"Block Potion"},{"floor":11,"key":"BlessingOfTheForge"},{"floor":12,"key":"SneckoOil"},{"floor":14,"key":"Swift Potion"}],"is_trial":false,"path_per_floor":["M","M","?","$","M","R","E","M","T","R","M","M","E","M","R","B",null,"M","$","M","M","AVR","M"],"character_chosen":"THE_SILENT","items_purchased":["Slice","Replay:Bottled Steam"],"campfire_rested":2,"item_purchase_floors":[4,19],"current_hp_per_floor":[68,67,67,67,67,67,45,40,40,61,63,65,65,59,70,61,70,52,52,34,1,1,0,0],"gold":33,"neow_bonus":"BOSS_RELIC","is_daily":false,"chose_seed":false,"campfire_upgraded":1,"win_rate":0.0,"timestamp":1613507710,"path_taken":["M","M","?","$","M","R","E","M","T","R","?","M","E","M","R","BOSS","M","$","M","M","AVR","M"],"items_purchased_type":["Card","Relic"],"build_version":"2020-12-22","purchased_purges":3,"victory":false,"max_hp_per_floor":[70,70,70,70,70,70,70,70,70,70,70,70,70,70,70,70,70,70,70,70,70,70,70,70],"card_choices":[{"not_picked":["hubris:TrickCloak","Quick Slash","Sneak Up"],"picked":"Noxious Fumes","floor":1},{"not_picked":["Dagger Throw","ReplayTheSpireMod:Speed Training","Flying Knee"],"picked":"Finisher","floor":2},{"not_picked":["Burst","Dagger Throw","Cloak And Dagger"],"picked":"Slice","floor":5},{"not_picked":["Expertise","Skewer","Deflect"],"picked":"Cloak And Dagger","floor":7},{"not_picked":["Dodge and Roll","Well Laid Plans","Reflex"],"picked":"Fluid Movement","floor":8},{"not_picked":["Concentrate","Quick Slash","Choke"],"picked":"Noxious Fumes","floor":11},{"not_picked":["ReplayTheSpireMod:Shiv Toss","Dodge and Roll","Expertise"],"picked":"Dagger Throw","floor":12},{"not_picked":["Acrobatics","Tactician","Reflex"],"picked":"Deadly Poison","floor":13},{"not_picked":["Underhanded Strike","PiercingWail","Toxin Wave"],"picked":"Adrenaline","floor":14},{"not_picked":["Storm of Steel","ReplayTheSpireMod:From All Sides","Doppelganger"],"picked":"Unload","floor":16},{"not_picked":["Acrobatics+1","Deflect+1","PiercingWail"],"picked":"Poisoned Stab+1","floor":18},{"not_picked":["Dagger Throw+1","Riddle With Holes+1","Cloak And Dagger+1"],"picked":"Deadly Poison+1","floor":20},{"not_picked":["Sucker Punch","PiercingWail+1","Bouncing Flask"],"picked":"Catalyst","floor":21}],"player_experience":313956,"relics_obtained":[{"floor":7,"key":"Blood Vial"},{"floor":13,"key":"hubris:SlimyHat"}],"event_choices":[{"damage_healed":0,"gold_gain":0,"player_choice":"Trade","damage_taken":0,"relics_obtained":["NlothsMask"],"max_hp_gain":0,"max_hp_loss":0,"event_name":"FaceTrader","floor":3,"gold_loss":0}],"is_beta":false,"boss_relics":[{"not_picked":["hubris:RunicObelisk","Pandora\u0027s Box"],"picked":"Black Star"}],"items_purged_floors":[4,19,22],"is_endless":false,"potions_floor_spawned":[2,8,11,12,14],"killed_by":"Cultist and Chosen","ascension_level":4}}