{"host":"ifvrsrzj00f2ebkn","time":1613468430,"event":{"mods":["BaseMod","Colored Map","Colored Powertips","Minty Spire (QoL Compilation)","Random Character Button","Shop Mod","StSLib"],"gold_per_floor":[111,111,81,81,6,6,41,41,41],"floor_reached":8,"language":"ENG","playtime":1661,"items_purged":["Flame Barrier"],"score":112,"play_id":"d7516faa-e1c3-46c7-9962-af028a4d8094","local_time":"20210216174030","daily_mods":["SealedDeck","Red Cards","Green Cards","Blue Cards","Colorless Cards","Heirloom","Time Dilation","Flight","DeadlyEvents","Elite Swarm"],"is_ascension_mode":true,"campfire_choices":[{"floor":6,"key":"REST"}],"circlet_count":0,"master_deck":["Poisoned Stab","Crippling Poison","Dash","Dodge and Roll","Combust","True Grit","Dagger Spray+1","True Grit","Armaments+1","Shrug It Off"],"relics":["Ring of the Snake","Ginger","Sundial","Ancient Tea Set"],"acts_visited":["Exordium"],"potions_floor_usage":[],"damage_taken":[{"damage":6,"enemies":"2 Louse","floor":1,"turns":3},{"damage":0,"enemies":"Lagavulin","floor":7,"turns":7},{"damage":107,"enemies":"Gremlin Nob","floor":8,"turns":6}],"seed_played":"2083646111475198503","potions_obtained":[{"floor":1,"key":"SpeedPotion"}],"is_trial":true,"path_per_floor":["M","?","?","?","$","R","E","E"],"character_chosen":"THE_SILENT","items_purchased":[],"campfire_rested":1,"item_purchase_floors":[],"current_hp_per_floor":[57,54,54,40,40,61,61,0,0],"gold":41,"neow_bonus":"","is_daily":false,"chose_seed":false,"campfire_upgraded":0,"win_rate":0.0,"timestamp":1613468430,"path_taken":["M","?","?","?","?","R","?","?"],"items_purchased_type":[],"build_version":"2020-12-22","purchased_purges":1,"victory":false,"max_hp_per_floor":[70,70,70,70,70,70,70,70,70],"card_choices":[{"not_picked":["Perfected Strike","Well Laid Plans"],"picked":"Shrug It Off","floor":1},{"not_picked":["Malaise","HandOfGreed","Violence"],"picked":"SKIP","floor":7}],"player_experience":95017,"relics_obtained":[{"floor":7,"key":"Ancient Tea Set"}],"event_choices":[{"damage_healed":0,"gold_gain":0,"player_choice":"Success","damage_taken":3,"relics_obtained":["Sundial"],"max_hp_gain":0,"max_hp_loss":0,"event_name":"Scrap Ooze","floor":2,"gold_loss":0},{"damage_healed":0,"gold_gain":0,"player_choice":"Left Gold","damage_taken":0,"max_hp_gain":0,"max_hp_loss":0,"event_name":"World of Goop","floor":3,"gold_loss":30},{"damage_healed":0,"gold_gain":0,"player_choice":"Entered Light","damage_taken":14,"max_hp_gain":0,"max_hp_loss":0,"event_name":"Shining Light","floor":4,"gold_loss":0,"cards_upgraded":["Armaments","Dagger Spray"]}],"is_beta":false,"boss_relics":[],"items_purged_floors":[5],"is_endless":false,"potions_floor_spawned":[1],"killed_by":"Gremlin Nob","ascension_level":9}}