{"host":"p445zcfxld9bg8mp","time":1613504143,"event":{"mods":["2.2 Compatiblity","AchievementEnabler","BaseMod","BetterRewards","Challenge The Spire","Colored Map","Colored Powertips","DeckTracker","Downfall","Filter the Spire","Highlight Path","Infinite Spire","Minty Spire (QoL Compilation)","Quick Restart","Random Character Button","Rare Cards Sparkle","Reliquary","StSLib","UnlockEverythingMod","noobMod"],"gold_per_floor":[110,110,110,128,23,58,73,101,125,151,170,170,95,120,120,193,193,205,105,124,134,764,764],"floor_reached":22,"language":"POL","playtime":3097,"items_purged":["Strike_G","Strike_G"],"score":603,"play_id":"d697310d-1faa-4cff-b508-faccb3a57e92","local_time":"20210216203543","is_ascension_mode":true,"campfire_choices":[{"data":"Blade Dance","floor":15,"key":"SMITH"}],"circlet_count":0,"master_deck":["AscendersBane","Strike_G+1","Strike_G+1","Strike_G","Defend_G","Defend_G","Defend_G","Defend_G","Defend_G","Survivor","Neutralize","Cloak And Dagger","Night Terror","Escape Plan","Deadly Poison","Infinite Blades","Deadly Poison","Deadly Poison","Blade Dance+1","Cloak And Dagger","Poisoned Stab","Bouncing Flask","Bane"],"relics":["Cracked Core","ice","Pen Nib","Omamori","Whetstone","Kunai","reliquary:RosewoodLute","infinitespire:Lucky Rock","infinitespire:Cubic Diamond","Pear","Coffee Dripper"],"acts_visited":["Exordium","TheCity"],"potions_floor_usage":[7,14,16],"damage_taken":[{"damage":13,"enemies":"Jaw Worm","floor":1,"turns":7},{"damage":4,"enemies":"Cultist","floor":4,"turns":5},{"damage":40,"enemies":"Gremlin Nob","floor":6,"turns":5},{"damage":17,"enemies":"Small Slimes","floor":7,"turns":3},{"damage":20,"enemies":"3 Sentries","floor":8,"turns":5},{"damage":0,"enemies":"Lagavulin","floor":10,"turns":3},{"damage":0,"enemies":"Exordium Wildlife","floor":11,"turns":2},{"damage":0,"enemies":"3 Sentries","floor":14,"turns":3},{"damage":12,"enemies":"Hexaghost","floor":16,"turns":5},{"damage":6,"enemies":"Shell Parasite","floor":18,"turns":2},{"damage":6,"enemies":"2 Thieves","floor":20,"turns":3},{"damage":0,"enemies":"Snecko","floor":21,"turns":3}],"seed_played":"-2003169969487015008","potions_obtained":[{"floor":1,"key":"Ancient Potion"},{"floor":6,"key":"AttackPotion"},{"floor":10,"key":"Poison Potion"},{"floor":16,"key":"EntropicBrew"},{"floor":18,"key":"Block Potion"},{"floor":20,"key":"Slimebound:ThreeZeroPotion"}],"is_trial":false,"path_per_floor":["M","?","?","M","$","E","M","E","T","E","M","?","$","E","R","B",null,"M","$","M","M","?"],"character_chosen":"THE_SILENT","items_purchased":["Infinite Blades","Deadly Poison"],"campfire_rested":0,"item_purchase_floors":[5,5],"current_hp_per_floor":[46,41,41,37,37,27,10,51,51,51,51,51,51,61,61,49,84,78,78,72,72,0,0],"gold":764,"neow_bonus":"RANDOM_COMMON_RELIC","is_daily":false,"chose_seed":false,"campfire_upgraded":1,"win_rate":0.0,"timestamp":1613504143,"path_taken":["M","?","?","M","$","E","M","E","T","E","?","?","?","E","R","BOSS","M","$","?","M","?"],"items_purchased_type":["Card","Card"],"build_version":"2020-12-22","purchased_purges":2,"victory":false,"max_hp_per_floor":[66,66,66,66,66,67,70,73,73,74,75,75,75,87,87,96,96,97,97,100,101,101,101],"card_choices":[{"not_picked":["Escape Plan","Choke"],"picked":"Cloak And Dagger","floor":1},{"not_picked":["Finisher","Eviscerate"],"picked":"Deadly Poison","floor":4},{"not_picked":["Footwork","Quick Slash"],"picked":"Deadly Poison","floor":6},{"not_picked":["Choke","Calculated Gamble"],"picked":"Blade Dance","floor":7},{"not_picked":["Slice","Choke"],"picked":"Cloak And Dagger","floor":8},{"not_picked":["Flechettes","Die Die Die"],"picked":"Poisoned Stab","floor":10},{"not_picked":["Flying Knee","Quick Slash"],"picked":"Bouncing Flask","floor":11},{"not_picked":["Dagger Spray","Footwork","PiercingWail"],"picked":"SKIP","floor":14},{"not_picked":["Finisher","Deflect","Endless Agony"],"picked":"SKIP","floor":18},{"not_picked":["Tactician+1","Dodge and Roll"],"picked":"Bane","floor":20},{"not_picked":["Choke","Underhanded Strike","Bane"],"picked":"SKIP","floor":21}],"player_experience":50487,"relics_obtained":[{"floor":6,"key":"Whetstone"},{"floor":8,"key":"Kunai"},{"floor":9,"key":"reliquary:RosewoodLute"},{"floor":10,"key":"infinitespire:Lucky Rock"},{"floor":14,"key":"Pear"}],"event_choices":[{"damage_healed":0,"gold_gain":0,"player_choice":"Success","damage_taken":5,"relics_obtained":["Omamori"],"max_hp_gain":0,"max_hp_loss":0,"event_name":"Scrap Ooze","floor":2,"gold_loss":0},{"damage_healed":0,"gold_gain":0,"player_choice":"2 cards matched","damage_taken":0,"max_hp_gain":0,"max_hp_loss":0,"event_name":"Match and Keep!","floor":3,"gold_loss":0,"cards_obtained":["Night Terror","Escape Plan"]}],"is_beta":false,"boss_relics":[{"not_picked":["infinitespire:Cupcake","Runic Pyramid"],"picked":"Coffee Dripper"}],"items_purged_floors":[13,19],"is_endless":false,"potions_floor_spawned":[1,6,10,16,18,20],"ascension_level":20}}