{"host":"2qpilcmj89x3pncz","time":1613474664,"event":{"mods":["100% Spire Juice","2.2 Compatiblity","Act Like it!","Aspiration","BaseMod","BetterRewards","Colored Map","Colored Powertips","Conjunction","Conspire","Dota2Spire","Duelist Mod","Evolution","GifTheSpireLib","Grow up Mod","Halation","Hubris","Infinite Spire","Jedi Mod","Mimic Mod","Minty Spire (QoL Compilation)","Poem Panic","Quarter Circle Forward PUNCH!","Quick Restart","Replay The Spire","Ruina","Shop Mod","Spicy Shops","Spikes Relics","StSLib","Strawberry Spire","Stuff the Spire","SuperFastMode","The Servant 0.9.4","Wandering Minibosses"],"gold_per_floor":[165,179,179,179,179,240,240,240,265,314,314,376,10,71,71,175,175,218,291,337,337,422,468,468,530,530,530,575,605,647,647,647,749,749,766,766,398,445,445,445,524,524,524,583,583,594,605,644,644,746,854,854,859,897,897,911,911,950,728,728,751,752,761,954,996,999,999,1074,1074,1069,580,606,606],"floor_reached":72,"language":"ENG","playtime":3906,"items_purged":["theDuelist:Sparks","theDuelist:Sparks","theDuelist:CastleWalls","theDuelist:LesserDragon+1","theDuelist:YamataDragon+1","theDuelist:MiraculousDescent+1"],"score":3699,"play_id":"56584fcf-ecff-4c84-b2dd-0015ff6ecbc6","local_time":"20210216112424","is_ascension_mode":true,"campfire_choices":[{"data":"theDuelist:CyberEmergency","floor":7.0,"key":"SMITH"},{"data":"theDuelist:CyberDragonSieger","floor":11.0,"key":"SMITH"},{"floor":15.0,"key":"RECALL"},{"data":"theDuelist:MiraculousDescent","floor":32.0,"key":"SMITH"},{"data":"theDuelist:GreyGreedOni","floor":40.0,"key":"SMITH"},{"data":"hubris:Fate","floor":42.0,"key":"SMITH"},{"data":"theDuelist:CastleDragonSouls","floor":45.0,"key":"SMITH"},{"data":"theDuelist:GravityLash","floor":49,"key":"SMITH"},{"data":"theDuelist:DragonMastery","floor":60,"key":"SMITH"},{"data":"theDuelist:CastleDragonSouls","floor":67,"key":"SMITH"}],"circlet_count":0,"master_deck":["AscendersBane","theDuelist:BabyDragon+1","theDuelist:CaveDragon+1","theDuelist:CaveDragon+1","theDuelist:LesserDragon+1","theDuelist:YellowBelliedOni+1","theDuelist:CastleDragonSouls+1","theDuelist:TotemDragon+1","theDuelist:AncientDragon+1","theDuelist:AutorokketDragon+1","theDuelist:DarkFactory","theDuelist:Dracocension","theDuelist:BurstBreath","theDuelist:ClawHermos","theDuelist:BlueEyes+1","theDuelist:EyeTimaeus+1","theDuelist:BlueEyesUltimate+1","theDuelist:CyberDragonSieger+1","theDuelist:CyberEmergency+1","theDuelist:SilverDragon+1","theDuelist:FangCritias","theDuelist:BoosterDragon+1","theDuelist:BabyDragon+1","theDuelist:BoosterDragon+1","theDuelist:SliferSky+1","theDuelist:SliferSky+1","theDuelist:FiveHeaded+1","theDuelist:GravityLash+1","theDuelist:StardustDragon+1","theDuelist:SpiralSpearStrike+1","hubris:Fate+1","theDuelist:MirageDragon+1","theDuelist:CyberDragonSieger+1","theDuelist:CastleDragonSouls+1","ruina:HomingInstinct","theDuelist:FeatherPho+1","theDuelist:GaiaDragonChamp+1","theDuelist:BerserkScales","Finesse","Finesse+1","theDuelist:GreyGreedOni+1","theDuelist:AmuletDragon+1","theDuelist:CyberDragonCore+1","theDuelist:CyberneticRevolution","theDuelist:DragonRavine+1","theDuelist:DragonMastery+1","theDuelist:DragonMastery+1","theDuelist:TailSwipe+1","theDuelist:CyberDragonInfinity+1","theDuelist:BerserkScales+1","theDuelist:RainbowOverdragon+1","theDuelist:MirageDragon+1","theDuelist:MythicWaterDragon+1","theDuelist:DragonMastery+1","theDuelist:ArmageddonDragonEmp+1","infinitespire:Execution","theDuelist:TailSwipe+1","theDuelist:RedHeadedOni","ruina:Nihil","theDuelist:ShardGreed+1"],"relics":["theDuelist:MillenniumPuzzle","theDuelist:CardPoolRelic","theDuelist:CardPoolBasicRelic","theDuelist:BoosterPackPoolRelic","EVO:Axolotl","theDuelist:CardRewardRelicG","War Paint","Strange Spoon","Dota2Spire:PhaseBoots","qcfpunch:Not_Strongest_Fighting_Style_Guidebook","Dota2Spire:HandOfMidas","Membership Card","strawberrySpire:CharschorBlot","Happy Flower","halation:PinkSoulGem","theDuelist:MetronomeRelicB","Orichalcum","halation:PromiseList","theDuelist:DuelistTeaSet","theDuelist:MillenniumRod","Dota2Spire:MantaStyle","Dream Catcher","ShockBauble","Dota2Spire:RefresherOrb","wanderingMiniBosses:Blackblade","Guide Book","infinitespire:Lychee Nut","Vampiric Spirits","Dota2Spire:AssaultCuirass","Ginger","hubris:Towel","Dota2Spire:LinkenSphere","ReplayTheSpireMod:Lightbulb","qcfpunch:Wild_Herbs_Ointment","StuffTheSpire:ForceGauntlet","conspire:DeflatedDodgeball","Mirror","Dota2Spire:AghanimScepter","theDuelist:MerchantNecklace","halation:Prosthetics","strawberrySpire:MawJerky","aspiration:Nostalgia","theDuelist:CardPoolSaveRelic","Dota2Spire:ArcaneBoots","aspiration:FrozenJewel","StuffTheSpire:Experiment12","Bird Faced Urn","Philosopher\u0027s Stone","Replay:PocketPolymizer","infinitespire:Satchel"],"acts_visited":["Exordium","ruina:Briah","TheBeyond","Exordium","ruina:Briah"],"potions_floor_usage":[51],"damage_taken":[{"damage":7.0,"enemies":"2 Louse","floor":1.0,"turns":3.0},{"damage":10.0,"enemies":"conspire:RoseBush","floor":2.0,"turns":2.0},{"damage":19.0,"enemies":"strawberrySpire:EnergyPylons","floor":6.0,"turns":5.0},{"damage":3.0,"enemies":"Small Slimes","floor":10.0,"turns":3.0},{"damage":128.0,"enemies":"Gremlin Nob","floor":12.0,"turns":6.0},{"damage":12.0,"enemies":"Replay:BlueRogue","floor":14.0,"turns":5.0},{"damage":25.0,"enemies":"Slime Boss","floor":16.0,"turns":6.0},{"damage":6.0,"enemies":"ruina:2_Scarecrows","floor":18.0,"turns":6.0},{"damage":108.0,"enemies":"ruina:3_Bats","floor":19.0,"turns":8.0},{"damage":32.0,"enemies":"ruina:KingOfGreed","floor":20.0,"turns":7.0},{"damage":94.0,"enemies":"ruina:KingOfGreed","floor":22.0,"turns":8.0},{"damage":0.0,"enemies":"ruina:ServantOfWrath","floor":23.0,"turns":4.0},{"damage":0.0,"enemies":"ruina:Mountain","floor":25.0,"turns":3.0},{"damage":17.0,"enemies":"ruina:QueenOfHate","floor":28.0,"turns":3.0},{"damage":9.0,"enemies":"Nightmare","floor":29.0,"turns":4.0},{"damage":5.0,"enemies":"ruina:Nos_and_Bat","floor":30.0,"turns":5.0},{"damage":31.0,"enemies":"ruina:Red_and_Wolf","floor":33.0,"turns":7.0},{"damage":29.0,"enemies":"Orb Walker","floor":35.0,"turns":4.0},{"damage":9.0,"enemies":"3 Shapes","floor":38.0,"turns":9.0},{"damage":20.0,"enemies":"Spire Growth","floor":41.0,"turns":5.0},{"damage":6.0,"enemies":"R_Hoarder","floor":44.0,"turns":8.0},{"damage":0,"enemies":"3 Darklings","floor":46,"turns":1},{"damage":27,"enemies":"Sphere and 2 Shapes","floor":47,"turns":3},{"damage":0,"enemies":"Maw","floor":48,"turns":1},{"damage":18,"enemies":"Time Eater","floor":50,"turns":8},{"damage":137,"enemies":"Awakened One","floor":51,"turns":8},{"damage":0,"enemies":"Cultist","floor":53,"turns":2},{"damage":0,"enemies":"Jaw Worm","floor":54,"turns":1},{"damage":0,"enemies":"2 Louse","floor":56,"turns":1},{"damage":0,"enemies":"Nightmare","floor":58,"turns":4},{"damage":0,"enemies":"Blue Slaver","floor":62,"turns":2},{"damage":0,"enemies":"2 Fungi Beasts","floor":63,"turns":2},{"damage":0,"enemies":"3 Sentries","floor":65,"turns":3},{"damage":0,"enemies":"Red Slaver","floor":66,"turns":2},{"damage":0,"enemies":"Fading Forest","floor":68,"turns":7},{"damage":30,"enemies":"ruina:BadWolf","floor":70,"turns":4},{"damage":0,"enemies":"ruina:Nosferatu","floor":72,"turns":3}],"seed_played":"-3625095150465717029","potions_obtained":[{"floor":2.0,"key":"theDuelist:FreezingPotion"},{"floor":10.0,"key":"theDuelist:BabyPotion"},{"floor":20.0,"key":"theDuelist:TokenPotionB"},{"floor":29.0,"key":"theDuelist:MillenniumElixir"},{"floor":35.0,"key":"theDuelist:MillenniumElixir"},{"floor":44.0,"key":"theDuelist:DragonfirePotion"},{"floor":47,"key":"theDuelist:WhiteBottle"},{"floor":58,"key":"Death Potion"},{"floor":70,"key":"CultistPotion"}],"is_trial":false,"path_per_floor":["M","M","?","?","?","E","R","T","T","M","R","E","$","E","R","B",null,"M","M","M","AVR","?","E","?","E","T","?","M","NM","M","?","R","B",null,"M","?","$","M","?","R","M","R","T","E","R","M","M","MIM","R","B","B",null,"M","M","?","M","?","NM","$","R","T","M","M","?","E","M","R","B",null,"M","$","M"],"character_chosen":"THE_DUELIST","items_purchased":["theDuelist:YellowBelliedOni","theDuelist:CardRewardRelicG","theDuelist:TotemDragon","War Paint","theDuelist:AncientDragon","theDuelist:AutorokketDragon","Strange Spoon","Dota2Spire:PhaseBoots","theDuelist:DarkFactory","qcfpunch:Not_Strongest_Fighting_Style_Guidebook","Dota2Spire:HandOfMidas","theDuelist:Dracocension","theDuelist:BurstBreath","theDuelist:ClawHermos","Membership Card","strawberrySpire:CharschorBlot","theDuelist:EyeTimaeus","theDuelist:BlueEyesUltimate","Happy Flower","theDuelist:CyberDragonSieger","theDuelist:BoosterDragon","theDuelist:MillenniumRod","Dota2Spire:MantaStyle","Dream Catcher","StuffTheSpire:ForceGauntlet","Finesse","Dota2Spire:ArcaneBoots","aspiration:FrozenJewel","Replay:PocketPolymizer","infinitespire:Satchel","theDuelist:RedHeadedOni","ruina:Nihil"],"campfire_rested":0,"item_purchase_floors":[0,0,0,0,0,0,0,0,0,0,0,0,0,0,0,0,0,0,0,0,13,13,13,13,37,37,59,59,71,71,71,71],"current_hp_per_floor":[77,77,87,89,99,90,100,110,120,127,137,69,79,77,87,72,209,213,165,143,153,119,142,152,167,177,187,189,197,212,206,216,203,314,306,316,326,340,398,408,399,409,419,432,442,452,452,462,472,483,364,463,476,502,494,518,368,427,437,447,457,474,503,513,558,582,592,648,668,662,672,691,691],"gold":606,"neow_bonus":"","is_daily":false,"chose_seed":false,"campfire_upgraded":9,"win_rate":0.0,"timestamp":1613474664,"path_taken":["M","M","?","?","?","E","R","?","T","?","R","E","?","E","R","BOSS","M","M","M","AVR","?","E","?","E","T","?","?","NM","M","?","R","BOSS","M","?","$","M","?","R","?","R","T","E","R","M","?","?","R","BOSS","BOSS","M","?","?","M","?","NM","$","R","T","?","?","?","E","M","R","BOSS","M","$","M"],"items_purchased_type":["Card","Relic","Card","Relic","Card","Card","Relic","Relic","Card","Relic","Relic","Card","Card","Card","Relic","Relic","Card","Card","Relic","Card","Card","Relic","Relic","Relic","Relic","Card","Relic","Relic","Relic","Relic","Card","Card"],"build_version":"2020-12-22","purchased_purges":6,"victory":false,"max_hp_per_floor":[91,101,111,121,131,141,151,161,171,181,191,201,211,221,231,241,251,261,271,281,291,228,238,248,258,268,278,288,298,308,318,328,338,348,358,368,378,388,398,408,418,428,438,448,458,468,478,488,498,508,518,493,503,513,523,533,543,557,567,577,587,597,607,617,631,641,651,661,671,681,691,691,691],"card_choices":[{"not_picked":["theDuelist:SpiralSpearStrike","theDuelist:Earthquake","theDuelist:SuperStridentBlaze","theDuelist:CyberRevsystem"],"picked":"theDuelist:CyberEmergency","floor":1.0},{"not_picked":["theDuelist:CurseDragon","theDuelist:CyberDragonVier","theDuelist:DefenseDraw","theDuelist:BlackVeloci"],"picked":"theDuelist:SilverDragon","floor":2.0},{"not_picked":["theDuelist:VolcanicEruption","theDuelist:SnowDragon","theDuelist:MegafleetDragon","theDuelist:DragonShield"],"picked":"theDuelist:FangCritias","floor":6.0},{"not_picked":["theDuelist:YamataDragon","theDuelist:CaveDragon+1","theDuelist:BeserkDragon+1","theDuelist:AncientDragon"],"picked":"theDuelist:BoosterDragon","floor":10.0},{"not_picked":["theDuelist:TwinBarrelDragon","theDuelist:CyberDragonDrei","theDuelist:DefenseZone+1","theDuelist:MadSwordBeast+1"],"picked":"theDuelist:BabyDragon","floor":12.0},{"not_picked":["theDuelist:SurvivalFittest","theDuelist:DefensiveTactics","theDuelist:BerserkScales","theDuelist:GravityLash"],"picked":"theDuelist:SliferSky","floor":14.0},{"not_picked":["theDuelist:VoidOgreDragon","theDuelist:SurvivalFittest","theDuelist:OceanDragonLord","theDuelist:BlueDuston"],"picked":"theDuelist:SliferSky","floor":16.0},{"not_picked":["theDuelist:WingedDragonRa","theDuelist:Lancephorhynchus","theDuelist:DoomkaiserDragon+1","theDuelist:BerserkScales"],"picked":"theDuelist:FiveHeaded","floor":18.0},{"not_picked":["theDuelist:WaterDragon","theDuelist:Scapegoat","theDuelist:OceanDragonLord","theDuelist:ChimeratechOverdragon"],"picked":"theDuelist:GravityLash","floor":19.0},{"not_picked":["theDuelist:WaterDragon","theDuelist:BlasterDragonInfernos","theDuelist:BerserkScales","theDuelist:BSkullDragon"],"picked":"theDuelist:StardustDragon","floor":20.0},{"not_picked":["theDuelist:Pyrorex","theDuelist:Earthquake","theDuelist:BlackStego","theDuelist:BlackPtera"],"picked":"theDuelist:SpiralSpearStrike+1","floor":20.0},{"not_picked":["theDuelist:DarkHorus","theDuelist:HazyFlameHydra+1","theDuelist:DefenseZone","theDuelist:ScrapIronScarecrow"],"picked":"theDuelist:MirageDragon","floor":22.0},{"not_picked":["theDuelist:YellowBelliedOni","theDuelist:SliferSky","theDuelist:BlueEyesUltimate","theDuelist:CyberDragon"],"picked":"theDuelist:CyberDragonSieger","floor":23.0},{"not_picked":["theDuelist:VolcanicEruption","theDuelist:ScrapIronScarecrow","theDuelist:Berserking","theDuelist:ArtifactSanctum"],"picked":"theDuelist:CastleDragonSouls","floor":25.0},{"not_picked":["theDuelist:LightningDarts","theDuelist:PotGenerosity","theDuelist:SlotMachine","theDuelist:YellowBelliedOni+1"],"picked":"theDuelist:FeatherPho+1","floor":28.0},{"not_picked":["theDuelist:BlueDuston","theDuelist:QueenDragunDjinn","theDuelist:JurassicImpact","theDuelist:BlasterDragonInfernos"],"picked":"theDuelist:GaiaDragonChamp","floor":29.0},{"not_picked":["theDuelist:VolcanicEruption","theDuelist:ThreateningRoar","theDuelist:DragonCaptureJar","theDuelist:ArtifactSanctum+1"],"picked":"theDuelist:MiraculousDescent","floor":30.0},{"not_picked":["theDuelist:TailSwipe","theDuelist:ChimeratechOverdragon","theDuelist:ArmageddonDragonEmp","theDuelist:GravityLash"],"picked":"theDuelist:BerserkScales","floor":33.0},{"not_picked":["theDuelist:TwinHeadedFire","theDuelist:TwinHeadedBehemoth+1","theDuelist:SnowdustDragon+1","theDuelist:CaveDragon","theDuelist:BeserkDragon"],"picked":"SKIP","floor":35.0},{"not_picked":["Secret Technique","Secret Weapon","Transmutation+1"],"picked":"Finesse","floor":36.0},{"not_picked":["theDuelist:LightningDarts+1","theDuelist:RainbowOverdragon+1","theDuelist:BigKoala+1","theDuelist:DarkFactory+1"],"picked":"theDuelist:GreyGreedOni","floor":38.0},{"not_picked":["theDuelist:BlackPtera","theDuelist:Duoterion","theDuelist:BlackBrutdrago+1","theDuelist:CyberValley"],"picked":"theDuelist:AmuletDragon","floor":41.0},{"not_picked":["theDuelist:DarkHorus+1","theDuelist:Anthrosaurus+1","theDuelist:MoltenDestruction","theDuelist:Duoterion"],"picked":"theDuelist:CyberDragonCore+1","floor":44.0},{"not_picked":["theDuelist:StarlightRoad","theDuelist:MiraculousDescent","theDuelist:DefenseDraw","theDuelist:CyberneticOverflow+1"],"picked":"theDuelist:CyberneticRevolution","floor":46},{"not_picked":["theDuelist:Kabazauls+1","theDuelist:SafeZone","theDuelist:Hydrogeddon","theDuelist:MoltenDestruction+1","theDuelist:YamataDragon"],"picked":"SKIP","floor":47},{"not_picked":["theDuelist:WhiteHowling+1","theDuelist:Berserking+1","theDuelist:SystemDown+1","theDuelist:GalaxySoldier+1"],"picked":"theDuelist:DragonRavine+1","floor":48},{"not_picked":["theDuelist:WingedDragonRa+1","theDuelist:LostWorld","theDuelist:Lancephorhynchus","theDuelist:CyberDragonInfinity+1"],"picked":"theDuelist:DragonMastery","floor":50},{"not_picked":["theDuelist:QueenDragunDjinn","theDuelist:CyberDragonInfinity+1","theDuelist:ArmedProtectorDragon","theDuelist:GravityLash"],"picked":"theDuelist:DragonMastery+1","floor":51},{"not_picked":["theDuelist:BlackStego+1","theDuelist:Anthrosaurus+1","theDuelist:Freezadon+1","theDuelist:Pyrorex+1","theDuelist:Carboneddon+1"],"picked":"SKIP","floor":53},{"not_picked":["theDuelist:SurvivalFittest+1","theDuelist:QueenDragunDjinn+1","theDuelist:BlueDuston+1","theDuelist:BlasterDragonInfernos+1"],"picked":"theDuelist:TailSwipe+1","floor":54},{"not_picked":["theDuelist:StardustDragon+1","theDuelist:OceanDragonLord+1","theDuelist:LostWorld+1","theDuelist:DefensiveTactics+1"],"picked":"theDuelist:CyberDragonInfinity+1","floor":56},{"not_picked":["theDuelist:TwinHeadedBehemoth+1","theDuelist:EvolutionBurst+1","theDuelist:BlueEyes+1","theDuelist:CyberEmergency+1"],"picked":"theDuelist:BerserkScales+1","floor":58},{"not_picked":["theDuelist:LightningDarts+11","theDuelist:FeatherPho+1","theDuelist:GoldenApples+1","theDuelist:DarkFactory+1"],"picked":"theDuelist:RainbowOverdragon+1","floor":62},{"not_picked":["theDuelist:CaveDragon+1","theDuelist:CyberDragon+1","theDuelist:GaiaDragonChamp+1","theDuelist:CyberDragonCore+1"],"picked":"theDuelist:MirageDragon+1","floor":63},{"not_picked":["theDuelist:WaterDragonCluster+1","theDuelist:Vandalgyon+1","theDuelist:DarkHorus+1","theDuelist:BusterDrake+1"],"picked":"theDuelist:MythicWaterDragon+1","floor":64},{"not_picked":["theDuelist:BlasterDragonInfernos+1","theDuelist:ArmedProtectorDragon+1"],"picked":"theDuelist:DragonMastery+1","floor":65},{"not_picked":["theDuelist:CyberDinosaur+1","theDuelist:SnowDragon+1","theDuelist:Hydrogeddon+1","theDuelist:Earthquake+1","theDuelist:MegafleetDragon+1"],"picked":"SKIP","floor":66},{"not_picked":["theDuelist:Scapegoat+1","theDuelist:OceanDragonLord+1","theDuelist:DoomkaiserDragon+1","theDuelist:ArmedProtectorDragon+1"],"picked":"theDuelist:ArmageddonDragonEmp+1","floor":68},{"not_picked":["infinitespire:TheBestDefense","infinitespire:Oblivion"],"picked":"infinitespire:Execution","floor":69},{"not_picked":["theDuelist:BlackStego+1","theDuelist:StampingDestruction+9","theDuelist:RedEyes+1","theDuelist:BlacklandFireDragon+1"],"picked":"theDuelist:TailSwipe+1","floor":70},{"not_picked":["theDuelist:RainbowOverdragon+1","theDuelist:GoldenApples+1","theDuelist:LabyrinthWall+1","theDuelist:BigEye+1"],"picked":"theDuelist:ShardGreed+1","floor":72}],"player_experience":241257,"relics_obtained":[{"floor":6.0,"key":"Orichalcum"},{"floor":9.0,"key":"halation:PromiseList"},{"floor":12.0,"key":"theDuelist:DuelistTeaSet"},{"floor":14.0,"key":"ShockBauble"},{"floor":20.0,"key":"wanderingMiniBosses:Blackblade"},{"floor":22.0,"key":"infinitespire:Lychee Nut"},{"floor":22.0,"key":"Vampiric Spirits"},{"floor":22.0,"key":"Dota2Spire:AssaultCuirass"},{"floor":23.0,"key":"Ginger"},{"floor":25.0,"key":"Dota2Spire:LinkenSphere"},{"floor":26.0,"key":"ReplayTheSpireMod:Lightbulb"},{"floor":29.0,"key":"qcfpunch:Wild_Herbs_Ointment"},{"floor":43.0,"key":"conspire:DeflatedDodgeball"},{"floor":44.0,"key":"Mirror"},{"floor":48,"key":"Dota2Spire:AghanimScepter"},{"floor":48,"key":"theDuelist:MerchantNecklace"},{"floor":58,"key":"aspiration:Nostalgia"},{"floor":61,"key":"StuffTheSpire:Experiment12"},{"floor":65,"key":"Bird Faced Urn"}],"event_choices":[{"damage_healed":0.0,"max_hp_gain":0.0,"max_hp_loss":0.0,"gold_gain":0.0,"event_name":"Aknamkanon\u0027s Tomb","player_choice":"Dig - random Duelist relic","duelist":true,"floor":4.0,"gold_loss":0.0,"damage_taken":0.0},{"damage_healed":0.0,"max_hp_gain":0.0,"max_hp_loss":0.0,"gold_gain":0.0,"event_name":"conspire:LoneGhost","player_choice":"Disagree","floor":5.0,"gold_loss":0.0,"damage_taken":0.0},{"damage_healed":0.0,"max_hp_gain":0.0,"max_hp_loss":0.0,"gold_gain":0.0,"event_name":"Battle City","player_choice":"Fight","duelist":true,"floor":22.0,"gold_loss":0.0,"damage_taken":0.0},{"damage_healed":0.0,"max_hp_gain":0.0,"max_hp_loss":0.0,"gold_gain":0.0,"event_name":"conspire:Investor","player_choice":"Leave","floor":31.0,"gold_loss":0.0,"damage_taken":0.0},{"damage_healed":0.0,"max_hp_gain":0.0,"max_hp_loss":0.0,"gold_gain":0.0,"event_name":"SensoryStone","player_choice":"Memory 1","floor":36.0,"gold_loss":0.0,"damage_taken":0.0},{"damage_healed":48.0,"max_hp_gain":0.0,"max_hp_loss":0.0,"gold_gain":0.0,"event_name":"Wheel of Change","player_choice":"Full Heal","floor":39.0,"gold_loss":0.0,"damage_taken":0.0},{"damage_healed":0,"gold_gain":0,"player_choice":"Success","damage_taken":18,"relics_obtained":["strawberrySpire:MawJerky"],"max_hp_gain":0,"max_hp_loss":0,"event_name":"Scrap Ooze","floor":55,"gold_loss":0},{"damage_healed":0,"gold_gain":0,"player_choice":"Entered Light","damage_taken":160,"max_hp_gain":0,"max_hp_loss":0,"event_name":"Shining Light","floor":57,"gold_loss":0,"cards_upgraded":["Finesse","theDuelist:EyeTimaeus"]}],"is_beta":false,"boss_relics":[{"not_picked":["hubris:VirtuousBlindfold","aspiration:FutureDiary"],"picked":"Dota2Spire:RefresherOrb"},{"not_picked":["Electric Blood","StuffTheSpire:ModemDavis","halation:ForbiddenBikini"]},{"not_picked":["StuffTheSpire:Kangaroo","theDuelist:MillenniumKey"],"picked":"halation:Prosthetics"},{"not_picked":["conspire:SeveredTorchhead","theDuelist:HauntedRelic"],"picked":"Philosopher\u0027s Stone"}],"items_purged_floors":[0,0,0,37,37,71],"is_endless":true,"potions_floor_spawned":[2,10,20,28,29,30,35,44,47,54,58,62,63,70,72],"killed_by":"ruina:Nosferatu","ascension_level":20}}