{"host":"at5b10nm0iti0w4x","time":1613513966,"event":{"mods":["2.2 Compatiblity","AchievementEnabler","BaseMod","Bestiary","Block Reminder","Colored Map","Colored Powertips","Highlight Path","Keyboard Shortcuts","Minty Spire (QoL Compilation)","Quick Restart","Relic Stats","Slay the Relics Exporter","StSLib","SuperFastMode","Unknown Chances"],"gold_per_floor":[118,133,144,158,158,190,190,17,63,63,63,63,82,93,93,189,189,208,208,174,204,216,245,245,258,258,276,32,48,68,86,86,185,185,185],"floor_reached":34,"language":"ENG","playtime":1238,"items_purged":["Regret","Strike_R"],"score":378,"play_id":"549f0409-86d7-4d90-923d-5ff8e5c09966","local_time":"20210216171926","is_ascension_mode":false,"campfire_choices":[{"data":"Armaments","floor":7,"key":"SMITH"},{"data":"Inflame","floor":10,"key":"SMITH"},{"data":"Bash","floor":12,"key":"SMITH"},{"data":"Battle Trance","floor":15,"key":"SMITH"},{"data":"Disarm","floor":24,"key":"SMITH"},{"data":"Pummel","floor":32,"key":"SMITH"}],"circlet_count":0,"master_deck":["Strike_R","Defend_R","Defend_R","Defend_R","Defend_R","Bash+1","Twin Strike","Armaments+1","Demon Form+1","Riddle With Holes","Battle Trance+1","Rage+1","Disarm+1","Dual Wield+1","Metallicize+1","Pummel+1","Bloodletting+1","Shrug It Off+1","Shrug It Off","Clothesline+1","Feed","Intimidate+1","Berserk+1","Power Through+1"],"relics":["Burning Blood","Orichalcum","Frozen Egg 2","Pen Nib","Ancient Tea Set","Coffee Dripper","Red Mask","Calipers","InkBottle","Orrery","Astrolabe"],"acts_visited":["Exordium","TheCity","TheBeyond"],"potions_floor_usage":[14,23,33],"damage_taken":[{"damage":7,"enemies":"Jaw Worm","floor":1,"turns":3},{"damage":0,"enemies":"2 Louse","floor":2,"turns":2},{"damage":0,"enemies":"Cultist","floor":3,"turns":3},{"damage":7,"enemies":"Exordium Wildlife","floor":4,"turns":6},{"damage":23,"enemies":"Gremlin Nob","floor":6,"turns":5},{"damage":6,"enemies":"Large Slime","floor":13,"turns":4},{"damage":2,"enemies":"Exordium Thugs","floor":14,"turns":4},{"damage":39,"enemies":"Hexaghost","floor":16,"turns":7},{"damage":4,"enemies":"Chosen","floor":18,"turns":4},{"damage":21,"enemies":"2 Thieves","floor":20,"turns":5},{"damage":33,"enemies":"Masked Bandits","floor":21,"turns":6},{"damage":4,"enemies":"Snecko","floor":22,"turns":4},{"damage":22,"enemies":"Slavers","floor":23,"turns":5},{"damage":0,"enemies":"Centurion and Healer","floor":25,"turns":4},{"damage":27,"enemies":"3 Cultists","floor":27,"turns":7},{"damage":0,"enemies":"Chosen and Byrds","floor":29,"turns":8},{"damage":5,"enemies":"Centurion and Healer","floor":30,"turns":9},{"damage":8,"enemies":"Snake Plant","floor":31,"turns":3},{"damage":55,"enemies":"Automaton","floor":33,"turns":12}],"seed_played":"9041369423414483146","potions_obtained":[{"floor":4,"key":"BlessingOfTheForge"},{"floor":6,"key":"Ancient Potion"},{"floor":13,"key":"Fruit Juice"},{"floor":14,"key":"DistilledChaos"},{"floor":23,"key":"SteroidPotion"}],"is_trial":false,"path_per_floor":["M","M","M","M","?","E","R","$","T","R","?","R","M","M","R","B",null,"M","?","M","?","M","E","R","M","T","M","$","M","M","M","R","B",null],"character_chosen":"IRONCLAD","items_purchased":["FairyPotion","Orrery"],"campfire_rested":0,"item_purchase_floors":[8,28],"current_hp_per_floor":[79,80,80,79,79,62,62,62,62,62,62,62,62,71,71,38,85,85,85,70,43,45,29,29,35,35,14,14,20,21,19,19,15,85,85],"gold":185,"neow_bonus":"RANDOM_COMMON_RELIC","is_daily":false,"chose_seed":false,"campfire_upgraded":6,"win_rate":0.0,"timestamp":1613513966,"path_taken":["M","M","M","M","?","E","R","$","T","R","?","R","?","M","R","BOSS","M","?","M","?","?","E","R","?","T","M","?","?","M","?","R","BOSS"],"items_purchased_type":["Potion","Relic"],"build_version":"2020-12-22","purchased_purges":2,"victory":false,"max_hp_per_floor":[80,80,80,80,80,80,80,80,80,80,80,80,80,85,85,85,85,85,85,85,85,85,85,85,85,85,85,85,85,85,85,85,85,85,85],"relic_stats":{"counters":[19,101],"Astrolabe":["Intimidate","Berserk","Power Through"],"Pen Nib":[14],"Orichalcum":[210],"obtain_stats":[{"Calipers":23,"Astrolabe":34,"Orrery":28,"Pen Nib":6,"Coffee Dripper":17,"Red Mask":21,"Orichalcum":0,"Frozen Egg 2":5,"Ancient Tea Set":9,"Burning Blood":0,"InkBottle":26},{"Calipers":13,"Astrolabe":19,"Orrery":15,"Pen Nib":5,"Coffee Dripper":8,"Red Mask":11,"Orichalcum":0,"Frozen Egg 2":4,"Ancient Tea Set":5,"Burning Blood":0,"InkBottle":14},{"Calipers":58,"Astrolabe":101,"Orrery":69,"Pen Nib":19,"Coffee Dripper":34,"Red Mask":49,"Orichalcum":0,"Frozen Egg 2":14,"Ancient Tea Set":19,"Burning Blood":0,"InkBottle":62}],"Burning Blood":101,"InkBottle":[9]},"card_choices":[{"not_picked":["Warcry","Ghostly Armor"],"picked":"Twin Strike","floor":1},{"not_picked":["Whirlwind","Wild Strike"],"picked":"Armaments","floor":2},{"not_picked":["Sentinel","Body Slam","Wild Strike"],"picked":"SKIP","floor":3},{"not_picked":["Shrug It Off","Shockwave"],"picked":"Inflame","floor":4},{"not_picked":["Reckless Charge","Pommel Strike"],"picked":"Demon Form+1","floor":6},{"not_picked":["Feel No Pain+1","Twin Strike"],"picked":"Battle Trance","floor":13},{"not_picked":["Headbutt","Warcry","Intimidate"],"picked":"SKIP","floor":14},{"not_picked":["Perfected Strike","Dropkick"],"picked":"Rage+1","floor":18},{"not_picked":["Sword Boomerang","Cleave","Warcry"],"picked":"SKIP","floor":20},{"not_picked":["Second Wind","Headbutt+1"],"picked":"Dual Wield+1","floor":22},{"not_picked":["Anger","Exhume"],"picked":"Metallicize+1","floor":23},{"not_picked":["Rupture+1","Dropkick","Pommel Strike"],"picked":"SKIP","floor":25},{"not_picked":["Anger","Iron Wave","Pommel Strike"],"picked":"SKIP","floor":27},{"not_picked":["Anger","Twin Strike"],"picked":"Pummel","floor":28},{"not_picked":["Intimidate","Pommel Strike+1"],"picked":"Bloodletting+1","floor":28},{"not_picked":["Cleave","Flame Barrier"],"picked":"Shrug It Off+1","floor":28},{"not_picked":["Sword Boomerang","Battle Trance"],"picked":"Shrug It Off","floor":29},{"not_picked":["Bloodletting","Cleave","Dark Embrace+1"],"picked":"SKIP","floor":30},{"not_picked":["Shrug It Off","Intimidate"],"picked":"Clothesline+1","floor":31},{"not_picked":["Impervious","Limit Break"],"picked":"Feed","floor":33}],"player_experience":102960,"relics_obtained":[{"floor":6,"key":"Pen Nib"},{"floor":9,"key":"Ancient Tea Set"},{"floor":21,"key":"Red Mask"},{"floor":23,"key":"Calipers"},{"floor":26,"key":"InkBottle"}],"event_choices":[{"damage_healed":0,"gold_gain":0,"player_choice":"Box","damage_taken":0,"relics_obtained":["Frozen Egg 2"],"max_hp_gain":0,"max_hp_loss":0,"event_name":"Big Fish","floor":5,"gold_loss":0,"cards_obtained":["Regret"]},{"cards_removed":["Inflame"],"damage_healed":0,"gold_gain":0,"player_choice":"Took Card","damage_taken":0,"max_hp_gain":0,"max_hp_loss":0,"event_name":"NoteForYourself","floor":11,"gold_loss":0,"cards_obtained":["Riddle With Holes"]},{"damage_healed":0,"gold_gain":0,"player_choice":"Read","damage_taken":0,"max_hp_gain":0,"max_hp_loss":0,"event_name":"The Library","floor":19,"gold_loss":0,"cards_obtained":["Disarm"]},{"damage_healed":0,"gold_gain":0,"player_choice":"Fought Bandits","damage_taken":0,"max_hp_gain":0,"max_hp_loss":0,"event_name":"Masked Bandits","floor":21,"gold_loss":0}],"is_beta":false,"boss_relics":[{"not_picked":["Runic Cube","Busted Crown"],"picked":"Coffee Dripper"},{"not_picked":["Runic Dome","SacredBark"],"picked":"Astrolabe"}],"items_purged_floors":[8,28],"is_endless":false,"potions_floor_spawned":[4,6,13,14,18,20,23,25,31],"ascension_level":0}}