{"host":"wiklm0ris9r5unvo","time":1613469446,"event":{"mods":["100% Spire Juice","Act Like it!","Alarm Clock","Arknights","BaseMod","Better Vampires","Dota2Spire","Gensokyo","KinomotoSakuraMod(Ä¾Ö®±¾Ó£)","Koishi","Luminous","Marisa£¨ìFÓê¡¡Ä§ÀíÉ³£©","Marked Mod","Minty Spire (QoL Compilation)","MostiFishMod","Prisma Mod","Railgun Mod","Reimu£¨²©ÀöÁéÃÎ£©","Remilia£¨ÀÙÃ×ÀòÑÇ£©","RumiaBox-Â¶Ã×æ«µÄÉñÃØºÐ×Ó","StSLib","Td1madao Mod","The Alterego","The Bug Knight","The Fake Hero","The Gatherer","The Servant 0.9.4","Waifu the Spire","WarShipGirlsR/Õ½½¢ÉÙÅ®R mod","Yakumo Yukari mod","Youmu£¨»êÆÇÑýÃÎ£©","Yuyuko","[IsaacMod]ÒÔÈö¼âËþ","noobMod","¡¾¹¦ÄÜMod¡¿»ìãçÖ®»·ÐÞ¸´²¹¶¡","¡¾ÒÅÎï¿¨ÅÆ¡¿REMEMod","óô»ðÖ¸ÄÏ"],"gold_per_floor":[110,160,160,170,170,204,225,225,225,242,272,272,52,99,99,290,290,311,311,340,406,423,490,490,490,568,568,612,626,633,633],"floor_reached":30,"language":"ZHS","playtime":1325,"items_purged":["alterego_mod:DiscoLights"],"score":312,"play_id":"74ba8174-f5ad-4174-b71e-0ec34c9e9c66","local_time":"20210216175726","is_ascension_mode":false,"campfire_choices":[{"data":"alterego_mod:Swimsuit","floor":8,"key":"SMITH"},{"data":"alterego_mod:Swimsuit","floor":15,"key":"SMITH"},{"floor":24,"key":"REST"},{"data":"alterego_mod:PainIsPleasure","floor":27,"key":"SMITH"}],"circlet_count":0,"master_deck":["alterego_mod:Strike","alterego_mod:Strike","alterego_mod:Strike","alterego_mod:Defend","alterego_mod:Defend","alterego_mod:Defend","alterego_mod:Impale","alterego_mod:BigMeatyClaws","alterego_mod:BrynhildrsRune+1","Caltrops+1","alterego_mod:Cooking","alterego_mod:Swimsuit+1","alterego_mod:Birthday","alterego_mod:Swimsuit+1","alterego_mod:Valentines+1","alterego_mod:BiFurious","alterego_mod:Mirror+1","alterego_mod:Clones+1","alterego_mod:Palingenesis","alterego_mod:PurpleHair+1","alterego_mod:Bounce","alterego_mod:Rip","alterego_mod:IndependentAction+1","alterego_mod:PainIsPleasure+1","alterego_mod:Birthday+1","alterego_mod:BusterCard+1"],"relics":["alterego_mod:MasochisticConstitution","HushsDoor","ice","DaveBox","REME_ComplimentaryCards","Technique","AnarchistCookbook","NeowsBlessing","SynthV:TestCard","Meat on the Bone","Blood Vial","Baka2","Toxic Egg 2","Dota2Spire:ShadowBlade","SalivaCoin","Anchor","RhineSuit","Damocles","MagicDraw4","Gensokyo:DayTheSeaSplit","Question Card","CombinedTypeHook","Lantern"],"acts_visited":["Exordium","Gensokyo:Gensokyo"],"potions_floor_usage":[16,16,22,22,23],"damage_taken":[{"damage":0,"enemies":"Gensokyo:Gryphon","floor":1,"turns":1},{"damage":0,"enemies":"Hiden Room Battle","floor":2,"turns":1},{"damage":0,"enemies":"Gensokyo:2_Kodama","floor":4,"turns":1},{"damage":28,"enemies":"Gensokyo:Mamizou","floor":6,"turns":7},{"damage":7,"enemies":"Gensokyo:3_Fairies","floor":7,"turns":5},{"damage":0,"enemies":"Gensokyo:VengefulSpirit","floor":10,"turns":2},{"damage":39,"enemies":"Gensokyo:Cirno","floor":11,"turns":4},{"damage":7,"enemies":"Gensokyo:Gryphon_and_Rabbit","floor":14,"turns":5},{"damage":70,"enemies":"Gensokyo:Yukari","floor":16,"turns":8},{"damage":4,"enemies":"Gensokyo:Chomper","floor":18,"turns":3},{"damage":20,"enemies":"Gensokyo:AngelMirror","floor":20,"turns":2},{"damage":82,"enemies":"Gensokyo:3_Gloops","floor":21,"turns":6},{"damage":0,"enemies":"Gensokyo:Slime_Group","floor":22,"turns":2},{"damage":97,"enemies":"Gensokyo:Tenshi","floor":23,"turns":7},{"damage":44,"enemies":"Gensokyo:Wraith","floor":28,"turns":5},{"damage":0,"enemies":"Gensokyo:Chomper_and_Gloop","floor":29,"turns":2},{"damage":10,"enemies":"Gensokyo:Swordslinger","floor":30,"turns":1}],"seed_played":"-180098937260444335","potions_obtained":[{"floor":1,"key":"Dota2Spire:Clarity"},{"floor":2,"key":"Ancient Potion"},{"floor":7,"key":"CultistPotion"},{"floor":16,"key":"Energy Potion"},{"floor":21,"key":"Dexterity Potion"},{"floor":23,"key":"Dexterity Potion"},{"floor":28,"key":"MagicPotion:ReiMu"},{"floor":29,"key":"BlessingOfTheForge"}],"is_trial":false,"path_per_floor":["M","?","?","M","?","E","M","R","T","M","E","T","R","M","R","B",null,"M","?","M","M","M","E","R","?","T","R","M","M","M"],"character_chosen":"The_Alterego","items_purchased":["Anchor"],"campfire_rested":1,"item_purchase_floors":[13],"current_hp_per_floor":[70,70,70,70,70,71,67,67,67,72,49,49,49,64,64,14,75,72,72,56,18,32,31,55,55,55,55,31,53,0,0],"gold":633,"neow_bonus":"THREE_ENEMY_KILL","is_daily":false,"chose_seed":false,"campfire_upgraded":3,"win_rate":0.0,"timestamp":1613469446,"path_taken":["M","?","?","M","?","E","M","R","T","M","E","?","R","?","R","BOSS","M","?","?","?","M","E","R","?","T","R","M","M","?"],"items_purchased_type":["Relic"],"build_version":"2020-12-22","purchased_purges":1,"victory":false,"max_hp_per_floor":[70,70,70,70,70,71,72,72,72,72,73,73,73,74,74,75,75,76,76,77,78,78,82,82,82,82,82,91,91,92,92],"card_choices":[{"not_picked":[],"picked":"Bomb","floor":0},{"not_picked":["alterego_mod:BeGentle","alterego_mod:Maid"],"picked":"alterego_mod:Cooking","floor":1},{"not_picked":["alterego_mod:Cycle","alterego_mod:BoobPocket","alterego_mod:Undulate","alterego_mod:HighServant"],"picked":"alterego_mod:Swimsuit","floor":2},{"not_picked":[],"picked":"alterego_mod:DiscoLights","floor":3},{"not_picked":["alterego_mod:HighServant","alterego_mod:Punishment","alterego_mod:SideboobHour","alterego_mod:Cycle"],"picked":"alterego_mod:Birthday","floor":4},{"not_picked":["alterego_mod:Birthday+1","alterego_mod:GoddessCore","alterego_mod:DiscoLights","alterego_mod:Jiggle+1"],"picked":"alterego_mod:Swimsuit","floor":6},{"not_picked":["alterego_mod:Rake","alterego_mod:DiscoLights","alterego_mod:DestructionOfProperty+1","alterego_mod:MagicResistance+1"],"picked":"alterego_mod:Valentines+1","floor":7},{"not_picked":["alterego_mod:HighServant+1","alterego_mod:DeftHands","alterego_mod:Birthday+1","alterego_mod:Maid"],"picked":"alterego_mod:BiFurious","floor":10},{"not_picked":["alterego_mod:TrickOrTreatment","alterego_mod:Punishment","alterego_mod:MagicResistance+1","alterego_mod:Support"],"picked":"alterego_mod:Mirror+1","floor":11},{"not_picked":["alterego_mod:GachaTicket","alterego_mod:1TonWallop","alterego_mod:Jiggle+1","alterego_mod:Pet+1"],"picked":"alterego_mod:Clones+1","floor":14},{"not_picked":["alterego_mod:RingBreak","alterego_mod:Antipathy+1","alterego_mod:Vow+1","alterego_mod:ClassAdvantage"],"picked":"alterego_mod:Palingenesis","floor":16},{"not_picked":["alterego_mod:Collar","alterego_mod:Undulate+1","alterego_mod:Cooking+1","alterego_mod:Skirt+1"],"picked":"alterego_mod:PurpleHair+1","floor":18},{"not_picked":["alterego_mod:Collar+1","alterego_mod:BiFurious","alterego_mod:Complex+1","alterego_mod:TrashNCrash+1"],"picked":"alterego_mod:Bounce","floor":20},{"not_picked":["alterego_mod:PresenceConcealment","alterego_mod:HighServant+1","alterego_mod:Jiggle+1","alterego_mod:Complex"],"picked":"alterego_mod:Rip","floor":21},{"not_picked":["alterego_mod:Birthday+1","alterego_mod:Skirt+1","alterego_mod:BiFurious","alterego_mod:PerceptionDisorder+1"],"picked":"alterego_mod:IndependentAction+1","floor":22},{"not_picked":["alterego_mod:PresenceConcealment+1","alterego_mod:1TonWallop","alterego_mod:Punishment","alterego_mod:Crossover+1"],"picked":"alterego_mod:PainIsPleasure","floor":23},{"not_picked":["alterego_mod:Support","alterego_mod:DiscoLights","alterego_mod:Exercise","alterego_mod:PerceptionDisorder+1","alterego_mod:Punishment"],"picked":"SKIP","floor":23},{"not_picked":["alterego_mod:SakuraPetals+1","alterego_mod:Jiggle+1","alterego_mod:TrashNCrash+1","alterego_mod:Pet+1","alterego_mod:PerceptionDisorder"],"picked":"SKIP","floor":23},{"not_picked":["alterego_mod:RocketPunch","alterego_mod:SakuraLabyrinth+1","alterego_mod:Cycle+1","alterego_mod:DiscoLights","alterego_mod:MagicResistance+1"],"picked":"SKIP","floor":23},{"not_picked":["alterego_mod:Mirror+1","alterego_mod:BiFurious","alterego_mod:Nekomimi","alterego_mod:Skirt","alterego_mod:HighServant+1"],"picked":"alterego_mod:Birthday+1","floor":28},{"not_picked":["alterego_mod:Valkyrie","alterego_mod:Smother","alterego_mod:MaintainEyeContact+1","alterego_mod:Bounce","alterego_mod:Lingerie"],"picked":"alterego_mod:BusterCard+1","floor":29}],"player_experience":115468,"relics_obtained":[{"floor":1,"key":"SynthV:TestCard"},{"floor":1,"key":"Baka"},{"floor":2,"key":"Meat on the Bone"},{"floor":2,"key":"Blood Vial"},{"floor":2,"key":"Baka2"},{"floor":6,"key":"Toxic Egg 2"},{"floor":11,"key":"Dota2Spire:ShadowBlade"},{"floor":12,"key":"SalivaCoin"},{"floor":18,"key":"Dota2Spire:ShadowBlade"},{"floor":23,"key":"Damocles"},{"floor":23,"key":"MagicDraw4"},{"floor":26,"key":"Question Card"},{"floor":28,"key":"CombinedTypeHook"},{"floor":29,"key":"Lantern"}],"event_choices":[{"damage_healed":0,"gold_gain":0,"player_choice":"Fight","damage_taken":0,"max_hp_gain":0,"max_hp_loss":0,"event_name":"HidenRoomEvent","floor":2,"gold_loss":0}],"is_beta":false,"boss_relics":[{"not_picked":["ChampionBelt","REME_LowDesire"],"picked":"RhineSuit"},{"not_picked":[]}],"items_purged_floors":[13],"is_endless":false,"potions_floor_spawned":[1,2,7,16,21,23,28,29],"killed_by":"Gensokyo:Swordslinger","ascension_level":0}}