{"host":"5jzx1090woovszu4","time":1613447234,"event":{"mods":["BaseMod","Beaked The Cultist","Gremlin Mod","Minty Spire (QoL Compilation)","Spicy Shops","StSLib","[GremlinLeader]The Maniac"],"gold_per_floor":[116,116,131,149,149,174,185,203,230,230,258,268,218,245,245,340,340,360,374,58,68,68,68,68,68,68,96,123,123,48,79,79,179,179,197,247,247,247,52,52,68,95,95,5,15,38,55,86,86,81],"floor_reached":51,"language":"ENG","playtime":3632,"items_purged":[],"score":1060,"play_id":"3c38d82a-8cfa-4e09-8da5-d0eb63ce13c3","local_time":"20210216044714","is_ascension_mode":true,"campfire_choices":[{"data":"maniac:HammerStrike","floor":10,"key":"SMITH"},{"data":"maniac:Reforge","floor":15,"key":"SMITH"},{"data":"maniac:FoilArmor","floor":23,"key":"SMITH"},{"data":"maniac:AbyssShackle","floor":25,"key":"SMITH"},{"data":"maniac:PanickyParry","floor":29,"key":"SMITH"},{"data":"maniac:BladeEnd","floor":32,"key":"SMITH"},{"data":"Apotheosis","floor":40,"key":"SMITH"},{"floor":49,"key":"REST"}],"circlet_count":0,"master_deck":["maniac:Strike","maniac:Defend+1","maniac:BurnBlood","maniac:AbyssShackle+1","maniac:PanickyParry+1","maniac:HammerStrike+1","maniac:Quickdraw+1","maniac:Intimidate+1","maniac:SpectralKnives","maniac:FoilArmor+1","maniac:Reforge+1","maniac:UnseenTerror","maniac:BladeEnd+1","maniac:ShelteringEdge","maniac:HammerStrike+1","maniac:Trap","maniac:GlassScratch+1","maniac:Collecting","maniac:ExpectedMoves+1","maniac:Retrospect+1","Apotheosis+1","maniac:SecretBackups+1","maniac:HammerStrike"],"relics":["maniac:DamagedAnvil","maniac:BrokenHorn","FossilizedHelix","GremlinMask","maniac:MarkerPen","War Paint","Happy Flower","MealTicket","Philosopher\u0027s Stone","DollysMirror","Singing Bowl","White Beast Statue","Juzu Bracelet","Red Mask","Oddly Smooth Stone","Astrolabe","Prayer Wheel","Dead Branch","Mummified Hand","Toy Ornithopter","Frozen Egg 2","Bag of Preparation"],"acts_visited":["Exordium","TheCity","TheBeyond"],"potions_floor_usage":[16,27,41,42,46,47,50,50,50],"damage_taken":[{"damage":8,"enemies":"Jaw Worm","floor":1,"turns":3},{"damage":0,"enemies":"Cultist","floor":3,"turns":4},{"damage":0,"enemies":"2 Louse","floor":4,"turns":3},{"damage":10,"enemies":"3 Sentries","floor":6,"turns":8},{"damage":0,"enemies":"Large Slime","floor":7,"turns":3},{"damage":3,"enemies":"Exordium Thugs","floor":8,"turns":2},{"damage":0,"enemies":"Gremlin Nob","floor":11,"turns":2},{"damage":0,"enemies":"Exordium Wildlife","floor":12,"turns":3},{"damage":0,"enemies":"Lagavulin","floor":14,"turns":4},{"damage":0,"enemies":"The Guardian","floor":16,"turns":5},{"damage":0,"enemies":"Spheric Guardian","floor":18,"turns":3},{"damage":0,"enemies":"Chosen","floor":19,"turns":3},{"damage":0,"enemies":"Centurion and Healer","floor":21,"turns":3},{"damage":0,"enemies":"Book of Stabbing","floor":27,"turns":2},{"damage":0,"enemies":"Masked Bandits","floor":28,"turns":4},{"damage":0,"enemies":"Gremlin Leader","floor":31,"turns":3},{"damage":26,"enemies":"Automaton","floor":33,"turns":7},{"damage":0,"enemies":"Orb Walker","floor":35,"turns":3},{"damage":0,"enemies":"Mind Bloom Boss Battle","floor":36,"turns":3},{"damage":15,"enemies":"3 Shapes","floor":41,"turns":5},{"damage":45,"enemies":"Nemesis","floor":42,"turns":3},{"damage":0,"enemies":"3 Darklings","floor":45,"turns":3},{"damage":37,"enemies":"Reptomancer","floor":46,"turns":3},{"damage":26,"enemies":"Sphere and 2 Shapes","floor":47,"turns":3},{"damage":0,"enemies":"beaked:SuperParasite","floor":48,"turns":4},{"damage":21,"enemies":"Awakened One","floor":50,"turns":7}],"seed_played":"791224312613035275","potions_obtained":[{"floor":1,"key":"EssenceOfSteel"},{"floor":3,"key":"SmokeBomb"},{"floor":8,"key":"Ancient Potion"},{"floor":14,"key":"Block Potion"},{"floor":18,"key":"SkillPotion"},{"floor":27,"key":"SpeedPotion"},{"floor":33,"key":"AttackPotion"},{"floor":41,"key":"EssenceOfSteel"},{"floor":42,"key":"SkillPotion"},{"floor":45,"key":"FairyPotion"},{"floor":46,"key":"ColorlessPotion"},{"floor":47,"key":"Dexterity Potion"},{"floor":48,"key":"Explosive Potion"}],"is_trial":false,"path_per_floor":["M","?","M","M","$","E","M","M","T","R","E","M","?","E","R","B",null,"M","M","$","M","?","R","?","R","T","E","?","R","?","E","R","B",null,"M","?","?","?","$","R","M","E","T","?","M","E","M","E","R","B",null],"character_chosen":"THE_MANIAC","items_purchased":["maniac:ShelteringEdge","DollysMirror","Singing Bowl","Apotheosis"],"campfire_rested":1,"item_purchase_floors":[20,20,20,39],"current_hp_per_floor":[64,64,64,64,64,54,54,51,51,51,51,51,51,51,51,51,72,72,72,72,74,74,74,74,74,74,76,76,76,76,78,78,52,78,80,82,92,92,92,92,81,38,38,38,40,5,24,26,57,51],"gold":81,"neow_bonus":"ONE_RARE_RELIC","is_daily":false,"chose_seed":false,"campfire_upgraded":7,"win_rate":0.0,"timestamp":1613447234,"path_taken":["M","?","M","?","$","E","M","M","T","R","E","M","?","E","R","BOSS","M","M","$","M","?","R","?","R","T","E","?","R","?","E","R","BOSS","M","?","?","?","$","R","M","E","T","?","M","E","M","E","R","BOSS"],"items_purchased_type":["Card","Relic","Relic","Card"],"build_version":"2020-12-22","purchased_purges":0,"victory":true,"max_hp_per_floor":[72,72,72,72,72,72,72,72,72,72,72,72,72,72,72,72,72,72,72,72,74,74,74,74,74,74,76,76,76,76,78,78,78,78,80,82,92,92,92,92,96,98,98,98,100,102,104,106,106,106],"card_choices":[{"not_picked":["maniac:SeekerKnife","maniac:ReconstructWounds"],"picked":"maniac:PanickyParry","floor":1},{"not_picked":["maniac:ColdHeart","maniac:FoilArmor"],"picked":"maniac:HammerStrike","floor":3},{"not_picked":["maniac:PanickyParry","maniac:Confront","maniac:ListenToNone"],"picked":"SKIP","floor":4},{"not_picked":["maniac:SeekerKnife","maniac:BladesInCloak","maniac:Infuriate"],"picked":"SKIP","floor":6},{"not_picked":["maniac:WardAndDefend","maniac:UntravelledPath"],"picked":"maniac:Quickdraw","floor":7},{"not_picked":["maniac:ListenToNone","maniac:ShatteredShield"],"picked":"maniac:Intimidate","floor":8},{"not_picked":["maniac:AllOutAttack","maniac:ReachVictory"],"picked":"maniac:SpectralKnives","floor":11},{"not_picked":["maniac:DashForward","maniac:Assassinate"],"picked":"maniac:FoilArmor","floor":12},{"not_picked":["maniac:ObscuredAttack","maniac:Assassinate"],"picked":"maniac:Reforge","floor":14},{"not_picked":["maniac:Trap","maniac:ForsakenHand"],"picked":"maniac:UnseenTerror","floor":16},{"not_picked":["maniac:Hasten+1","maniac:UndyingDesire"],"picked":"maniac:BladeEnd","floor":18},{"not_picked":["maniac:Exterminator+1","maniac:FindAShortcut","maniac:SpectralKnives+1"],"picked":"SKIP","floor":19},{"not_picked":["maniac:ReconstructWounds","maniac:ShelteringEdge","maniac:DashForward"],"picked":"Singing Bowl","floor":21},{"not_picked":["maniac:GlassScratch","maniac:Intimidate","maniac:UndyingDesire"],"picked":"Singing Bowl","floor":27},{"not_picked":["maniac:Assassinate","maniac:UntravelledPath+1"],"picked":"maniac:GlassScratch+1","floor":28},{"not_picked":["maniac:ShiftingShadows+1","maniac:ListenToNone","maniac:Confront"],"picked":"Singing Bowl","floor":31},{"not_picked":["maniac:FanTheHammer","maniac:TimeForm"],"picked":"maniac:Collecting","floor":33},{"not_picked":["maniac:AlleviatingSorcery","maniac:Feint","maniac:Refine+1"],"picked":"Singing Bowl","floor":35},{"not_picked":["maniac:SecretBackups+1","maniac:DashForward","maniac:ListenToNone+1"],"picked":"Singing Bowl","floor":36},{"not_picked":["maniac:ListenToNone","maniac:Intimidate","maniac:SpectralKnives+1"],"picked":"Singing Bowl","floor":41},{"not_picked":["maniac:AllOutAttack","maniac:EndOfTheRoad+1","maniac:PanickyParry+1"],"picked":"Singing Bowl","floor":41},{"not_picked":["maniac:ReconstructWounds+1","maniac:Refine+1","maniac:ListenToNone"],"picked":"Singing Bowl","floor":42},{"not_picked":["maniac:SpectralKnives+1","maniac:ListenToNone+1"],"picked":"maniac:SecretBackups+1","floor":45},{"not_picked":["maniac:ShelteringEdge","maniac:SpectralFlash","maniac:TwistedEddies"],"picked":"Singing Bowl","floor":45},{"not_picked":["maniac:ObscuredAttack+1","maniac:BladeShoot","maniac:Assassinate+1"],"picked":"Singing Bowl","floor":46},{"not_picked":["maniac:SecretBackups+1","maniac:Intimidate","maniac:Infuriate+1"],"picked":"Singing Bowl","floor":47},{"not_picked":["maniac:Lacerate","maniac:Precision+1"],"picked":"maniac:HammerStrike","floor":47},{"not_picked":["maniac:Intimidate","maniac:UntravelledPath","maniac:ShiftingShadows+1"],"picked":"Singing Bowl","floor":48}],"player_experience":639026,"relics_obtained":[{"floor":6,"key":"maniac:MarkerPen"},{"floor":9,"key":"War Paint"},{"floor":11,"key":"Happy Flower"},{"floor":14,"key":"MealTicket"},{"floor":26,"key":"White Beast Statue"},{"floor":27,"key":"Juzu Bracelet"},{"floor":28,"key":"Red Mask"},{"floor":31,"key":"Oddly Smooth Stone"},{"floor":36,"key":"Prayer Wheel"},{"floor":42,"key":"Dead Branch"},{"floor":43,"key":"Mummified Hand"},{"floor":46,"key":"Toy Ornithopter"},{"floor":48,"key":"Bag of Preparation"}],"event_choices":[{"damage_healed":0,"gold_gain":0,"player_choice":"Trade","damage_taken":0,"relics_obtained":["GremlinMask"],"max_hp_gain":0,"max_hp_loss":0,"event_name":"FaceTrader","floor":2,"gold_loss":0},{"cards_removed":["maniac:Strike"],"damage_healed":0,"gold_gain":0,"player_choice":"Card Removal","damage_taken":0,"max_hp_gain":0,"max_hp_loss":0,"event_name":"The Cleric","floor":13,"gold_loss":50},{"damage_healed":0,"gold_gain":0,"player_choice":"Read","damage_taken":0,"max_hp_gain":0,"max_hp_loss":0,"event_name":"The Library","floor":22,"gold_loss":0,"cards_obtained":["maniac:Trap"]},{"damage_healed":0,"gold_gain":0,"player_choice":"Fought Bandits","damage_taken":0,"max_hp_gain":0,"max_hp_loss":0,"event_name":"Masked Bandits","floor":28,"gold_loss":0},{"cards_removed":["maniac:Strike"],"damage_healed":0,"gold_gain":0,"player_choice":"Gave Gold","damage_taken":0,"max_hp_gain":0,"max_hp_loss":0,"event_name":"Beggar","floor":30,"gold_loss":75},{"damage_healed":0,"gold_gain":0,"player_choice":"Fight","damage_taken":0,"max_hp_gain":0,"max_hp_loss":0,"event_name":"MindBloom","floor":36,"gold_loss":0},{"cards_removed":["maniac:StormOfTime"],"damage_healed":0,"gold_gain":0,"player_choice":"Offered Rare","damage_taken":0,"max_hp_gain":10,"max_hp_loss":0,"event_name":"Bonfire Elementals","floor":37,"gold_loss":0},{"cards_removed":["maniac:Defend"],"damage_healed":0,"gold_gain":0,"player_choice":"Removed Skill","damage_taken":0,"max_hp_gain":0,"max_hp_loss":0,"event_name":"Falling","floor":38,"gold_loss":0},{"cards_removed":["maniac:Defend"],"damage_healed":0,"gold_gain":0,"player_choice":"Upgrade and Remove","damage_taken":0,"max_hp_gain":0,"max_hp_loss":0,"event_name":"Designer","floor":44,"gold_loss":90,"cards_upgraded":["maniac:Quickdraw"]}],"is_beta":false,"boss_relics":[{"not_picked":["Busted Crown","Tiny House"],"picked":"Philosopher\u0027s Stone"},{"not_picked":["Empty Cage","Calling Bell"],"picked":"Astrolabe"}],"items_purged_floors":[],"is_endless":false,"potions_floor_spawned":[1,3,8,11,14,18,21,27,28,31,33,35,36,41,42,45,46,47,48],"ascension_level":2}}