{"host":"fh846irws14avpr7","time":1613486050,"event":{"mods":["AchievementEnabler","Aspiration","BaseMod","Better Match","Conspire","Curses Come First","Downfall","GifTheSpireLib","GungeonMod","Halation","Hubris","Infinite Spire","Kratos Character Expansion","Minty Spire (QoL Compilation)","Poor People Problems","Quick Restart","Reliquary","Shop Mod","Small Relic Pack","Spikes Relics","StSLib","Stuff the Spire","The Saiyan","??????REMEMod"],"gold_per_floor":[143,218,218,266,43,71,71,71,71],"floor_reached":8,"language":"ENG","playtime":241,"items_purged":[],"score":54,"play_id":"fe9963cd-b4ef-4da7-915d-9450c705198f","local_time":"20210216093410","daily_mods":["Heirloom","DeadlyEvents","Elite Swarm"],"is_ascension_mode":false,"campfire_choices":[{"floor":7,"key":"REST"}],"circlet_count":0,"master_deck":["KratosMod:Strike_K","KratosMod:Strike_K","KratosMod:Strike_K","KratosMod:Strike_K","KratosMod:Defend_K","KratosMod:Defend_K","KratosMod:Defend_K","KratosMod:Defend_K","KratosMod:cyclone","KratosMod:AthenaBane","Slimebound:DisruptingSlam","KratosMod:Endure","infinitespire:UltimateForm","KratosMod:Tempor","KratosMod:tartarusrage","KratosMod:kBerserk"],"relics":["KratosMod:eagle","REME_ComplimentaryCards","hubris:FunFungus","relicPack:SpireResearchBook","reliquary:SharkskinSheath"],"acts_visited":["Exordium"],"potions_floor_usage":[4,6],"damage_taken":[{"damage":6,"enemies":"Jaw Worm","floor":1,"turns":3},{"damage":0,"enemies":"Small Slimes","floor":4,"turns":3},{"damage":17,"enemies":"Lagavulin","floor":6,"turns":5},{"damage":31,"enemies":"3 Sentries","floor":8,"turns":5}],"seed_played":"-7079812347257070053","potions_obtained":[{"floor":1,"key":"REME_GoldPotion"},{"floor":4,"key":"Guardian:BlockOnCardUsePotion"}],"is_trial":true,"path_per_floor":["M","?","?","M","$","E","R","E"],"character_chosen":"KRATOS","items_purchased":["relicPack:SpireResearchBook","KratosMod:tartarusrage"],"campfire_rested":1,"item_purchase_floors":[5,5],"current_hp_per_floor":[54,43,28,28,28,11,29,0,0],"gold":71,"neow_bonus":"","is_daily":false,"chose_seed":false,"campfire_upgraded":0,"win_rate":0.0,"timestamp":1613486050,"path_taken":["M","?","?","M","$","E","R","E"],"items_purchased_type":["Relic","Card"],"build_version":"2020-12-22","purchased_purges":0,"victory":false,"max_hp_per_floor":[60,60,60,60,60,60,60,60,60],"card_choices":[{"not_picked":["KratosMod:BladeWhip","KratosMod:Roll"],"picked":"KratosMod:Endure","floor":1},{"not_picked":["infinitespire:Execution","infinitespire:Menacing"],"picked":"infinitespire:UltimateForm","floor":3},{"not_picked":["KratosMod:rattle","KratosMod:conjuresoul"],"picked":"KratosMod:Tempor","floor":4},{"not_picked":["KratosMod:styx","KratosMod:ablockalypse"],"picked":"KratosMod:kBerserk","floor":6}],"player_experience":287167,"relics_obtained":[{"floor":6,"key":"reliquary:SharkskinSheath"}],"event_choices":[{"damage_healed":0,"gold_gain":75,"player_choice":"Gather Gold","damage_taken":11,"max_hp_gain":0,"max_hp_loss":0,"event_name":"World of Goop","floor":2,"gold_loss":0}],"is_beta":false,"boss_relics":[],"items_purged_floors":[],"is_endless":false,"potions_floor_spawned":[1,4],"killed_by":"3 Sentries","ascension_level":0}}