{"host":"zlmf7uudqr1sj8t0","time":1613461619,"event":{"mods":["BaseMod","Colored Map","DeckTracker","Highlight Path","Minty Spire (QoL Compilation)"],"gold_per_floor":[114,114,130,147,225,225,257,357,357,377,411,430,430,442,442,442,442],"floor_reached":16,"language":"ENG","playtime":993,"items_purged":[],"score":129,"play_id":"8a9214d9-ca1f-45be-9f80-06f26b82a721","local_time":"20210215234659","is_ascension_mode":true,"campfire_choices":[{"data":"Streamline","floor":6,"key":"SMITH"},{"floor":13,"key":"REST"},{"data":"Dualcast","floor":15,"key":"SMITH"}],"circlet_count":0,"master_deck":["Strike_B","Strike_B","Strike_B","Strike_B","Defend_B","Defend_B","Defend_B","Defend_B","Zap+1","Dualcast+1","Steam","Streamline+1","Hologram","Beam Cell","Auto Shields","Static Discharge+1","Loop+1"],"relics":["Cracked Core","Frozen Egg 2","Matryoshka","Vajra"],"acts_visited":["Exordium"],"potions_floor_usage":[7,12,16,16,16],"damage_taken":[{"damage":11,"enemies":"Cultist","floor":1,"turns":4},{"damage":0,"enemies":"Small Slimes","floor":3,"turns":2},{"damage":1,"enemies":"2 Louse","floor":4,"turns":2},{"damage":11,"enemies":"Lagavulin","floor":7,"turns":6},{"damage":0,"enemies":"Red Slaver","floor":10,"turns":3},{"damage":30,"enemies":"Gremlin Nob","floor":11,"turns":4},{"damage":1,"enemies":"2 Fungi Beasts","floor":12,"turns":3},{"damage":4,"enemies":"3 Louse","floor":14,"turns":3},{"damage":46,"enemies":"The Guardian","floor":16,"turns":9}],"seed_played":"8680722297985908267","potions_obtained":[{"floor":0,"key":"Energy Potion"},{"floor":0,"key":"Explosive Potion"},{"floor":0,"key":"BlessingOfTheForge"},{"floor":4,"key":"Swift Potion"},{"floor":10,"key":"ColorlessPotion"},{"floor":12,"key":"Fruit Juice"},{"floor":14,"key":"AttackPotion"}],"is_trial":false,"path_per_floor":["M","?","M","M","?","R","E","?","T","M","E","M","R","M","R","B"],"character_chosen":"DEFECT","items_purchased":[],"campfire_rested":1,"item_purchase_floors":[],"current_hp_per_floor":[64,64,64,63,63,63,52,52,52,52,22,26,50,46,46,0,0],"gold":442,"neow_bonus":"THREE_SMALL_POTIONS","is_daily":false,"chose_seed":false,"campfire_upgraded":2,"win_rate":0.0,"timestamp":1613461619,"path_taken":["M","?","M","M","?","R","E","?","T","M","E","M","R","?","R","BOSS"],"items_purchased_type":[],"build_version":"2020-12-22","purchased_purges":0,"victory":false,"max_hp_per_floor":[75,75,75,75,75,75,75,75,75,75,75,80,80,80,80,80,80],"card_choices":[{"not_picked":["Cold Snap","Recycle"],"picked":"Steam","floor":1},{"not_picked":["Blizzard","Cold Snap"],"picked":"Streamline","floor":3},{"not_picked":["Defragment","Blizzard"],"picked":"Hologram","floor":4},{"not_picked":["Consume","Auto Shields"],"picked":"Beam Cell","floor":7},{"not_picked":["Blizzard","Sunder"],"picked":"Auto Shields","floor":10},{"not_picked":["Lockon","Sunder"],"picked":"Static Discharge+1","floor":11},{"not_picked":["Steam Power","Hello World+1"],"picked":"Loop+1","floor":12},{"not_picked":["Undo","Biased Cognition+1","Blizzard"],"picked":"SKIP","floor":14}],"player_experience":159914,"relics_obtained":[{"floor":7,"key":"Frozen Egg 2"},{"floor":9,"key":"Matryoshka"},{"floor":11,"key":"Vajra"}],"event_choices":[{"damage_healed":0,"gold_gain":0,"player_choice":"Grow","damage_taken":0,"max_hp_gain":0,"max_hp_loss":0,"event_name":"Living Wall","floor":2,"gold_loss":0,"cards_upgraded":["Zap"]},{"damage_healed":0,"gold_gain":78,"player_choice":"Gained Gold","damage_taken":0,"max_hp_gain":0,"max_hp_loss":0,"event_name":"Golden Wing","floor":5,"gold_loss":0},{"damage_healed":0,"gold_gain":100,"player_choice":"Pray","damage_taken":0,"max_hp_gain":0,"max_hp_loss":0,"event_name":"Golden Shrine","floor":8,"gold_loss":0}],"is_beta":false,"boss_relics":[],"items_purged_floors":[],"is_endless":false,"potions_floor_spawned":[4,10,12,14],"killed_by":"The Guardian","ascension_level":3}}