{"host":"d5i1qeb9dejicw1z","time":1613443629,"event":{"mods":["AchievementEnabler","BaseMod","Better Note","BetterRewards","Evolution","Gold Saver","Minty Spire (QoL Compilation)","Permanent Neow","Relic Filter Mod","Reliquary","StSLib"],"gold_per_floor":[484,499,511,257,257,257,257,286,364,364,95,114,134,159,159,159,159],"floor_reached":16,"language":"ENG","playtime":573,"items_purged":["Defend_G","Strike_G"],"score":200,"play_id":"cbf5629b-c245-481c-9520-a1785c9782ec","local_time":"20210215184709","is_ascension_mode":true,"campfire_choices":[{"data":"Footwork","floor":6,"key":"SMITH"},{"data":"Adrenaline","floor":10,"key":"SMITH"},{"floor":15,"key":"REST"}],"circlet_count":0,"master_deck":["AscendersBane","Flying Knee","Flying Knee","Strike_G","Strike_G","Defend_G","Defend_G","Defend_G","Defend_G","Survivor","Neutralize","Adrenaline+1","Footwork+1","Master of Strategy","Backstab"],"relics":["Ring of the Snake","EVO:Axolotl","Mercury Hourglass","PreservedInsect","Frozen Egg 2","reliquary:RoseTintedGlasses","Potion Belt"],"acts_visited":["Exordium"],"potions_floor_usage":[16,16],"damage_taken":[{"damage":0,"enemies":"Cultist","floor":1,"turns":4},{"damage":0,"enemies":"2 Louse","floor":2,"turns":3},{"damage":0,"enemies":"Jaw Worm","floor":3,"turns":5},{"damage":32,"enemies":"3 Sentries","floor":8,"turns":8},{"damage":0,"enemies":"Red Slaver","floor":12,"turns":4},{"damage":26,"enemies":"Exordium Thugs","floor":13,"turns":6},{"damage":23,"enemies":"The Guardian","floor":16,"turns":8}],"seed_played":"9008452267860971200","potions_obtained":[{"floor":1,"key":"Dexterity Potion"},{"floor":3,"key":"Ancient Potion"}],"is_trial":false,"path_per_floor":["M","M","M","$","?","R","T","E","T","R","$","M","M","T","R","B"],"character_chosen":"THE_SILENT","items_purchased":["Master of Strategy","reliquary:RoseTintedGlasses"],"campfire_rested":1,"item_purchase_floors":[4,11],"current_hp_per_floor":[59,59,59,59,59,59,59,27,27,27,27,27,1,1,20,0,0],"gold":159,"neow_bonus":"ONE_RANDOM_RARE_CARD","is_daily":false,"chose_seed":false,"campfire_upgraded":2,"win_rate":0.0,"timestamp":1613443629,"path_taken":["M","M","?","$","?","R","?","E","T","R","$","M","?","?","R","BOSS"],"items_purchased_type":["Card","Relic"],"build_version":"2020-12-22","purchased_purges":2,"victory":false,"max_hp_per_floor":[66,66,66,66,66,66,66,66,66,66,66,66,66,66,66,66,66],"card_choices":[{"not_picked":["Heel Hook","Dodge and Roll","Outmaneuver"],"picked":"SKIP","floor":1},{"not_picked":["Dodge and Roll","Flying Knee"],"picked":"Footwork","floor":2},{"not_picked":["Distraction","Endless Agony","Sucker Punch"],"picked":"SKIP","floor":3},{"not_picked":["Infinite Blades","Reflex","All Out Attack"],"picked":"SKIP","floor":8},{"not_picked":["Skewer","Poisoned Stab","Riddle With Holes"],"picked":"SKIP","floor":12},{"not_picked":["Deflect","Leg Sweep"],"picked":"Backstab","floor":13}],"player_experience":1273135,"relics_obtained":[{"floor":7,"key":"Mercury Hourglass"},{"floor":8,"key":"PreservedInsect"},{"floor":9,"key":"Frozen Egg 2"},{"floor":14,"key":"Potion Belt"}],"event_choices":[{"damage_healed":0,"gold_gain":0,"player_choice":"Ignored","damage_taken":0,"max_hp_gain":0,"max_hp_loss":0,"event_name":"Liars Game","floor":5,"gold_loss":0}],"is_beta":false,"boss_relics":[],"items_purged_floors":[4,11],"is_endless":false,"potions_floor_spawned":[1,3,8],"killed_by":"The Guardian","ascension_level":20}}