{"host":"bbvmu6yleqps41w7","time":1613449625,"event":{"mods":["BaseMod","Colored Map","Colored Powertips","Downfall","Hermit","Marisa????????","Minty Spire (QoL Compilation)","StSLib","The Bug Knight","The Cursed","The Servant 0.9.4"],"gold_per_floor":[99,110,129,129,129,145,219,248,260,293,293,308,308,318,338,438,438,438,449,481,501,501,535,561,561,579,604,619,629,641,655,666,666,666,666],"floor_reached":33,"language":"ENG","playtime":2385,"items_purged":[],"score":322,"play_id":"86c28f03-687d-4cc8-b2e1-82aabdf00565","local_time":"20210215212705","is_ascension_mode":false,"campfire_choices":[{"data":"sneckomod:Unknown","floor":1,"key":"SMITH"},{"data":"sneckomod:UnknownClassMARISA_DERIVATIONS","floor":11,"key":"SMITH"},{"data":"sneckomod:UnknownBoss","floor":18,"key":"SMITH"}],"circlet_count":0,"master_deck":["sneckomod:Strike","sneckomod:Strike","sneckomod:Strike+1","sneckomod:Defend","sneckomod:Defend+1","sneckomod:Defend","sneckomod:TailWhip","sneckomod:SnekBite","sneckomod:Unknown+1","sneckomod:Unknown","sneckomod:ImprovisedAttack+1","sneckomod:UnendingSupply","sneckomod:Unknown0Cost","sneckomod:SoulCleanse","sneckomod:UnknownClassMARISA_DERIVATIONS+1","sneckomod:Cheat","sneckomod:SnakeSap","sneckomod:SerpentIdol","sneckomod:UnknownBoss+1","sneckomod:Mudshield","sneckomod:IronFang+1","sneckomod:SerpentMind","sneckomod:UnknownClassTHE_CURSED_PURPLE+1","sneckomod:SerpentIdol"],"relics":["Black Star","Anchor","White Beast Statue","Strawberry","Singing Bowl","Busted Crown","Red Mask","PreservedInsect","Orichalcum","Bag of Marbles","Bag of Preparation","Shuriken","Bottled Tornado"],"acts_visited":["Exordium","TheCity"],"potions_floor_usage":[8,10,12,14,16,16,20,21,23,27,27,28,30,31,32,33,33,33,33],"damage_taken":[{"damage":2,"enemies":"Small Slimes","floor":2,"turns":4},{"damage":0,"enemies":"2 Louse","floor":3,"turns":3},{"damage":5,"enemies":"Jaw Worm","floor":6,"turns":3},{"damage":0,"enemies":"Exordium Wildlife","floor":8,"turns":4},{"damage":2,"enemies":"2 Fungi Beasts","floor":9,"turns":3},{"damage":19,"enemies":"HollowMod:MossKnight","floor":10,"turns":5},{"damage":7,"enemies":"Exordium Thugs","floor":12,"turns":4},{"damage":12,"enemies":"Blue Slaver","floor":14,"turns":4},{"damage":21,"enemies":"Exordium Thugs","floor":15,"turns":4},{"damage":9,"enemies":"SI_SHIV_ARCHETYPE","floor":16,"turns":5},{"damage":7,"enemies":"Shell Parasite","floor":19,"turns":4},{"damage":0,"enemies":"Masked Bandits","floor":20,"turns":1},{"damage":16,"enemies":"Snake Plant","floor":21,"turns":5},{"damage":25,"enemies":"Gremlin Leader","floor":23,"turns":6},{"damage":5,"enemies":"Sentry and Sphere","floor":26,"turns":3},{"damage":15,"enemies":"Slavers","floor":27,"turns":4},{"damage":0,"enemies":"Shelled Parasite and Fungi","floor":28,"turns":3},{"damage":0,"enemies":"Centurion and Healer","floor":29,"turns":3},{"damage":0,"enemies":"Cultist and Chosen","floor":30,"turns":3},{"damage":4,"enemies":"Snecko","floor":31,"turns":3},{"damage":7,"enemies":"3 Cultists","floor":32,"turns":4},{"damage":20,"enemies":"DF_ARCHETYPE_CLAW","floor":33,"turns":3}],"seed_played":"-6887530865106339094","potions_obtained":[{"floor":2,"key":"sneckomod:MuddlingPotion"},{"floor":6,"key":"Weak Potion"},{"floor":8,"key":"LiquidBronze"},{"floor":9,"key":"Regen Potion"},{"floor":10,"key":"PowerPotion"},{"floor":12,"key":"AttackPotion"},{"floor":14,"key":"DistilledChaos"},{"floor":15,"key":"Energy Potion"},{"floor":16,"key":"EntropicBrew"},{"floor":19,"key":"sneckomod:DiceRollPotion"},{"floor":20,"key":"FearPotion"},{"floor":21,"key":"bronze:BurnAndBuffPotion"},{"floor":23,"key":"AttackPotion"},{"floor":26,"key":"SkillPotion"},{"floor":27,"key":"Weak Potion"},{"floor":28,"key":"LiquidBronze"},{"floor":29,"key":"AttackPotion"},{"floor":30,"key":"sneckomod:MuddlingPotion"},{"floor":31,"key":"ColorlessPotion"},{"floor":32,"key":"FearPotion"}],"is_trial":false,"path_per_floor":["R","M","M","?","?","M","T","M","M","E","R","M","?","M","M","B",null,"R","M","?","M","?","E","T","T","M","E","M","M","M","M","M","B"],"character_chosen":"THE_SNECKO","items_purchased":[],"campfire_rested":0,"item_purchase_floors":[],"current_hp_per_floor":[90,88,88,70,70,65,65,65,63,65,65,58,58,46,25,16,97,97,92,94,78,58,33,33,33,33,18,20,22,24,22,17,0,0,0],"gold":666,"neow_bonus":"BOSS_RELIC","is_daily":false,"chose_seed":false,"campfire_upgraded":3,"win_rate":0.0,"timestamp":1613449625,"path_taken":["R","M","M","?","?","M","T","M","M","E","R","M","?","M","M","BOSS","R","M","?","M","?","E","T","?","M","E","M","M","M","M","M","BOSS"],"items_purchased_type":[],"build_version":"2020-12-22","purchased_purges":0,"victory":false,"max_hp_per_floor":[90,90,90,90,90,90,90,90,90,97,97,97,97,97,97,97,97,97,99,101,101,106,106,106,106,106,106,108,110,112,114,116,116,116,116],"card_choices":[{"not_picked":["sneckomod:WideSting","sneckomod:UnknownClassRED"],"picked":"sneckomod:ImprovisedAttack","floor":2},{"not_picked":["sneckomod:UnknownStrike","sneckomod:UnknownClassTHE_CURSED_PURPLE"],"picked":"sneckomod:UnendingSupply","floor":3},{"not_picked":["sneckomod:UnknownClassGREEN","sneckomod:UnknownStrike"],"picked":"sneckomod:Unknown0Cost","floor":6},{"not_picked":["sneckomod:DiceBoulder","sneckomod:UnknownX"],"picked":"sneckomod:SoulCleanse","floor":8},{"not_picked":["sneckomod:UnknownClassTHE_CHAMP_GRAY","sneckomod:UnknownStrike"],"picked":"sneckomod:UnknownClassMARISA_DERIVATIONS","floor":9},{"not_picked":["sneckomod:Restock","sneckomod:UnknownDraw"],"picked":"sneckomod:Cheat","floor":10},{"not_picked":["sneckomod:UnknownClassMARISA_DERIVATIONS","sneckomod:DiceBoulder"],"picked":"sneckomod:SnakeSap","floor":12},{"not_picked":["sneckomod:UnknownBlock","sneckomod:UnknownClassRED"],"picked":"sneckomod:SerpentIdol","floor":14},{"not_picked":["sneckomod:UnknownCommonAttack","sneckomod:SoulCleanse"],"picked":"sneckomod:UnknownBoss","floor":15},{"not_picked":["sneckomod:SoulExchange","sneckomod:UnknownRareAttack"],"picked":"sneckomod:Mudshield","floor":16},{"not_picked":["sneckomod:UnknownClassBUGKNIGHT_GRAY_COLOR"],"picked":"Singing Bowl","floor":19},{"not_picked":["sneckomod:UnknownClassDEFAULT_GRAY_COLOR"],"picked":"Singing Bowl","floor":20},{"not_picked":[],"picked":"sneckomod:IronFang+1","floor":21},{"not_picked":[],"picked":"sneckomod:SerpentMind","floor":23},{"not_picked":[],"picked":"sneckomod:UnknownClassTHE_CURSED_PURPLE+1","floor":26},{"not_picked":[],"picked":"sneckomod:SerpentIdol","floor":27},{"not_picked":["sneckomod:UnknownClassDEFAULT_GRAY_COLOR"],"picked":"Singing Bowl","floor":28},{"not_picked":["sneckomod:UnknownClassPURPLE"],"picked":"Singing Bowl","floor":29},{"not_picked":["sneckomod:UnknownClassBLUE"],"picked":"Singing Bowl","floor":30},{"not_picked":["sneckomod:SnakeSap"],"picked":"Singing Bowl","floor":31},{"not_picked":["sneckomod:UnknownClassRED"],"picked":"Singing Bowl","floor":32}],"player_experience":634487,"relics_obtained":[{"floor":7,"key":"White Beast Statue"},{"floor":10,"key":"Strawberry"},{"floor":10,"key":"Singing Bowl"},{"floor":20,"key":"Red Mask"},{"floor":23,"key":"PreservedInsect"},{"floor":23,"key":"Orichalcum"},{"floor":24,"key":"Bag of Marbles"},{"floor":25,"key":"Bag of Preparation"},{"floor":27,"key":"Shuriken"},{"floor":27,"key":"Bottled Tornado"}],"event_choices":[{"damage_healed":0,"gold_gain":0,"player_choice":"Success","damage_taken":18,"relics_obtained":["Anchor"],"max_hp_gain":0,"max_hp_loss":0,"event_name":"Scrap Ooze","floor":4,"gold_loss":0},{"cards_removed":["downfall:Malfunctioning"],"damage_healed":0,"gold_gain":0,"player_choice":"Card Removal","damage_taken":0,"max_hp_gain":0,"max_hp_loss":0,"event_name":"The Cleric","floor":13,"gold_loss":0},{"damage_healed":0,"gold_gain":0,"player_choice":"Fought Bandits","damage_taken":0,"max_hp_gain":0,"max_hp_loss":0,"event_name":"Masked Bandits","floor":20,"gold_loss":0}],"is_beta":false,"boss_relics":[{"not_picked":["Runic Dome","Fusion Hammer"],"picked":"Busted Crown"}],"items_purged_floors":[],"is_endless":false,"potions_floor_spawned":[2,6,8,9,10,12,14,15,16,19,20,21,23,26,27,28,29,30,31,32],"killed_by":"DF_ARCHETYPE_CLAW","ascension_level":0}}