{"host":"kiehjq3lc4w5t4uc","time":1613499237,"event":{"mods":["AchievementEnabler","BaseMod","BetterRewards","Colored Map","Colored Powertips","DeckTracker","Good Game Mod","Infinite Spire","Keyboard Shortcuts","Minty Spire (QoL Compilation)","Permanent Neow","Quick Restart","Rare Cards Sparkle","Relic Stats","StSLib","SuperFastMode"],"gold_per_floor":[109,121,121,137,137,137,177,127,127,127,127,151,151,151,151,247,247,271,289,289,314,335,335,355,376,376,399,399,399,419,438,438,534,534,550,581,581,531,545,586,586,599,667,698,698,698,698,12,12,12],"floor_reached":51,"language":"KOR","playtime":2759,"items_purged":["Strike_R","Strike_R","Strike_R","Searing Blow+1"],"score":1737,"play_id":"8d2abfe6-c300-4f89-88b7-d6e90011d664","local_time":"20210217031357","is_ascension_mode":true,"campfire_choices":[{"data":"Prostrate","floor":6.0,"key":"SMITH"},{"floor":11.0,"key":"REST"},{"data":"Crescendo","floor":13.0,"key":"SMITH"},{"data":"infinitespire:Menacing","floor":15.0,"key":"SMITH"},{"data":"Tools of the Trade","floor":23.0,"key":"SMITH"},{"data":"Prostrate","floor":29.0,"key":"SMITH"},{"data":"Panacea","floor":32.0,"key":"SMITH"},{"data":"Finesse","floor":41.0,"key":"SMITH"},{"floor":46.0,"key":"REST"},{"floor":49.0,"key":"REST"}],"circlet_count":0,"master_deck":["AscendersBane","Bash","All For One","Swift Strike","Master of Strategy","Flash of Steel","Flash of Steel+1","Prostrate+1","Prostrate+1","Crescendo+1","infinitespire:Menacing+1","Finesse+1","Tools of the Trade+1","Go for the Eyes+1","Gash","Panacea+1","Master of Strategy","CurseOfTheBell","White Noise+1","DeusExMachina+1","Evolve","Body Slam+1","Dark Embrace","Hemokinesis+1","Combust","Enlightenment+1","Secret Technique+1","True Grit+1","Exhume+1","Armaments+1"],"relics":["Burning Blood","REME:ComplimentaryCards","PrismaticShard","Smiling Mask","Prayer Wheel","Golden Idol","Kunai","infinitespire:Bottled Soul","Bronze Scales","Black Star","Blood Vial","Calling Bell","infinitespire:Golems Mask","Dream Catcher","StrikeDummy","Incense Burner","Happy Flower","CaptainsWheel","Blue Candle","The Courier","Molten Egg 2","Toxic Egg 2","infinitespire:Satchel","Pandora\u0027s Box","WingedGreaves","Bag of Preparation","Frozen Eye"],"acts_visited":["Exordium","TheCity","TheBeyond"],"potions_floor_usage":[50],"damage_taken":[{"damage":7.0,"enemies":"Jaw Worm","floor":1.0,"turns":2.0},{"damage":7.0,"enemies":"Small Slimes","floor":2.0,"turns":2.0},{"damage":0.0,"enemies":"Cultist","floor":4.0,"turns":3.0},{"damage":16.0,"enemies":"Gremlin Nob","floor":7.0,"turns":3.0},{"damage":0.0,"enemies":"Large Slime","floor":12.0,"turns":3.0},{"damage":13.0,"enemies":"Slime Boss","floor":16.0,"turns":6.0},{"damage":37.0,"enemies":"Spheric Guardian","floor":18.0,"turns":4.0},{"damage":0.0,"enemies":"Chosen","floor":19.0,"turns":3.0},{"damage":0.0,"enemies":"Snake Plant","floor":21.0,"turns":3.0},{"damage":4.0,"enemies":"Shelled Parasite and Fungi","floor":22.0,"turns":4.0},{"damage":2.0,"enemies":"3 Cultists","floor":24.0,"turns":4.0},{"damage":6.0,"enemies":"Centurion and Healer","floor":25.0,"turns":4.0},{"damage":14.0,"enemies":"Snecko","floor":27.0,"turns":6.0},{"damage":0.0,"enemies":"3 Cultists","floor":30.0,"turns":4.0},{"damage":0.0,"enemies":"Snake Plant","floor":31.0,"turns":3.0},{"damage":23.0,"enemies":"Collector","floor":33.0,"turns":5.0},{"damage":11.0,"enemies":"Orb Walker","floor":35.0,"turns":3.0},{"damage":9.0,"enemies":"Mind Bloom Boss Battle","floor":36.0,"turns":6.0},{"damage":30.0,"enemies":"3 Darklings","floor":39.0,"turns":3.0},{"damage":0.0,"enemies":"Nemesis","floor":40.0,"turns":4.0},{"damage":52.0,"enemies":"Writhing Mass","floor":42.0,"turns":5.0},{"damage":1.0,"enemies":"Giant Head","floor":44.0,"turns":5.0},{"damage":10,"enemies":"Awakened One","floor":50,"turns":3}],"seed_played":"8974994690634418342","potions_obtained":[{"floor":1.0,"key":"ElixirPotion"},{"floor":18.0,"key":"Fire Potion"},{"floor":22.0,"key":"Fruit Juice"},{"floor":24.0,"key":"HeartOfIron"},{"floor":36.0,"key":"Fire Potion"},{"floor":44.0,"key":"EntropicBrew"}],"is_trial":false,"path_per_floor":["M","M","?","M","?","R","E","$","T","?","R","M","R","?","R","B",null,"M","M","?","M","M","R","M","M","T","M","?","R","M","M","R","B",null,"M","?","T","$","M","E","R","M","T","E","AVR","R","?","$","R","B",null],"character_chosen":"IRONCLAD","items_purchased":["PrismaticShard","Swift Strike","Master of Strategy","Flash of Steel","Enlightenment+1","Secret Technique+1","Bag of Preparation","True Grit+1","Exhume+1","Armaments+1","Frozen Eye"],"campfire_rested":3,"item_purchase_floors":[0,0,0,0,48,48,48,48,48,48,48],"current_hp_per_floor":[71,70,50,56,40,40,30,30,30,11,35,41,41,29,29,22,66,35,41,26,32,39,39,43,43,43,35,35,35,43,51,51,36,77,74,73,73,73,51,59,59,15,15,22,22,49,49,49,76,74],"gold":12,"neow_bonus":"","is_daily":false,"chose_seed":false,"campfire_upgraded":7,"win_rate":0.0,"timestamp":1613499237,"path_taken":["M","M","?","M","?","R","E","$","T","?","R","M","R","?","R","BOSS","M","M","?","M","M","R","M","M","T","M","?","R","?","M","R","BOSS","M","?","?","$","M","E","R","M","T","E","AVR","R","?","$","R","BOSS"],"items_purchased_type":["Relic","Card","Card","Card","Card","Card","Relic","Card","Card","Card","Relic"],"build_version":"2020-12-22","purchased_purges":4,"victory":true,"max_hp_per_floor":[80,80,80,80,80,80,80,80,80,80,80,80,80,80,80,80,80,80,80,85,85,90,90,90,90,90,90,90,90,90,90,90,90,90,90,90,90,90,90,90,90,90,90,90,90,90,90,90,90,90],"relic_stats":{"Happy Flower":[13],"counters":[44,148],"Golden Idol":141,"Blue Candle":[3],"Bag of Preparation":[2],"Smiling Mask":410,"Burning Blood":223,"Blood Vial":20,"Dream Catcher":2,"Bronze Scales":[126],"Prayer Wheel":16,"Pandora\u0027s Box":["Evolve","Body Slam","Dark Embrace","Hemokinesis","Combust","Searing Blow"],"Black Star":2,"Kunai":[77],"obtain_stats":[{"Calipers":24,"Singing Bowl":0,"Incense Burner":36,"Bag of Preparation":48,"Smiling Mask":14,"PrismaticShard":0,"Boot":47,"Burning Blood":0,"Blood Vial":28,"Frozen Eye":48,"Dream Catcher":34,"TheAbacus":0,"infinitespire:ShieldingShard":6,"infinitespire:Bottled Soul":9,"Prayer Wheel":0,"infinitespire:Golems Mask":34,"WingedGreaves":47,"Kunai":7,"Toxic Egg 2":44,"Happy Flower":26,"Golden Idol":3,"Blue Candle":40,"The Courier":31,"War Paint":21,"Medical Kit":36,"Peace Pipe":4,"Calling Bell":34,"SlaversCollar":17,"REME:ComplimentaryCards":0,"CaptainsWheel":9,"Busted Crown":34,"Bird Faced Urn":11,"Bronze Scales":14,"infinitespire:Satchel":0,"Molten Egg 2":43,"Pandora\u0027s Box":45,"Black Star":17,"StrikeDummy":34,"Meat on the Bone":38},{"Calipers":13,"Singing Bowl":0,"Incense Burner":39,"Bag of Preparation":43,"Smiling Mask":8,"PrismaticShard":21,"Boot":43,"Burning Blood":0,"Blood Vial":34,"Frozen Eye":43,"Dream Catcher":37,"TheAbacus":0,"infinitespire:ShieldingShard":4,"infinitespire:Bottled Soul":25,"Prayer Wheel":21,"infinitespire:Golems Mask":37,"WingedGreaves":43,"Kunai":25,"Toxic Egg 2":43,"Happy Flower":13,"Golden Idol":23,"Blue Candle":41,"The Courier":16,"War Paint":11,"Medical Kit":18,"Peace Pipe":2,"Calling Bell":37,"SlaversCollar":9,"REME:ComplimentaryCards":0,"CaptainsWheel":5,"Busted Crown":17,"Bird Faced Urn":7,"Bronze Scales":26,"infinitespire:Satchel":0,"Molten Egg 2":42,"Pandora\u0027s Box":43,"Black Star":27,"StrikeDummy":37,"Meat on the Bone":19},{"Calipers":38,"Singing Bowl":0,"Incense Burner":128,"Bag of Preparation":145,"Smiling Mask":21,"PrismaticShard":60,"Boot":145,"Burning Blood":0,"Blood Vial":107,"Frozen Eye":145,"Dream Catcher":119,"TheAbacus":0,"infinitespire:ShieldingShard":10,"infinitespire:Bottled Soul":70,"Prayer Wheel":60,"infinitespire:Golems Mask":119,"WingedGreaves":145,"Kunai":70,"Toxic Egg 2":145,"Happy Flower":38,"Golden Idol":64,"Blue Candle":135,"The Courier":45,"War Paint":33,"Medical Kit":49,"Peace Pipe":5,"Calling Bell":119,"SlaversCollar":27,"REME:ComplimentaryCards":0,"CaptainsWheel":12,"Busted Crown":47,"Bird Faced Urn":16,"Bronze Scales":73,"infinitespire:Satchel":0,"Molten Egg 2":140,"Pandora\u0027s Box":145,"Black Star":79,"StrikeDummy":119,"Meat on the Bone":51}]},"card_choices":[{"not_picked":["BowlingBash","Steam"],"picked":"Flash of Steel","floor":1.0},{"not_picked":["Distraction","Fire Breathing","Protect"],"picked":"SKIP","floor":1.0},{"not_picked":["Disarm","Headbutt"],"picked":"Prostrate","floor":2.0},{"not_picked":["Steam Power","Vengeance"],"picked":"Prostrate","floor":2.0},{"not_picked":["Anger","Blur"],"picked":"Crescendo","floor":4.0},{"not_picked":["PiercingWail","Sunder","Blade Dance"],"picked":"SKIP","floor":4.0},{"not_picked":["ThirdEye","Dodge and Roll","Ball Lightning"],"picked":"SKIP","floor":7.0},{"not_picked":["infinitespire:FutureSight","infinitespire:Oblivion"],"picked":"infinitespire:Menacing","floor":10.0},{"not_picked":["Blade Dance","Accuracy"],"picked":"Finesse","floor":12.0},{"not_picked":["JustLucky","Clash","SandsOfTime"],"picked":"SKIP","floor":12.0},{"not_picked":["Venomology","Bludgeon"],"picked":"Tools of the Trade","floor":16.0},{"not_picked":["Dropkick","Sentinel"],"picked":"Go for the Eyes+1","floor":18.0},{"not_picked":["Headbutt+1","Wild Strike","PiercingWail"],"picked":"SKIP","floor":18.0},{"not_picked":["Dramatic Entrance","Perfected Strike","ThirdEye"],"picked":"SKIP","floor":19.0},{"not_picked":["Perfected Strike","Sword Boomerang","Headbutt"],"picked":"SKIP","floor":19.0},{"not_picked":["Dagger Spray","infinitespire:Neurotoxin","Conserve Battery+1"],"picked":"SKIP","floor":21.0},{"not_picked":["Turbo","Warcry+1","Self Repair"],"picked":"SKIP","floor":21.0},{"not_picked":["Sentinel","Deadly Poison+1"],"picked":"Gash","floor":22.0},{"not_picked":["True Grit","Anger","Steam Power"],"picked":"SKIP","floor":22.0},{"not_picked":["Dropkick","Static Discharge","Glacier"],"picked":"SKIP","floor":24.0},{"not_picked":["Expertise+1","PathToVictory","Dodge and Roll+1"],"picked":"SKIP","floor":24.0},{"not_picked":["Sanctity","CutThroughFate","The Bomb"],"picked":"SKIP","floor":25.0},{"not_picked":["Reckless Charge+1","Go for the Eyes","Pray"],"picked":"SKIP","floor":25.0},{"not_picked":["Carnage","WindmillStrike","Melter"],"picked":"SKIP","floor":27.0},{"not_picked":["Compile Driver","FlyingSleeves","Armaments"],"picked":"SKIP","floor":27.0},{"not_picked":["Dodge and Roll","Adaptation","Blade Dance"],"picked":"SKIP","floor":30.0},{"not_picked":["Tactician","Acrobatics","EmptyBody"],"picked":"SKIP","floor":30.0},{"not_picked":["Dodge and Roll","Iron Wave"],"picked":"Panacea","floor":31.0},{"not_picked":["LikeWater","Blade Dance","Swivel"],"picked":"SKIP","floor":31.0},{"not_picked":["All For One","Alpha"],"picked":"Master of Strategy","floor":33.0},{"not_picked":["Flex","CutThroughFate","Concentrate"],"picked":"SKIP","floor":35.0},{"not_picked":["Sunder","Outmaneuver","Infernal Blade"],"picked":"SKIP","floor":35.0},{"not_picked":["Static Discharge","Perfected Strike"],"picked":"White Noise+1","floor":36.0},{"not_picked":["JustLucky","Coolheaded","Glacier"],"picked":"SKIP","floor":39.0},{"not_picked":["Sword Boomerang","Panacea","Havoc+1"],"picked":"SKIP","floor":39.0},{"not_picked":["Storm","JustLucky","Dagger Spray"],"picked":"SKIP","floor":40.0},{"not_picked":["Storm","JustLucky","Dagger Spray"],"picked":"SKIP","floor":40.0},{"not_picked":["Wireheading","Dagger Throw","Protect+1"],"picked":"SKIP","floor":42.0},{"not_picked":["Terror","Study","Body Slam+1"],"picked":"SKIP","floor":42.0},{"not_picked":["Coolheaded+1","Twin Strike+1"],"picked":"DeusExMachina+1","floor":44.0}],"player_experience":186135,"relics_obtained":[{"floor":7.0,"key":"Kunai"},{"floor":9.0,"key":"infinitespire:Bottled Soul"},{"floor":34.0,"key":"infinitespire:Golems Mask"},{"floor":34.0,"key":"Dream Catcher"},{"floor":34.0,"key":"StrikeDummy"},{"floor":36.0,"key":"Incense Burner"},{"floor":37.0,"key":"Happy Flower"},{"floor":40.0,"key":"CaptainsWheel"},{"floor":40.0,"key":"Blue Candle"},{"floor":43.0,"key":"Molten Egg 2"},{"floor":44.0,"key":"Toxic Egg 2"},{"floor":44.0,"key":"infinitespire:Satchel"}],"event_choices":[{"damage_healed":0.0,"max_hp_gain":0.0,"max_hp_loss":0.0,"gold_gain":0.0,"event_name":"Golden Idol","player_choice":"Take Damage","floor":3.0,"gold_loss":0.0,"damage_taken":20.0,"relics_obtained":["Golden Idol"]},{"damage_healed":0.0,"max_hp_gain":0.0,"max_hp_loss":0.0,"gold_gain":0.0,"event_name":"Shining Light","player_choice":"Entered Light","floor":5.0,"gold_loss":0.0,"damage_taken":16.0,"cards_upgraded":["Flash of Steel","Strike_R"]},{"damage_healed":0.0,"max_hp_gain":0.0,"max_hp_loss":0.0,"gold_gain":0.0,"event_name":"Scrap Ooze","player_choice":"Success","floor":14.0,"gold_loss":0.0,"damage_taken":12.0,"relics_obtained":["Bronze Scales"]},{"damage_healed":0.0,"max_hp_gain":5.0,"max_hp_loss":0.0,"gold_gain":0.0,"event_name":"Forgotten Altar","player_choice":"Shed Blood","floor":20.0,"gold_loss":0.0,"damage_taken":20.0},{"damage_healed":0.0,"max_hp_gain":0.0,"max_hp_loss":0.0,"gold_gain":0.0,"event_name":"WeMeetAgain","player_choice":"Gave Potion","floor":28.0,"gold_loss":0.0,"damage_taken":0.0,"relics_obtained":["Blood Vial"]},{"damage_healed":0.0,"max_hp_gain":0.0,"max_hp_loss":0.0,"gold_gain":0.0,"event_name":"MindBloom","player_choice":"Fight","floor":36.0,"gold_loss":0.0,"damage_taken":0.0}],"is_beta":false,"boss_relics":[{"not_picked":["Busted Crown","Runic Dome"],"picked":"Black Star"},{"not_picked":["Cursed Key","Velvet Choker"],"picked":"Calling Bell"}],"items_purged_floors":[0,8,38,48],"is_endless":false,"potions_floor_spawned":[1,4,18,21,22,24,27,36,44],"ascension_level":13}}