{"host":"yg1n0qads92lo9wl","time":1613488937,"event":{"mods":["Act Like it!","BaseMod","Downfall","Minty Spire (QoL Compilation)","StSLib"],"gold_per_floor":[99,111,111,111,111,143,143,143,162,182,197,197,227,245,263,263,263,263],"floor_reached":16,"language":"ZHS","playtime":980,"items_purged":[],"score":129,"play_id":"e77cb574-b092-4076-934f-8d910b371997","local_time":"20210216232217","is_ascension_mode":true,"campfire_choices":[{"data":"champ:Taunt","floor":1.0,"key":"SMITH"},{"data":"champ:Shatter","floor":8.0,"key":"SMITH"}],"circlet_count":0,"master_deck":["champ:Strike","champ:Strike","champ:Strike","champ:Strike","champ:Defend","champ:Defend","champ:Defend","champ:Defend","champ:Execute","champ:Taunt+1","champ:BringItOn","champ:Shatter+1","champ:PreciseThrust+1","champ:DeathBlow+1","champ:Backstep","champ:BerserkersShout+1","champ:FanOfKnives+1","champ:Duel+1","champ:PreciseThrust+1"],"relics":["champ:ChampionCrown","Molten Egg 2","Letter Opener","MealTicket"],"acts_visited":["Exordium"],"potions_floor_usage":[15],"damage_taken":[{"damage":10.0,"enemies":"2 Louse","floor":2.0,"turns":2.0},{"damage":0.0,"enemies":"Cultist","floor":4.0,"turns":1.0},{"damage":79.0,"enemies":"3 Sentries","floor":6.0,"turns":11.0},{"damage":10.0,"enemies":"Small Slimes","floor":9.0,"turns":3.0},{"damage":26.0,"enemies":"Blue Slaver","floor":10.0,"turns":3.0},{"damage":15.0,"enemies":"Gremlin Gang","floor":11.0,"turns":3.0},{"damage":50.0,"enemies":"Gremlin Nob","floor":13.0,"turns":5.0},{"damage":29.0,"enemies":"Exordium Thugs","floor":14.0,"turns":3.0},{"damage":3,"enemies":"downfall:LooterAlt","floor":15,"turns":2},{"damage":34,"enemies":"SI_SHIV_ARCHETYPE","floor":16,"turns":3}],"seed_played":"-2127809929767650489","potions_obtained":[{"floor":6.0,"key":"Regen Potion"},{"floor":10.0,"key":"BlessingOfTheForge"},{"floor":11.0,"key":"champ:OpenerPotion"}],"is_trial":false,"path_per_floor":["R","M","?","M","?","E","T","R","M","M","M","?","E","M","M","B"],"character_chosen":"THE_CHAMP","items_purchased":[],"campfire_rested":0,"item_purchase_floors":[],"current_hp_per_floor":[99,99,99,99,99,50,50,50,50,49,49,49,33,19,16,0,0,0],"gold":263,"neow_bonus":"TEN_PERCENT_HP_BONUS","is_daily":false,"chose_seed":false,"campfire_upgraded":2,"win_rate":0.0,"timestamp":1613488937,"path_taken":["R","M","?","M","?","E","T","R","M","M","?","?","E","?","M","BOSS"],"items_purchased_type":[],"build_version":"2020-12-22","purchased_purges":0,"victory":false,"max_hp_per_floor":[99,99,99,99,99,99,99,99,99,99,99,99,99,99,99,99,99,99],"card_choices":[{"not_picked":["champ:EnGarde","champ:AdrenalArmor"],"picked":"champ:BringItOn","floor":2.0},{"not_picked":["champ:FancyFootwork","champ:FalseCounter"],"picked":"champ:Shatter","floor":4.0},{"not_picked":["champ:BringItOn","champ:EnGarde"],"picked":"champ:PreciseThrust+1","floor":6.0},{"not_picked":["champ:TripleStrike+1","champ:TornadoPunch+1"],"picked":"champ:DeathBlow+1","floor":9.0},{"not_picked":["champ:SkillfulDodge","champ:FlashCut+1"],"picked":"champ:Backstep","floor":10.0},{"not_picked":["champ:Circumvent","champ:GutPunch+1"],"picked":"champ:BerserkersShout","floor":11.0},{"not_picked":["champ:CalledShot","champ:HeavySlash+1"],"picked":"champ:FanOfKnives+1","floor":13.0},{"not_picked":["champ:PerfectedStrike+1","champ:BringItOn"],"picked":"champ:Duel+1","floor":14.0},{"not_picked":["champ:ShieldSigil","champ:GladiatorStyle"],"picked":"champ:PreciseThrust+1","floor":15}],"player_experience":501909,"relics_obtained":[{"floor":6.0,"key":"Molten Egg 2"},{"floor":7.0,"key":"Letter Opener"},{"floor":13.0,"key":"MealTicket"}],"event_choices":[{"damage_healed":0.0,"max_hp_gain":0.0,"max_hp_loss":0.0,"gold_gain":0.0,"event_name":"FaceTrader","player_choice":"Leave","floor":5.0,"gold_loss":0.0,"damage_taken":0.0}],"is_beta":false,"boss_relics":[],"items_purged_floors":[],"is_endless":false,"potions_floor_spawned":[6,10,11],"killed_by":"SI_SHIV_ARCHETYPE","ascension_level":3}}