{"host":"m6rwrrl4vtok99e8","time":1613465701,"event":{"mods":["Act Like it!","Arknights","Aspiration","BaseMod","Colored Powertips","Downfall","KomeijiMod","LagranYue(???·?)","Lobotomy","Marisa????????","Minty Spire (QoL Compilation)","Quick Restart","Reliquary","Remilia??????","Replay The Spire","StSLib","The Bug Knight","The Hierophant","The Servant 0.9.4","Waifu the Spire","WarShipGirlsR/????R mod","Youmu??????","Yuri Mod"],"gold_per_floor":[113,113,288,288,388,417,429,429,501,501,520,536,536,550,550,550,550],"floor_reached":16,"language":"ZHS","playtime":1380,"items_purged":[],"score":200,"play_id":"8d2660bd-f25b-426d-815e-4ca0423c6b00","local_time":"20210216165501","is_ascension_mode":false,"campfire_choices":[{"data":"SlashOfPresentWorld","floor":8,"key":"SMITH"},{"data":"SuddenPhantomFormationSlashOfKarmicWind","floor":10,"key":"SMITH"},{"floor":15,"key":"REST"}],"circlet_count":0,"master_deck":["Strike_YM","Strike_YM","Strike_YM","Strike_YM","Defend_YM","Defend_YM","Defend_YM","Defend_YM+1","SlashOfPresentWorld+1","WheelOfPainOfLivingAndDead","ConstancyOfTheConventionalTruth","Doubt","CurseOfTheBell","CurseOfTheBell","Clumsy","Shame","SuddenPhantomFormationSlashOfKarmicWind+1","KarmicPunishmentOfTheIdleAndUnfocused+1"],"relics":["HalfPhantom","LagranYue:RandomDrawCardRelic","reliquary:SharkskinSheath","Toxic Egg 2","downfall:ExtraCursedBell","Centennial Puzzle","Replay:Ringing Soul","LagranYue:RareGoldArmorRelic","reliquary:Boomerang","Pantograph","ThirstyCross"],"acts_visited":["Exordium"],"potions_floor_usage":[16],"damage_taken":[{"damage":3,"enemies":"2 Louse","floor":1,"turns":3},{"damage":36,"enemies":"Replay:BlueRogue","floor":6,"turns":15},{"damage":13,"enemies":"ats:Genji","floor":7,"turns":7},{"damage":4,"enemies":"Small Slimes","floor":11,"turns":5},{"damage":12,"enemies":"Red Slaver","floor":12,"turns":8},{"damage":7,"enemies":"Blue Slaver","floor":14,"turns":4},{"damage":98,"enemies":"Fading Forest","floor":16,"turns":11}],"seed_played":"3893582222340261135","potions_obtained":[{"floor":1,"key":"SpeedPotion"},{"floor":7,"key":"CausticAgent"},{"floor":11,"key":"Block Potion"}],"is_trial":false,"path_per_floor":["M","?","?","T","?","E","M","R","T","R","M","M","?","M","R","B"],"character_chosen":"YOUMU","items_purchased":[],"campfire_rested":1,"item_purchase_floors":[],"current_hp_per_floor":[72,72,72,72,80,47,34,34,34,34,33,21,21,14,40,0,0],"gold":550,"neow_bonus":"RANDOM_COMMON_RELIC","is_daily":false,"chose_seed":false,"campfire_upgraded":2,"win_rate":0.0,"timestamp":1613465701,"path_taken":["M","?","?","?","?","E","?","R","T","R","M","M","?","M","R","BOSS"],"items_purchased_type":[],"build_version":"2020-12-22","purchased_purges":0,"victory":false,"max_hp_per_floor":[75,75,75,75,83,86,86,86,86,86,89,89,89,89,89,89,89],"card_choices":[{"not_picked":["AsTheSilentNirvana","PhosphoricSlash"],"picked":"ConstancyOfTheConventionalTruth","floor":1},{"not_picked":["HeartExcerptSlash","SlashOfDepartureFromHesitation"],"picked":"SuddenPhantomFormationSlashOfKarmicWind","floor":6},{"not_picked":["ConstancyOfTheConventionalTruth+1","FiveSignsOfTheDyingDeva","SanzenSekai"],"picked":"SKIP","floor":7},{"not_picked":["SwordExtraction+1","DispleasureOfTheSevenHakus+1"],"picked":"KarmicPunishmentOfTheIdleAndUnfocused+1","floor":11},{"not_picked":["PhosphoricSlash","SwordExtraction+1","SlashClearingTheSixSenses"],"picked":"SKIP","floor":12},{"not_picked":["TwoHundredYojanaInOneSlash","LowerRealmReflectionSlash","ConstancyOfTheConventionalTruth+1"],"picked":"SKIP","floor":14}],"player_experience":16183,"relics_obtained":[{"floor":4,"key":"Toxic Egg 2"},{"floor":5,"key":"Centennial Puzzle"},{"floor":5,"key":"Replay:Ringing Soul"},{"floor":5,"key":"LagranYue:RareGoldArmorRelic"},{"floor":6,"key":"reliquary:Boomerang"},{"floor":9,"key":"Pantograph"}],"event_choices":[{"damage_healed":0,"gold_gain":175,"player_choice":"AGREE","damage_taken":0,"max_hp_gain":0,"max_hp_loss":0,"event_name":"Liars Game","floor":3,"gold_loss":0,"cards_obtained":["Doubt"]}],"is_beta":false,"boss_relics":[],"items_purged_floors":[],"is_endless":false,"potions_floor_spawned":[1,7,11],"killed_by":"Fading Forest","ascension_level":0}}