{"host":"clf2hd4adhiiw0zf","time":1613453823,"event":{"mods":["AchievementEnabler","BaseMod","Beaked The Cultist","Bestiary","Dark Map","Downfall","Gremlin Mod","Hermit","Jorbs\u0027s Wanderer Trilogy","Marisa????????","Minty Spire (QoL Compilation)","Shop Mod","StSLib","The Cursed","Wide Potions"],"gold_per_floor":[99,114,114,114,114,133,159,173,205,105,133,133,148,166,185,262,262,262,274,288,288,307,317,342,342,342,342,342],"floor_reached":26,"language":"ENG","playtime":707,"items_purged":[],"score":540,"play_id":"7af8c083-fdf5-4750-8c09-c59ef91c4c22","local_time":"20210215223703","is_ascension_mode":true,"campfire_choices":[{"floor":1,"key":"RECALL"},{"floor":10,"key":"REST"},{"floor":18,"key":"REST"}],"circlet_count":0,"master_deck":["AscendersBane","champ:Execute","champ:Taunt","champ:FaceSlap","champ:Shatter","champ:BladeFlurry","champ:Encircle","champ:MurderStrike","champ:MurderStrike","champ:Haymaker","champ:CalledShot","champ:BringItOn","champ:IgnorePain","champ:AdrenalArmor","champ:EnGarde","champ:Devastate","champ:EnGarde","champ:ShieldSigil","champ:DefensiveShout","champ:Shatter","champ:UltimateStance","champ:Backstep","champ:GladiatorStyle","champ:RisingSlash","champ:FanOfKnives","Pride"],"relics":["Fusion Hammer","Regal Pillow","Blood Vial","Peace Pipe","downfall:HeartBlessingRed","bronze:BronzeIdol","Pandora\u0027s Box","Du-Vu Doll"],"acts_visited":["Exordium","TheCity"],"potions_floor_usage":[9,11,16,19],"damage_taken":[{"damage":3,"enemies":"2 Louse","floor":2,"turns":3},{"damage":19,"enemies":"Small Slimes","floor":6,"turns":4},{"damage":15,"enemies":"Cultist","floor":8,"turns":4},{"damage":0,"enemies":"3 Sentries","floor":9,"turns":1},{"damage":5,"enemies":"Lagavulin","floor":11,"turns":4},{"damage":25,"enemies":"Large Slime","floor":13,"turns":4},{"damage":26,"enemies":"Lots of Slimes","floor":14,"turns":4},{"damage":1,"enemies":"Blue Slaver","floor":15,"turns":3},{"damage":99,"enemies":"SI_SHIV_ARCHETYPE","floor":16,"turns":9},{"damage":17,"enemies":"Shell Parasite","floor":19,"turns":3},{"damage":21,"enemies":"3 Byrds","floor":20,"turns":4},{"damage":42,"enemies":"Snake Plant","floor":22,"turns":5},{"damage":25,"enemies":"Snecko","floor":23,"turns":4},{"damage":39,"enemies":"Slavers","floor":26,"turns":3}],"seed_played":"6271982223134876123","potions_obtained":[{"floor":6,"key":"SkillPotion"},{"floor":8,"key":"SmokeBomb"},{"floor":9,"key":"CultistPotion"},{"floor":14,"key":"Explosive Potion"},{"floor":16,"key":"DistilledChaos"}],"is_trial":false,"path_per_floor":["R","M","?","?","?","M","T","M","E","R","E","?","M","M","M","B",null,"R","M","M","?","M","M","T","?","E"],"character_chosen":"THE_CHAMP","items_purchased":[],"campfire_rested":2,"item_purchase_floors":[],"current_hp_per_floor":[73,70,59,64,59,55,55,57,59,86,86,86,76,67,68,6,66,86,79,80,75,45,32,32,32,0,0,0],"gold":342,"neow_bonus":"BOSS_RELIC","is_daily":false,"chose_seed":false,"campfire_upgraded":0,"win_rate":0.0,"timestamp":1613453823,"path_taken":["R","M","?","?","?","?","T","M","E","R","E","?","?","M","M","BOSS","R","M","?","?","M","?","T","?","E"],"items_purchased_type":[],"build_version":"2020-12-22","purchased_purges":0,"victory":false,"max_hp_per_floor":[81,81,81,86,86,86,86,86,86,86,86,86,86,86,86,86,86,86,86,86,86,86,86,86,86,86,86,86],"card_choices":[{"not_picked":["champ:TornadoPunch","champ:BladeFlurry"],"picked":"champ:FaceSlap","floor":2},{"not_picked":["champ:FanOfKnives","champ:SetATrap"],"picked":"champ:Shatter","floor":6},{"not_picked":["champ:Encircle","champ:Shatter"],"picked":"champ:BladeFlurry","floor":8},{"not_picked":["champ:BerserkersShout","champ:PreemptiveStrike"],"picked":"champ:Encircle","floor":9},{"not_picked":["champ:FlashCut","champ:TornadoPunch"],"picked":"champ:MurderStrike","floor":11},{"not_picked":["champ:EnragedBash","champ:FocusedBerserking"],"picked":"champ:Haymaker","floor":13},{"not_picked":["champ:BerserkersShout","champ:Backstep"],"picked":"champ:CalledShot","floor":14},{"not_picked":["champ:RageSigil","champ:ShieldSigil"],"picked":"champ:BringItOn","floor":15},{"not_picked":["champ:UltimateStance","champ:MurderStrike"],"picked":"champ:IgnorePain","floor":16},{"not_picked":["champ:ViciousMockery","champ:GutPunch"],"picked":"champ:Backstep","floor":19},{"not_picked":["champ:PreciseThrust","champ:EnGarde+1"],"picked":"champ:GladiatorStyle","floor":20},{"not_picked":["champ:HeartStrike","champ:AdrenalArmor"],"picked":"champ:RisingSlash","floor":22},{"not_picked":["champ:EnragedBash","champ:BerserkersShout"],"picked":"champ:FanOfKnives","floor":23}],"player_experience":327193,"relics_obtained":[{"floor":7,"key":"Blood Vial"},{"floor":9,"key":"Peace Pipe"},{"floor":11,"key":"bronze:BronzeIdol"}],"event_choices":[{"damage_healed":0,"gold_gain":0,"player_choice":"Success","damage_taken":11,"relics_obtained":["Regal Pillow"],"max_hp_gain":0,"max_hp_loss":0,"event_name":"Scrap Ooze","floor":3,"gold_loss":0},{"damage_healed":0,"gold_gain":0,"player_choice":"Donut","damage_taken":0,"max_hp_gain":5,"max_hp_loss":0,"event_name":"Big Fish","floor":4,"gold_loss":0},{"damage_healed":0,"gold_gain":0,"player_choice":"Stole Relic","damage_taken":0,"relics_obtained":["Du-Vu Doll"],"max_hp_gain":0,"max_hp_loss":0,"event_name":"Addict","floor":25,"gold_loss":0,"cards_obtained":["Pride"]}],"is_beta":false,"boss_relics":[{"not_picked":["Snecko Eye","bronze:MakeshiftBattery"],"picked":"Pandora\u0027s Box"}],"items_purged_floors":[],"is_endless":false,"potions_floor_spawned":[6,8,9,14,16],"killed_by":"Slavers","ascension_level":20}}