{"host":"jq8d8epkoknfq6em","time":1613482877,"event":{"mods":["AchievementEnabler","BaseMod","Colored Map","Colored Powertips","Highlight Path","Minty Spire (QoL Compilation)","Quick Restart","Relic Stats","StSLib"],"gold_per_floor":[116,116,7,33,50,50,68,96,96,113,148,48,48,48,48,127,127,147,147,165,182,197,197,229,242,268,268,281,281,300,320,320,395,395,410,423,221,238,287,287,287,287],"floor_reached":41,"language":"ENG","playtime":4352,"items_purged":["Shame","Bash"],"score":769,"play_id":"9211fb4e-85f3-4633-83fc-900beb939fdb","local_time":"20210216144117","is_ascension_mode":true,"campfire_choices":[{"data":"Uppercut","floor":6.0,"key":"SMITH"},{"data":"Rupture","floor":13.0,"key":"SMITH"},{"data":"Fiend Fire","floor":15.0,"key":"SMITH"},{"data":"Brutality","floor":23.0,"key":"SMITH"},{"data":"Shockwave","floor":27.0,"key":"SMITH"},{"data":"Rage","floor":29.0,"key":"SMITH"},{"data":"Bloodletting","floor":32.0,"key":"SMITH"},{"floor":40,"key":"REST"}],"circlet_count":0,"master_deck":["AscendersBane","Strike_R","Strike_R","Strike_R","Defend_R","Defend_R","Entrench+1","Uppercut+1","Bloodletting+1","Inflame","Shockwave+1","Battle Trance","Rupture+1","Fiend Fire+1","Brutality+1","Rage+1","Feel No Pain","Reaper","Shrug It Off","Impervious","Barricade","Combust+1","Dual Wield+1","Blood for Blood"],"relics":["Black Blood","Bag of Preparation","Omamori","Singing Bowl","MealTicket","Question Card","Nunchaku","SacredBark","Orrery","CaptainsWheel"],"acts_visited":["Exordium","TheCity","TheBeyond"],"potions_floor_usage":[38],"damage_taken":[{"damage":3.0,"enemies":"2 Louse","floor":1.0,"turns":3.0},{"damage":11.0,"enemies":"Cultist","floor":5.0,"turns":4.0},{"damage":6.0,"enemies":"Small Slimes","floor":7.0,"turns":3.0},{"damage":35.0,"enemies":"3 Sentries","floor":8.0,"turns":7.0},{"damage":11.0,"enemies":"Exordium Wildlife","floor":10.0,"turns":4.0},{"damage":26.0,"enemies":"Lagavulin","floor":11.0,"turns":7.0},{"damage":22.0,"enemies":"Slime Boss","floor":16.0,"turns":7.0},{"damage":28.0,"enemies":"3 Byrds","floor":18.0,"turns":7.0},{"damage":15.0,"enemies":"2 Thieves","floor":20.0,"turns":2.0},{"damage":14.0,"enemies":"Centurion and Healer","floor":21.0,"turns":5.0},{"damage":19.0,"enemies":"Chosen and Byrds","floor":22.0,"turns":6.0},{"damage":23.0,"enemies":"Gremlin Leader","floor":24.0,"turns":4.0},{"damage":30.0,"enemies":"Shelled Parasite and Fungi","floor":25.0,"turns":4.0},{"damage":28.0,"enemies":"Sentry and Sphere","floor":28.0,"turns":5.0},{"damage":14.0,"enemies":"Centurion and Healer","floor":30.0,"turns":6.0},{"damage":6.0,"enemies":"Snake Plant","floor":31.0,"turns":4.0},{"damage":68.0,"enemies":"Collector","floor":33.0,"turns":9.0},{"damage":19,"enemies":"Orb Walker","floor":35,"turns":4},{"damage":20,"enemies":"3 Shapes","floor":36,"turns":7},{"damage":26,"enemies":"3 Darklings","floor":38,"turns":6},{"damage":90,"enemies":"2 Orb Walkers","floor":39,"turns":8},{"damage":68,"enemies":"Reptomancer","floor":41,"turns":5}],"seed_played":"9067845028919476639","potions_obtained":[{"floor":1.0,"key":"Strength Potion"},{"floor":8.0,"key":"Weak Potion"},{"floor":10.0,"key":"ElixirPotion"},{"floor":11.0,"key":"FearPotion"},{"floor":18.0,"key":"AttackPotion"},{"floor":21.0,"key":"FearPotion"},{"floor":24.0,"key":"Swift Potion"},{"floor":25.0,"key":"FairyPotion"},{"floor":36,"key":"SneckoOil"},{"floor":39,"key":"CultistPotion"}],"is_trial":false,"path_per_floor":["M","?","$","T","M","R","M","E","T","M","E","$","R","?","R","B",null,"M","?","M","M","M","R","E","M","T","R","M","R","M","M","R","B",null,"M","M","$","M","?","R","E"],"character_chosen":"IRONCLAD","items_purchased":["Inflame","Block Potion","Orrery"],"campfire_rested":1,"item_purchase_floors":[3,37,37],"current_hp_per_floor":[71,71,71,71,66,66,66,37,37,32,14,29,29,29,29,13,61,47,47,46,44,37,37,26,22,22,22,44,44,82,85,85,79,84,79,89,95,95,19,48,0,0],"gold":287,"neow_bonus":"TRANSFORM_TWO_CARDS","is_daily":false,"chose_seed":false,"campfire_upgraded":7,"win_rate":0.0,"timestamp":1613482877,"path_taken":["M","?","$","?","M","R","M","E","T","M","E","$","R","?","R","BOSS","M","?","M","M","M","R","E","M","T","R","?","R","M","M","R","BOSS","M","M","$","M","?","R","E"],"items_purchased_type":["Card","Potion","Relic"],"build_version":"2020-12-22","purchased_purges":2,"victory":false,"max_hp_per_floor":[75,75,75,75,75,75,75,75,75,75,77,77,77,77,77,77,77,79,79,81,81,81,81,81,83,83,83,83,83,83,85,85,85,85,87,89,95,95,97,97,97,97],"relic_stats":{"Nunchaku":[6],"Singing Bowl":22,"counters":[22,117],"Black Blood":191,"MealTicket":15,"Bag of Preparation":[42],"Question Card":14,"obtain_stats":[{"Nunchaku":26,"CaptainsWheel":39,"Singing Bowl":9,"SacredBark":34,"Black Blood":17,"Orrery":37,"MealTicket":11,"Bag of Preparation":4,"Omamori":8,"Question Card":24,"Burning Blood":0},{"Nunchaku":13,"CaptainsWheel":21,"Singing Bowl":4,"SacredBark":17,"Black Blood":7,"Orrery":19,"MealTicket":6,"Bag of Preparation":1,"Omamori":4,"Question Card":12,"Burning Blood":0},{"Nunchaku":63,"CaptainsWheel":112,"Singing Bowl":17,"SacredBark":87,"Black Blood":35,"Orrery":98,"MealTicket":28,"Bag of Preparation":3,"Omamori":17,"Question Card":59,"Burning Blood":0}]},"card_choices":[{"not_picked":["Pommel Strike","Feel No Pain"],"picked":"Bloodletting","floor":1.0},{"not_picked":["Clothesline","Thunderclap"],"picked":"Shockwave","floor":5.0},{"not_picked":["Clash","Clothesline","Havoc"],"picked":"SKIP","floor":7.0},{"not_picked":["Heavy Blade","Evolve"],"picked":"Battle Trance","floor":8.0},{"not_picked":["Warcry","Clash"],"picked":"Rupture","floor":10.0},{"not_picked":["Cleave","Infernal Blade","Double Tap"],"picked":"Singing Bowl","floor":11.0},{"not_picked":["Feed","Demon Form"],"picked":"Brutality","floor":16.0},{"not_picked":["Dual Wield","Evolve","Headbutt"],"picked":"Singing Bowl","floor":18.0},{"not_picked":["Carnage","Headbutt","Evolve"],"picked":"Singing Bowl","floor":20.0},{"not_picked":["Body Slam","Seeing Red"],"picked":"Rage","floor":21.0},{"not_picked":["Perfected Strike","Entrench"],"picked":"Feel No Pain","floor":22.0},{"not_picked":["Shrug It Off","True Grit"],"picked":"Reaper","floor":24.0},{"not_picked":["Spot Weakness+1","Reckless Charge","Thunderclap","Infernal Blade"],"picked":"Singing Bowl","floor":25.0},{"not_picked":["Twin Strike","Body Slam","Flex"],"picked":"Shrug It Off","floor":28.0},{"not_picked":["Spot Weakness","Rage","Searing Blow"],"picked":"Impervious","floor":30.0},{"not_picked":["Wild Strike","Burning Pact","Fire Breathing","Infernal Blade"],"picked":"Singing Bowl","floor":31.0},{"not_picked":["Offering","Impervious","Berserk"],"picked":"Barricade","floor":33.0},{"not_picked":["Dark Embrace","Flex","Cleave","Reckless Charge"],"picked":"Singing Bowl","floor":35},{"not_picked":["Sever Soul+1","Cleave","Metallicize","Clothesline"],"picked":"Singing Bowl","floor":36},{"not_picked":["Juggernaut","Flex+1","Headbutt","Body Slam"],"picked":"Singing Bowl","floor":37},{"not_picked":["Shockwave","Searing Blow","Inflame","Uppercut"],"picked":"Singing Bowl","floor":37},{"not_picked":["Wild Strike+1","Demon Form","Entrench"],"picked":"Combust+1","floor":37},{"not_picked":["Havoc","Body Slam","Blood for Blood"],"picked":"Dual Wield+1","floor":37},{"not_picked":["Perfected Strike","Clash+1","Heavy Blade","Iron Wave"],"picked":"Singing Bowl","floor":37},{"not_picked":["Heavy Blade","Cleave","Juggernaut"],"picked":"Blood for Blood","floor":38},{"not_picked":["Twin Strike","Flex","Inflame","Shockwave"],"picked":"Singing Bowl","floor":39}],"player_experience":1030233,"relics_obtained":[{"floor":4.0,"key":"Bag of Preparation"},{"floor":8.0,"key":"Omamori"},{"floor":9.0,"key":"Singing Bowl"},{"floor":11.0,"key":"MealTicket"},{"floor":24.0,"key":"Question Card"},{"floor":26.0,"key":"Nunchaku"},{"floor":39,"key":"CaptainsWheel"}],"event_choices":[{"damage_healed":0.0,"max_hp_gain":0.0,"max_hp_loss":0.0,"gold_gain":0.0,"event_name":"Upgrade Shrine","player_choice":"Upgraded","floor":2.0,"gold_loss":0.0,"damage_taken":0.0,"cards_upgraded":["Entrench"]},{"damage_healed":0.0,"max_hp_gain":0.0,"max_hp_loss":0.0,"gold_gain":0.0,"cards_transformed":["Strike_R"],"event_name":"Living Wall","player_choice":"Change","floor":14.0,"gold_loss":0.0,"damage_taken":0.0,"cards_obtained":["Fiend Fire"]},{"cards_removed":["Defend_R"],"damage_healed":0.0,"max_hp_gain":0.0,"max_hp_loss":0.0,"gold_gain":0.0,"event_name":"Purifier","player_choice":"Purged","floor":19.0,"gold_loss":0.0,"damage_taken":0.0},{"damage_healed":0,"gold_gain":0,"player_choice":"Fight","damage_taken":0,"max_hp_gain":0,"max_hp_loss":0,"event_name":"Mysterious Sphere","floor":39,"gold_loss":0}],"is_beta":false,"boss_relics":[{"not_picked":["Runic Cube","Runic Dome"],"picked":"Black Blood"},{"not_picked":["Pandora\u0027s Box","Snecko Eye"],"picked":"SacredBark"}],"items_purged_floors":[3,12],"is_endless":false,"potions_floor_spawned":[1,8,10,11,18,21,24,25,36,39],"killed_by":"Reptomancer","ascension_level":15}}