{"host":"Cenci","time":1613479299,"event":{"mods":["BaseMod","Bestiary","Downfall","Highlight Path","Minty Spire (QoL Compilation)","StSLib"],"gold_per_floor":[99,119,134,134,309,343,343,343,343,343],"floor_reached":8,"language":"ENG","playtime":302,"items_purged":[],"score":70,"play_id":"807c3f8f-6820-4d24-97bc-e0d2e2d6490a","local_time":"20210216134139","is_ascension_mode":true,"campfire_choices":[{"data":"Slimebound:Recycling","floor":1,"key":"SMITH"}],"circlet_count":0,"master_deck":["Slimebound:Strike_Slimebound","Slimebound:Strike_Slimebound","Slimebound:Strike_Slimebound","Slimebound:Tackle","Slimebound:Defend_Slimebound","Slimebound:Defend_Slimebound","Slimebound:Defend_Slimebound","Slimebound:Defend_Slimebound","Slimebound:Split","Slimebound:CorrosiveSpit","Slimebound:Recycling+1","Slimebound:LeechEnergy","Slimebound:HauntingLick","Doubt"],"relics":["Slimebound:AbsorbEndCombat","Bag of Marbles","Toy Ornithopter","Slimebound:PreparedRelic"],"acts_visited":["Exordium"],"potions_floor_usage":[6],"damage_taken":[{"damage":17,"enemies":"2 Louse","floor":2,"turns":3},{"damage":14,"enemies":"Small Slimes","floor":3,"turns":3},{"damage":19,"enemies":"Gremlin Nob","floor":6,"turns":4},{"damage":36,"enemies":"3 Sentries","floor":8,"turns":4}],"seed_played":"-6415244418093540598","potions_obtained":[{"floor":3,"key":"Block Potion"}],"is_trial":false,"path_per_floor":["R","M","M","?","?","E","T","E"],"character_chosen":"SLIMEBOUND","items_purchased":[],"campfire_rested":0,"item_purchase_floors":[],"current_hp_per_floor":[59,46,38,35,35,24,24,0,0,0],"gold":343,"neow_bonus":"ONE_RANDOM_RARE_CARD","is_daily":false,"chose_seed":false,"campfire_upgraded":1,"win_rate":0.0,"timestamp":1613479299,"path_taken":["R","M","M","?","?","E","T","E"],"items_purchased_type":[],"build_version":"2020-11-17","purchased_purges":0,"victory":false,"max_hp_per_floor":[65,65,65,65,65,65,65,65,65,65],"card_choices":[{"not_picked":["Slimebound:SplitMire","Slimebound:SlimeSpikes"],"picked":"Slimebound:LeechEnergy","floor":2},{"not_picked":["Slimebound:Gluttony","Slimebound:GoopTackle"],"picked":"Slimebound:HauntingLick","floor":3},{"not_picked":["Slimebound:MassRepurpose","Slimebound:GrowthPunch","Slimebound:Gluttony"],"picked":"SKIP","floor":6}],"player_experience":344073,"relics_obtained":[{"floor":6,"key":"Toy Ornithopter"},{"floor":7,"key":"Slimebound:PreparedRelic"}],"event_choices":[{"damage_healed":0,"gold_gain":0,"player_choice":"Success","damage_taken":3,"relics_obtained":["Bag of Marbles"],"max_hp_gain":0,"max_hp_loss":0,"event_name":"Scrap Ooze","floor":4,"gold_loss":0}],"is_beta":true,"boss_relics":[],"items_purged_floors":[],"is_endless":false,"potions_floor_spawned":[3],"killed_by":"3 Sentries","ascension_level":6}}