{"host":"1t0llcfp0lo7rmr4","time":1613485285,"event":{"mods":["AchievementEnabler","Aspiration","BaseMod","Beaked The Cultist","Better Note","Block Reminder","Colored Powertips","GifTheSpireLib","Hermit","Hubris","Jorbs\u0027s Wanderer Trilogy","Minty Spire (QoL Compilation)","Permanent Neow","Potionbrewer","Quick Restart","Relic Filter","Replay The Spire","StSLib","SuperFastMode","The Bladedancer","The Bug Knight","The Cursed","The Death Knight","The Druid","The Elementalist","The Exalted","The Forsaken","The Judge","The Poker Player","The Runesmith"],"gold_per_floor":[112,125,125,125,105,105,124,134,187,197,227,273,311,342,354,465,477,509,521,29,29,41,41,75,174,199,56,73,73,73,90,90,90,90],"floor_reached":33,"language":"ENG","playtime":1540,"items_purged":[],"score":289,"play_id":"7063d038-a417-417b-bbcd-8117d0c95db3","local_time":"20210217012125","is_ascension_mode":true,"campfire_choices":[{"floor":6.0,"key":"RECALL"},{"floor":15.0,"key":"REST"},{"data":"DeathKnight:UnholyAssault","floor":23.0,"key":"SMITH"},{"floor":29.0,"key":"REST"},{"floor":32,"key":"REST"}],"circlet_count":0,"master_deck":["DeathKnight:Strike_DeathKnight+1","DeathKnight:Strike_DeathKnight+1","DeathKnight:Strike_DeathKnight+1","DeathKnight:Strike_DeathKnight+1","DeathKnight:Defend_DeathKnight+1","DeathKnight:Defend_DeathKnight+1","DeathKnight:Defend_DeathKnight+1","DeathKnight:Defend_DeathKnight+1","DeathKnight:RuneTap","DeathKnight:RuneStrike","DeathKnight:ThirstingStrike+1","DeathKnight:Hysteria+1","DeathKnight:GargoyleSkin","DeathKnight:UnholyAssault+1","DeathKnight:MarkOfBlood","DeathKnight:MarkOfBlood","beaked:Insight","DeathKnight:BloodBoil"],"relics":["DeathKnight:BrokenRuneblade","hubris:Icosahedron","Smiling Mask","MawBank","Replay:Wax Seal","aspiration:BeakedSkillbook","DeathKnight:SindragosasSkull","beaked:ShinyBauble","aspiration:ChemicalBlood","DeathKnight:JainasLocket","Membership Card","aspiration:RitualStick"],"acts_visited":["Exordium","TheCity"],"potions_floor_usage":[31,33],"damage_taken":[{"damage":1.0,"enemies":"Jaw Worm","floor":1.0,"turns":4.0},{"damage":1.0,"enemies":"Cultist","floor":2.0,"turns":4.0},{"damage":7.0,"enemies":"2 Louse","floor":7.0,"turns":2.0},{"damage":38.0,"enemies":"Exordium Thugs","floor":8.0,"turns":5.0},{"damage":2.0,"enemies":"Blue Slaver","floor":10.0,"turns":3.0},{"damage":5.0,"enemies":"HollowMod:MossKnight","floor":11.0,"turns":11.0},{"damage":6.0,"enemies":"Replay:BlueRogue","floor":13.0,"turns":6.0},{"damage":2.0,"enemies":"Looter","floor":14.0,"turns":4.0},{"damage":43.0,"enemies":"Slime Boss","floor":16.0,"turns":9.0},{"damage":8.0,"enemies":"Chosen","floor":18.0,"turns":6.0},{"damage":19.0,"enemies":"3 Byrds","floor":22.0,"turns":6.0},{"damage":40.0,"enemies":"Slavers","floor":24.0,"turns":9.0},{"damage":22.0,"enemies":"Cultist and Chosen","floor":28.0,"turns":8.0},{"damage":11,"enemies":"Shelled Parasite and Fungi","floor":31,"turns":6},{"damage":41,"enemies":"Collector","floor":33,"turns":3}],"seed_played":"-6861400287911619611","potions_obtained":[{"floor":1.0,"key":"FairyPotion"},{"floor":5.0,"key":"potionbrewer:ToxicPotion"},{"floor":7.0,"key":"SneckoOil"},{"floor":8.0,"key":"potionbrewer:BarricadePotion"},{"floor":12.0,"key":"Regen Potion"},{"floor":13.0,"key":"DeathKnight:RimePotion"},{"floor":16.0,"key":"FearPotion"},{"floor":18.0,"key":"SkillPotion"},{"floor":24.0,"key":"potionbrewer:ToxicPotion"}],"is_trial":false,"path_per_floor":["M","M","?","?","?","R","M","M","T","M","E","?","E","M","R","B",null,"M","?","$","?","M","R","E","?","T","$","M","R","?","M","R","B"],"character_chosen":"DEATH_KNIGHT","items_purchased":["DeathKnight:SindragosasSkull","beaked:ShinyBauble","Membership Card"],"campfire_rested":3,"item_purchase_floors":[20,20,27],"current_hp_per_floor":[67,66,52,52,52,52,45,7,7,5,20,20,29,27,47,4,68,68,68,68,68,55,55,34,34,34,34,12,32,18,7,27,0,0],"gold":90,"neow_bonus":"REMOVE_TWO","is_daily":false,"chose_seed":false,"campfire_upgraded":1,"win_rate":0.0,"timestamp":1613485285,"path_taken":["M","M","?","?","?","R","?","M","T","M","E","?","E","M","R","BOSS","M","?","?","?","?","R","E","?","T","$","M","R","?","M","R","BOSS"],"items_purchased_type":["Relic","Relic","Relic"],"build_version":"2020-12-22","purchased_purges":0,"victory":false,"max_hp_per_floor":[68,68,68,68,68,68,68,68,68,68,68,68,68,68,68,68,68,68,68,68,68,68,68,68,68,68,68,68,68,68,68,68,68,68],"card_choices":[{"not_picked":["DeathKnight:DreadStrike","DeathKnight:FoulBulwark"],"picked":"DeathKnight:ThirstingStrike","floor":1.0},{"not_picked":["DeathKnight:ShatteringStrikes","DeathKnight:BoneShield","DeathKnight:ChainsOfIce"],"picked":"SKIP","floor":2.0},{"not_picked":["DeathKnight:RunicCorruption","DeathKnight:BoneSpear","DeathKnight:RuneShock"],"picked":"SKIP","floor":7.0},{"not_picked":["DeathKnight:ChainsOfIce","DeathKnight:HartStrike"],"picked":"DeathKnight:Hysteria","floor":8.0},{"not_picked":["DeathKnight:PathOfFrost","DeathKnight:UnholyPresence"],"picked":"DeathKnight:GargoyleSkin","floor":10.0},{"not_picked":["DeathKnight:Runeguard","DeathKnight:RaiseAlly"],"picked":"DeathKnight:UnholyAssault","floor":11.0},{"not_picked":["DeathKnight:RaiseAlly","DeathKnight:Pestilence"],"picked":"DeathKnight:MarkOfBlood","floor":12.0},{"not_picked":["DeathKnight:Marrowrend","DeathKnight:PathOfFrost","DeathKnight:BladedArmor"],"picked":"SKIP","floor":13.0},{"not_picked":["DeathKnight:ScourgeStrike","DeathKnight:Hysteria","DeathKnight:DreadStrike"],"picked":"SKIP","floor":14.0},{"not_picked":["DeathKnight:Razorice","DeathKnight:Defile"],"picked":"DeathKnight:MarkOfBlood","floor":16.0},{"not_picked":["beaked:MimicMachine","beaked:RitualOfBody","beaked:MimicWarrior","beaked:BraceForImpact"],"picked":"SKIP","floor":18.0},{"not_picked":["beaked:HuntressEssence","beaked:DigDeep","beaked:StickSmack","beaked:Brace+1"],"picked":"SKIP","floor":22.0},{"not_picked":["DeathKnight:ArmyOfTheDead","DeathKnight:Runeguard","beaked:StickSmack","beaked:Insight"],"picked":"SKIP","floor":24.0},{"not_picked":["DeathKnight:ArmyOfTheDead","DeathKnight:Runeguard","beaked:StickSmack"],"picked":"beaked:Insight","floor":24.0},{"not_picked":["beaked:Windmill","DeathKnight:UnholyPresence","beaked:Insight+1","DeathKnight:BludPresence"],"picked":"SKIP","floor":28.0},{"not_picked":["DeathKnight:MarkOfBlood","DeathKnight:BladedArmor","DeathKnight:UnholyAssault+1"],"picked":"DeathKnight:BloodBoil","floor":31}],"player_experience":871411,"relics_obtained":[{"floor":11.0,"key":"Smiling Mask"},{"floor":12.0,"key":"MawBank"},{"floor":13.0,"key":"Replay:Wax Seal"},{"floor":24.0,"key":"aspiration:ChemicalBlood"},{"floor":26.0,"key":"DeathKnight:JainasLocket"}],"event_choices":[{"damage_healed":0.0,"max_hp_gain":0.0,"max_hp_loss":0.0,"gold_gain":0.0,"event_name":"Shining Light","player_choice":"Entered Light","floor":3.0,"gold_loss":0.0,"damage_taken":14.0,"cards_upgraded":["DeathKnight:Strike_DeathKnight","DeathKnight:ThirstingStrike"]},{"damage_healed":0.0,"max_hp_gain":0.0,"max_hp_loss":0.0,"gold_gain":0.0,"event_name":"The Woman in Blue","player_choice":"Bought 1 Potion","floor":5.0,"gold_loss":0.0,"damage_taken":0.0},{"damage_healed":0.0,"max_hp_gain":0.0,"max_hp_loss":0.0,"gold_gain":0.0,"event_name":"Upgrade Shrine","player_choice":"Upgraded","floor":19.0,"gold_loss":0.0,"damage_taken":0.0,"cards_upgraded":["DeathKnight:Hysteria"]},{"damage_healed":0.0,"max_hp_gain":0.0,"max_hp_loss":0.0,"gold_gain":0.0,"event_name":"Back to Basics","player_choice":"Simplicity","floor":21.0,"gold_loss":0.0,"damage_taken":0.0,"cards_upgraded":["DeathKnight:Strike_DeathKnight","DeathKnight:Strike_DeathKnight","DeathKnight:Strike_DeathKnight","DeathKnight:Defend_DeathKnight","DeathKnight:Defend_DeathKnight","DeathKnight:Defend_DeathKnight","DeathKnight:Defend_DeathKnight"]},{"damage_healed":0.0,"max_hp_gain":0.0,"max_hp_loss":0.0,"gold_gain":99.0,"event_name":"Nest","player_choice":"Stole From Cult","floor":25.0,"gold_loss":0.0,"damage_taken":0.0}],"is_beta":false,"boss_relics":[{"not_picked":["Philosopher\u0027s Stone","hubris:RunicObelisk"],"picked":"aspiration:BeakedSkillbook"}],"items_purged_floors":[],"is_endless":false,"potions_floor_spawned":[1,7,8,13,16,18,24],"killed_by":"Collector","ascension_level":1}}