{"host":"4aszh1v8x6uog22d","time":1613485286,"event":{"mods":["AchievementEnabler","Act Like it!","Aspiration","BaseMod","Colored Powertips","Conspire","Downfall","Gensokyo","GungeonMod","Hallownest","Marisa£®ÏF”Í°°ƒß¿Ì…≥£©","Minty Spire (QoL Compilation)","Pale of the Ancients","Quick Restart","Random Character Button","Replay The Spire","StSLib","The Jungle"],"gold_per_floor":[197,197,300,300,300],"floor_reached":6,"language":"ZHS","playtime":137,"items_purged":[],"score":182,"play_id":"10a8a4b3-5e48-45fc-8b4f-08febce8806d","local_time":"20210216222126","is_ascension_mode":true,"campfire_choices":[],"circlet_count":0,"master_deck":["hexamod:Strike","hexamod:Strike","hexamod:Strike","hexamod:Strike","hexamod:Defend","hexamod:Defend","hexamod:Defend","hexamod:Defend","hexamod:Sear","hexamod:Float","hexamod:TimeWarp","hexamod:TimeOfNeed"],"relics":["hexamod:SpiritBrand","downfall:HeartsMalice","DemoMod:GlassGuonStoneRelic","Replay:Grab Bag","Busted Crown","Philosopher\u0027s Stone","conspire:RunicOctahedron","Painkiller Herb"],"acts_visited":["Exordium","TheCity","TheBeyond"],"potions_floor_usage":[],"damage_taken":[{"damage":0,"enemies":"DF_ARCHETYPE_STREAMLINE","floor":1,"turns":1},{"damage":0,"enemies":"IC_MUSHROOM_ARCHETYPE","floor":3,"turns":1},{"damage":0,"enemies":"SI_POISON_ARCHETYPE","floor":5,"turns":1}],"seed_played":"768517608869464422","potions_obtained":[{"floor":1,"key":"Weak Potion"},{"floor":3,"key":"EssenceOfSteel"}],"is_trial":false,"path_per_floor":["B",null,"B",null,"B",null],"character_chosen":"THE_SPIRIT","items_purchased":[],"campfire_rested":0,"item_purchase_floors":[],"current_hp_per_floor":[70,70,70,70,70],"gold":300,"neow_bonus":"THREE_ENEMY_KILL","is_daily":false,"chose_seed":false,"campfire_upgraded":0,"win_rate":0.0,"timestamp":1613485286,"path_taken":["BOSS","BOSS","BOSS"],"items_purchased_type":[],"build_version":"2020-12-22","purchased_purges":0,"victory":true,"max_hp_per_floor":[70,70,70,70,70],"card_choices":[{"not_picked":["hexamod:UnlimitedPower","hexamod:GhostflameInferno"],"picked":"hexamod:TimeWarp","floor":1},{"not_picked":[],"picked":"hexamod:TimeOfNeed","floor":3}],"player_experience":471169,"relics_obtained":[],"event_choices":[],"is_beta":false,"boss_relics":[{"not_picked":["aspiration:SecretTechniqueScroll","Replay:Wanted Poster"],"picked":"Replay:Grab Bag"},{"not_picked":["SlaversCollar","Fusion Hammer"],"picked":"Busted Crown"},{"not_picked":["Velvet Choker","Sozu"],"picked":"Philosopher\u0027s Stone"},{"not_picked":["Honey Jar","Pandora\u0027s Box"],"picked":"conspire:RunicOctahedron"},{"not_picked":["SacredBark","Replay:Fungal Core"],"picked":"Painkiller Herb"}],"items_purged_floors":[],"is_endless":false,"potions_floor_spawned":[1,3],"ascension_level":1}}