{"host":"61r95uy0hn86b9iu","time":1613452127,"event":{"mods":["AchievementEnabler","BaseMod","Better Vampires","BetterRewards","Colored Powertips","Hubris","Minty Spire (QoL Compilation)","Shop Mod","StSLib"],"gold_per_floor":[123,79,79,363,392,392,392,410,434,40,40,68,91,117,117,230,230,258,267,281,307,333,352,12,39,39,39,138,138,23,45,45,155,155,176,176,176,176,193,193,228,238,238,39,39,39,48,65,65,65],"floor_reached":51,"language":"ENG","playtime":4622,"items_purged":["Regret"],"score":869,"play_id":"b0b5f643-737f-4ede-8027-f5c6e4b37aa1","local_time":"20210215230847","is_ascension_mode":false,"campfire_choices":[{"data":"Streamline","floor":6.0,"key":"SMITH"},{"data":"The Bomb","floor":11.0,"key":"SMITH"},{"floor":15.0,"key":"REST"},{"floor":27.0,"key":"REST"},{"floor":32.0,"key":"REST"},{"floor":40.0,"key":"REST"},{"data":"Fission","floor":45.0,"key":"SMITH"},{"floor":49.0,"key":"REST"}],"circlet_count":0,"master_deck":["Defend_B+1","Defend_B","Defend_B","Zap","Dualcast","Sweeping Beam","Conserve Battery","Streamline+1","The Bomb+1","White Noise","Auto Shields","Capacitor","Reboot","FTL","Electrodynamics","Self Repair","Chill","Redo+1","Defragment","Bite","Bite","Bite","Coolheaded","Capacitor","Fission+1","Static Discharge+1","Undo+1","Bandage Up"],"relics":["Cracked Core","CeramicFish","Happy Flower","Medical Kit","hubris:Stopwatch","Membership Card","MerchantsRug","Lantern","Darkstone Periapt","Blood Vial","hubris:Towel","hubris:DeckOfHolding","Art of War","MealTicket","hubris:HerbalPaste"],"acts_visited":["Exordium","TheCity","TheBeyond"],"potions_floor_usage":[50,50],"damage_taken":[{"damage":0.0,"enemies":"2 Louse","floor":1.0,"turns":2.0},{"damage":3.0,"enemies":"Small Slimes","floor":5.0,"turns":3.0},{"damage":2.0,"enemies":"Cultist","floor":8.0,"turns":3.0},{"damage":10.0,"enemies":"Exordium Thugs","floor":12.0,"turns":4.0},{"damage":4.0,"enemies":"Exordium Wildlife","floor":13.0,"turns":3.0},{"damage":6.0,"enemies":"Gremlin Gang","floor":14.0,"turns":4.0},{"damage":24.0,"enemies":"Hexaghost","floor":16.0,"turns":8.0},{"damage":25.0,"enemies":"3 Byrds","floor":18.0,"turns":4.0},{"damage":6.0,"enemies":"Shell Parasite","floor":20.0,"turns":6.0},{"damage":19.0,"enemies":"Centurion and Healer","floor":21.0,"turns":4.0},{"damage":0.0,"enemies":"Chosen and Byrds","floor":22.0,"turns":4.0},{"damage":29.0,"enemies":"Cultist and Chosen","floor":23.0,"turns":7.0},{"damage":0.0,"enemies":"Snecko","floor":29.0,"turns":2.0},{"damage":21.0,"enemies":"Centurion and Healer","floor":31.0,"turns":3.0},{"damage":3.0,"enemies":"Champ","floor":33.0,"turns":7.0},{"damage":19.0,"enemies":"3 Darklings","floor":35.0,"turns":5.0},{"damage":25.0,"enemies":"Orb Walker","floor":39.0,"turns":5.0},{"damage":0.0,"enemies":"Nemesis","floor":41.0,"turns":1.0},{"damage":6.0,"enemies":"3 Darklings","floor":42.0,"turns":3.0},{"damage":21.0,"enemies":"Jaw Worm Horde","floor":48.0,"turns":3.0},{"damage":27,"enemies":"hubris:GrandSnecko","floor":50,"turns":16}],"seed_played":"-2644472722530579395","potions_obtained":[{"floor":8.0,"key":"FearPotion"},{"floor":12.0,"key":"PowerPotion"},{"floor":14.0,"key":"Fruit Juice"},{"floor":16.0,"key":"SteroidPotion"},{"floor":20.0,"key":"EssenceOfDarkness"},{"floor":23.0,"key":"SneckoOil"},{"floor":31.0,"key":"PowerPotion"},{"floor":33.0,"key":"SmokeBomb"},{"floor":39.0,"key":"DistilledChaos"},{"floor":41.0,"key":"DuplicationPotion"}],"is_trial":false,"path_per_floor":["M","$","?","?","M","R","T","M","T","$","R","M","M","M","R","B",null,"M","?","M","M","M","M","$","?","T","R","?","M","$","M","R","B",null,"M","?","?","?","M","R","E","M","T","$","R","$","?","M","R","B",null],"character_chosen":"DEFECT","items_purchased":["CeramicFish","Conserve Battery","The Bomb","Medical Kit","Membership Card","Defragment","MerchantsRug","SmokeBomb","Lantern","Blood Vial","FocusPotion","Coolheaded","FocusPotion","CultistPotion","MealTicket","hubris:HerbalPaste"],"campfire_rested":5,"item_purchase_floors":[0,2,10,10,24,24,24,24,24,30,30,30,30,44,44,44],"current_hp_per_floor":[75,75,60,60,57,57,57,55,55,55,55,45,41,40,64,40,80,55,55,49,30,37,15,15,15,15,34,34,38,38,30,49,63,65,53,56,56,56,48,68,68,64,64,64,64,68,68,54,68,57],"gold":65,"neow_bonus":"","is_daily":false,"chose_seed":false,"campfire_upgraded":3,"win_rate":0.0,"timestamp":1613452127,"path_taken":["M","$","?","?","?","R","?","M","T","?","R","?","M","M","R","BOSS","M","?","M","?","M","M","$","?","T","R","?","M","$","M","R","BOSS","M","?","?","?","M","R","E","?","T","$","R","?","?","?","R","BOSS"],"items_purchased_type":["Relic","Card","Card","Relic","Relic","Card","Relic","Potion","Relic","Relic","Potion","Card","Potion","Potion","Relic","Relic"],"build_version":"2020-12-22","purchased_purges":1,"victory":true,"max_hp_per_floor":[75,75,75,75,75,75,75,75,75,75,75,75,75,80,80,80,80,80,80,80,80,80,80,80,65,65,65,65,65,65,65,65,65,65,65,68,68,68,68,68,68,68,68,68,68,68,68,68,68,68],"card_choices":[{"not_picked":["Go for the Eyes","Beam Cell"],"picked":"Sweeping Beam","floor":1.0},{"not_picked":["Coolheaded","BootSequence"],"picked":"Streamline","floor":5.0},{"not_picked":["Go for the Eyes","Turbo","Storm"],"picked":"SKIP","floor":8.0},{"not_picked":["Skim","Streamline"],"picked":"White Noise","floor":12.0},{"not_picked":["Cold Snap","Chaos"],"picked":"Auto Shields","floor":13.0},{"not_picked":["Barrage","Coolheaded"],"picked":"Capacitor","floor":14.0},{"not_picked":["Creative AI","Meteor Strike"],"picked":"Reboot","floor":16.0},{"not_picked":["Rebound","Ball Lightning+1"],"picked":"FTL","floor":18.0},{"not_picked":["Barrage","Conserve Battery","Hologram"],"picked":"SKIP","floor":20.0},{"not_picked":["Sweeping Beam","Redo"],"picked":"Self Repair","floor":21.0},{"not_picked":["Redo","Turbo"],"picked":"Chill","floor":22.0},{"not_picked":["Compile Driver","Tempest"],"picked":"Redo+1","floor":23.0},{"not_picked":["Compile Driver","Cold Snap"],"picked":"Capacitor","floor":31.0},{"not_picked":["Reboot","Thunder Strike"],"picked":"Fission","floor":33.0},{"not_picked":["Steam","Tempest+1"],"picked":"Static Discharge+1","floor":35.0},{"not_picked":["Force Field+1","Hello World+1","Gash"],"picked":"SKIP","floor":39.0},{"not_picked":["Steam","Ball Lightning+1"],"picked":"Undo+1","floor":41.0},{"not_picked":["Beam Cell","Conserve Battery+1","Stack"],"picked":"SKIP","floor":42.0},{"not_picked":["Mayhem","Purity"],"picked":"Bandage Up","floor":47.0},{"not_picked":["Barrage","Cold Snap","Redo+1"],"picked":"SKIP","floor":48.0}],"player_experience":3355000,"relics_obtained":[{"floor":9.0,"key":"Happy Flower"},{"floor":26.0,"key":"Darkstone Periapt"},{"floor":41.0,"key":"hubris:DeckOfHolding"},{"floor":43.0,"key":"Art of War"}],"event_choices":[{"damage_healed":0.0,"max_hp_gain":0.0,"max_hp_loss":0.0,"gold_gain":0.0,"event_name":"Shining Light","player_choice":"Entered Light","floor":3.0,"gold_loss":0.0,"damage_taken":15.0,"cards_upgraded":["Strike_B","Defend_B"]},{"damage_healed":0.0,"max_hp_gain":0.0,"max_hp_loss":0.0,"gold_gain":275.0,"event_name":"Golden Shrine","player_choice":"Desecrate","floor":4.0,"gold_loss":0.0,"damage_taken":0.0,"cards_obtained":["Regret"]},{"damage_healed":0.0,"max_hp_gain":0.0,"max_hp_loss":0.0,"gold_gain":0.0,"cards_transformed":["Strike_B"],"event_name":"Transmorgrifier","player_choice":"Transformed","floor":19.0,"gold_loss":0.0,"damage_taken":0.0,"cards_obtained":["Electrodynamics"]},{"damage_healed":0.0,"max_hp_gain":0.0,"max_hp_loss":15.0,"gold_gain":0.0,"event_name":"Vampires","player_choice":"Became a vampire","floor":25.0,"gold_loss":0.0,"damage_taken":0.0,"cards_obtained":["Bite","Bite","Bite"]},{"damage_healed":0.0,"max_hp_gain":0.0,"max_hp_loss":0.0,"gold_gain":99.0,"event_name":"Nest","player_choice":"Stole From Cult","floor":28.0,"gold_loss":0.0,"damage_taken":0.0},{"cards_removed":["Defend_B"],"damage_healed":0.0,"max_hp_gain":0.0,"max_hp_loss":0.0,"gold_gain":0.0,"event_name":"Purifier","player_choice":"Purged","floor":38.0,"gold_loss":0.0,"damage_taken":0.0},{"damage_healed":0.0,"max_hp_gain":0.0,"max_hp_loss":0.0,"gold_gain":0.0,"event_name":"SensoryStone","player_choice":"Memory 1","floor":47.0,"gold_loss":0.0,"damage_taken":0.0}],"is_beta":false,"boss_relics":[{"not_picked":["Pandora\u0027s Box","Cursed Key"],"picked":"hubris:Stopwatch"},{"not_picked":["hubris:VirtuousBlindfold","Runic Pyramid","hubris:CrackedHourglass"]}],"items_purged_floors":[10],"is_endless":false,"potions_floor_spawned":[8,12,14,16,20,23,31,33,39,41],"ascension_level":0}}