{"host":"61r95uy0hn86b9iu","time":1613441174,"event":{"mods":["AchievementEnabler","BaseMod","Better Vampires","BetterRewards","Colored Powertips","Hubris","Minty Spire (QoL Compilation)","Shop Mod","StSLib"],"gold_per_floor":[111,23,23,23,23,52,52,52,65,115,131,141,141,212,212,228,5,15,15,15,15,42,42,62,62,12,30,30,30,30],"floor_reached":33,"language":"ENG","playtime":785,"items_purged":["Consume","Strike_B","Writhe"],"score":665,"play_id":"cc024a97-6e3a-49fd-b0ba-e23099e680cc","local_time":"20210215200614","is_ascension_mode":true,"campfire_choices":[{"floor":7.0,"key":"REST"},{"floor":15.0,"key":"REST"},{"floor":24.0,"key":"REST"},{"floor":29.0,"key":"REST"},{"floor":32,"key":"REST"}],"circlet_count":0,"master_deck":["AscendersBane","Consume","Strike_B","Strike_B","Strike_B","Defend_B","Defend_B","Defend_B","Defend_B","Zap","Dualcast","Defragment+1","Leap","Conserve Battery","Lockon+1","Double Energy","Streamline","Core Surge","FTL","Conserve Battery+1","Defragment+1","Chill"],"relics":["Cracked Core","Ice Cream","hubris:Teleporter","Smiling Mask","hubris:SoftwareUpdate","hubris:ScarierMask","Art of War","Boot"],"acts_visited":["Exordium","TheCity"],"potions_floor_usage":[33],"damage_taken":[{"damage":5.0,"enemies":"2 Louse","floor":1.0,"turns":3.0},{"damage":24.0,"enemies":"3 Sentries","floor":6.0,"turns":6.0},{"damage":5.0,"enemies":"Jaw Worm","floor":10.0,"turns":2.0},{"damage":0.0,"enemies":"Cultist","floor":12.0,"turns":3.0},{"damage":1.0,"enemies":"Blue Slaver","floor":14.0,"turns":3.0},{"damage":30.0,"enemies":"The Guardian","floor":16.0,"turns":11.0},{"damage":35.0,"enemies":"3 Byrds","floor":18.0,"turns":5.0},{"damage":1.0,"enemies":"2 Thieves","floor":20.0,"turns":3.0},{"damage":5.0,"enemies":"Sentry and Sphere","floor":28.0,"turns":3.0},{"damage":39,"enemies":"Snake Plant","floor":31,"turns":5},{"damage":66,"enemies":"Champ","floor":33,"turns":13}],"seed_played":"-3316159716431637270","potions_obtained":[{"floor":1.0,"key":"LiquidBronze"},{"floor":16.0,"key":"Block Potion"},{"floor":20.0,"key":"ColorlessPotion"}],"is_trial":false,"path_per_floor":["M","$","?","?","$","E","R","T","M","?","M","M","R","B",null,"M","$","M","$","?","R","T","?","M","R","$","M","R","B"],"character_chosen":"DEFECT","items_purchased":["Defragment","Ice Cream","Conserve Battery","Lockon","Art of War"],"campfire_rested":5,"item_purchase_floors":[0,0,2,2,19],"current_hp_per_floor":[38,38,38,38,38,14,35,35,30,30,30,29,50,20,58,23,23,22,22,22,43,43,43,38,59,59,20,41,0,0],"gold":30,"neow_bonus":"","is_daily":false,"chose_seed":false,"campfire_upgraded":0,"win_rate":0.0,"timestamp":1613441174,"path_taken":["M","$","?","?","?","E","R","T","M","?","M","M","R","BOSS","M","$","M","$","?","R","T","?","M","R","$","?","R","BOSS"],"items_purchased_type":["Card","Relic","Card","Card","Relic"],"build_version":"2020-12-22","purchased_purges":3,"victory":false,"max_hp_per_floor":[71,71,71,71,71,71,71,71,71,71,71,71,71,71,71,71,71,71,71,71,71,71,71,71,71,71,71,71,71,71],"card_choices":[{"not_picked":["Force Field","Conserve Battery"],"picked":"Leap","floor":1.0},{"not_picked":["Biased Cognition","Turbo","Beam Cell"],"picked":"SKIP","floor":6.0},{"not_picked":["Heatsinks","Ball Lightning"],"picked":"Double Energy","floor":10.0},{"not_picked":["Rebound","Recycle","Aggregate"],"picked":"SKIP","floor":12.0},{"not_picked":["Go for the Eyes","BootSequence"],"picked":"Streamline","floor":14.0},{"not_picked":["All For One","Thunder Strike"],"picked":"Core Surge","floor":16.0},{"not_picked":["Ball Lightning","Leap"],"picked":"FTL","floor":18.0},{"not_picked":["Go for the Eyes+1","Turbo"],"picked":"Conserve Battery+1","floor":20.0},{"not_picked":["Go for the Eyes+1","Hologram"],"picked":"Chill","floor":28.0},{"not_picked":["Beam Cell","Steam Power","Steam"],"picked":"SKIP","floor":31}],"player_experience":3349600,"relics_obtained":[{"floor":6.0,"key":"Smiling Mask"},{"floor":9.0,"key":"hubris:SoftwareUpdate"}],"event_choices":[{"damage_healed":0.0,"max_hp_gain":0.0,"max_hp_loss":0.0,"gold_gain":0.0,"event_name":"Living Wall","player_choice":"Grow","floor":4.0,"gold_loss":0.0,"damage_taken":0.0,"cards_upgraded":["Lockon"]},{"damage_healed":0.0,"max_hp_gain":0.0,"max_hp_loss":0.0,"gold_gain":50.0,"event_name":"Golden Wing","player_choice":"Gained Gold","floor":11.0,"gold_loss":0.0,"damage_taken":0.0},{"damage_healed":0.0,"max_hp_gain":0.0,"max_hp_loss":0.0,"gold_gain":0.0,"event_name":"The Mausoleum","player_choice":"Opened","floor":22.0,"gold_loss":0.0,"damage_taken":0.0,"relics_obtained":["Boot"],"cards_obtained":["Writhe"]},{"damage_healed":0.0,"max_hp_gain":0.0,"max_hp_loss":0.0,"gold_gain":0.0,"event_name":"Duplicator","player_choice":"Copied","floor":27.0,"gold_loss":0.0,"damage_taken":0.0,"cards_obtained":["Defragment"]}],"is_beta":false,"boss_relics":[{"not_picked":["Runic Dome","Ectoplasm"],"picked":"hubris:ScarierMask"}],"items_purged_floors":[0,19,30],"is_endless":false,"potions_floor_spawned":[1,16,20],"killed_by":"Champ","ascension_level":19}}