{"host":"1ooxfz79hmpvpehx","time":1613436456,"event":{"mods":["BaseMod","Better Altar","Better Match","Better Note","Better Sensory Stone","Better Skull","Better Third Choice","Infinite Spire","Marked Mod","Minty Spire (QoL Compilation)","Quick Restart","RNG Fix","Replay The Spire","StSLib","SuperFastMode"],"gold_per_floor":[111,111,61,61,73,104,104,133,133,133,133,153,200,200,200,200,200],"floor_reached":16,"language":"ENG","playtime":296,"items_purged":[],"score":131,"play_id":"a25bbf4b-9a7f-40b4-a058-1189c8fffde8","local_time":"20210215214736","is_ascension_mode":false,"campfire_choices":[{"data":"Dualcast","floor":7,"key":"SMITH"},{"data":"Gash","floor":10,"key":"SMITH"},{"data":"Gash","floor":15,"key":"SMITH"}],"circlet_count":0,"master_deck":["Strike_B","Strike_B","Strike_B","Defend_B","Defend_B","Zap+1","Dualcast+1","EmptyMind+1","Gash+1","Gash+1"],"relics":["Cracked Core","NeowsBlessing","Replay:Bottled Snecko","infinitespire:PuzzleCube","infinitespire:BottledMercury","Anchor"],"acts_visited":["Exordium"],"potions_floor_usage":[1,16,16],"damage_taken":[{"damage":0,"enemies":"Jaw Worm","floor":1,"turns":1},{"damage":0,"enemies":"Cultist","floor":5,"turns":1},{"damage":0,"enemies":"Lagavulin","floor":6,"turns":1},{"damage":43,"enemies":"3 Sentries","floor":8,"turns":9},{"damage":0,"enemies":"Small Slimes","floor":12,"turns":2},{"damage":25,"enemies":"The Guardian","floor":16,"turns":7}],"seed_played":"1985462119155599108","potions_obtained":[{"floor":1,"key":"Fruit Juice"},{"floor":6,"key":"Weak Potion"},{"floor":12,"key":"LiquidBronze"}],"is_trial":false,"path_per_floor":["M","?","?","?","M","E","R","E","T","R","?","M","T","?","R","B"],"character_chosen":"DEFECT","items_purchased":[],"campfire_rested":0,"item_purchase_floors":[],"current_hp_per_floor":[80,68,68,68,68,68,68,25,25,25,25,25,25,25,25,0,0],"gold":200,"neow_bonus":"THREE_ENEMY_KILL","is_daily":false,"chose_seed":false,"campfire_upgraded":3,"win_rate":0.0,"timestamp":1613436456,"path_taken":["M","?","?","?","M","E","R","E","T","R","?","?","?","?","R","BOSS"],"items_purchased_type":[],"build_version":"2020-12-22","purchased_purges":0,"victory":false,"max_hp_per_floor":[80,80,80,80,80,80,80,80,80,80,80,80,80,80,80,80,80],"card_choices":[{"not_picked":["Panic Button","Consume","Force Field"],"picked":"SKIP","floor":1},{"not_picked":["BasicCrystalCard","ReplayGash","Conserve Battery"],"picked":"SKIP","floor":5},{"not_picked":["Steam","ReplaySolidLightProjector","Panic Button"],"picked":"SKIP","floor":6},{"not_picked":["Stack","Fission"],"picked":"Gash","floor":8},{"not_picked":["Skim","Barrage"],"picked":"Gash","floor":12}],"player_experience":39873,"relics_obtained":[{"floor":6,"key":"infinitespire:PuzzleCube"},{"floor":8,"key":"infinitespire:BottledMercury"},{"floor":13,"key":"Anchor"}],"event_choices":[{"cards_removed":["Strike_B"],"damage_healed":0,"gold_gain":0,"player_choice":"Card Removal","damage_taken":0,"max_hp_gain":0,"max_hp_loss":0,"event_name":"The Cleric","floor":3,"gold_loss":50},{"damage_healed":0,"gold_gain":0,"player_choice":"Grow","damage_taken":0,"max_hp_gain":0,"max_hp_loss":0,"event_name":"Living Wall","floor":4,"gold_loss":0,"cards_upgraded":["Zap"]}],"is_beta":false,"boss_relics":[],"items_purged_floors":[],"is_endless":false,"potions_floor_spawned":[1,6,12],"killed_by":"The Guardian","ascension_level":0}}