{"host":"sauicmfm1chquzcv","time":1613497471,"event":{"mods":["AchievementEnabler","Ascension Reborn","BaseMod","BetterRewards","Card Forge","Colored Powertips","DeckTracker","Defuse TimeMaze Blight","FoggyMod","GifTheSpireLib","Gold Saver","Minty Spire (QoL Compilation)","Quick Restart","Replay The Spire","Shop Mod","StSLib","The Cursed","The Judge","Transform Curses","UnlockEverythingMod"],"gold_per_floor":[110,285,360,360,79,114,114,114,138,176,196,10,10,33,33,142,142,162,252,85,108,58,58,58,58],"floor_reached":24,"language":"ENG","playtime":5756,"items_purged":["TheCursedMod:SurpriseAttack"],"score":300,"play_id":"9bf1ab9b-7e63-4b7c-8b65-499ef525b027","local_time":"20210216114431","daily_mods":["Flight","DeadlyEvents","Elite Swarm"],"is_ascension_mode":false,"campfire_choices":[{"floor":7,"key":"REST"},{"floor":8,"key":"REST"},{"floor":23,"key":"REST"}],"circlet_count":0,"master_deck":["TheCursedMod:Strike_TheCursed","TheCursedMod:Strike_TheCursed","TheCursedMod:Strike_TheCursed","TheCursedMod:Strike_TheCursed","TheCursedMod:Defend_TheCursed","TheCursedMod:Defend_TheCursed","TheCursedMod:Defend_TheCursed","TheCursedMod:Defend_TheCursed","TheCursedMod:CursedWand","TheCursedMod:CleanUpWorkshop","TheCursedMod:Dregs","TheCursedMod:TacticalStrike","TheCursedMod:DemonicPact","TheCursedMod:VoidForm","TheCursedMod:Wield","TheCursedMod:SpitefulPlan+1","TheCursedMod:CollectTribute","TheCursedMod:AshesToAshes+1","TheCursedMod:SpitefulStrike"],"relics":["TheCursedMod:BlackMagic101","Hammer of Thor","Seething Fire","Anvil of the Gods","MerchantsRug","CeramicFish","White Beast Statue","Oddly Smooth Stone","Blue Doll","PreservedInsect","Replay:Wax Seal","Black Star","Blue Candle"],"acts_visited":["Exordium","TheCity"],"potions_floor_usage":[10],"damage_taken":[{"damage":0,"enemies":"Cultist","floor":1,"turns":5},{"damage":47,"enemies":"3 Sentries","floor":6,"turns":13},{"damage":22,"enemies":"Gremlin Nob","floor":10,"turns":4},{"damage":11,"enemies":"Jaw Worm","floor":11,"turns":5},{"damage":11,"enemies":"2 Louse","floor":14,"turns":3},{"damage":21,"enemies":"Fading Forest","floor":16,"turns":11},{"damage":9,"enemies":"Shell Parasite","floor":18,"turns":8},{"damage":36,"enemies":"3 Byrds","floor":21,"turns":9},{"damage":44,"enemies":"Gremlin Leader","floor":24,"turns":4}],"seed_played":"1437256893064904731","potions_obtained":[{"floor":1,"key":"ColorlessPotion"},{"floor":6,"key":"SteroidPotion"},{"floor":10,"key":"AttackPotion"},{"floor":11,"key":"Explosive Potion"},{"floor":14,"key":"DuplicationPotion"},{"floor":16,"key":"Milkshake"},{"floor":18,"key":"Milkshake"},{"floor":21,"key":"GamblersBrew"}],"is_trial":true,"path_per_floor":["M","?","?","?","$","E","R","R","T","E","M","$","T","M","R","B",null,"M","?","$","M","$","R","E"],"character_chosen":"THE_CURSED","items_purchased":["MerchantsRug","CeramicFish","TheCursedMod:SpitefulPlan","PreservedInsect","Blue Candle"],"campfire_rested":3,"item_purchase_floors":[5,5,12,12,20],"current_hp_per_floor":[75,75,64,57,57,10,32,54,54,32,21,21,21,10,10,17,75,66,54,54,18,18,40,0,0],"gold":58,"neow_bonus":"","is_daily":false,"chose_seed":false,"campfire_upgraded":0,"win_rate":0.0,"timestamp":1613497471,"path_taken":["M","?","?","?","?","E","R","R","T","?","?","$","?","?","R","BOSS","M","?","$","?","$","R","E"],"items_purchased_type":["Relic","Relic","Card","Relic","Relic"],"build_version":"2020-12-22","purchased_purges":1,"victory":false,"max_hp_per_floor":[75,75,75,75,75,75,75,75,75,75,75,75,75,75,75,75,75,75,75,75,75,75,75,75,75],"card_choices":[{"not_picked":["TheCursedMod:CircleOfWindfury","TheCursedMod:SurpriseAttack"],"picked":"TheCursedMod:TacticalStrike","floor":1},{"not_picked":["TheCursedMod:ParallelWorld","TheCursedMod:UltimatePain"],"picked":"TheCursedMod:DemonicPact","floor":6},{"not_picked":["TheCursedMod:ParallelWorld","TheCursedMod:ManaCirculation"],"picked":"TheCursedMod:VoidForm","floor":10},{"not_picked":["TheCursedMod:FuryStrike","TheCursedMod:SmokeScreen"],"picked":"TheCursedMod:Wield","floor":11},{"not_picked":["TheCursedMod:TroublousMinions","TheCursedMod:CursedShiv"],"picked":"TheCursedMod:SurpriseAttack","floor":14},{"not_picked":["TheCursedMod:DemonicPact","TheCursedMod:DemonSword"],"picked":"TheCursedMod:CollectTribute","floor":16},{"not_picked":["TheCursedMod:Wield+1","TheCursedMod:CursedMace+1"],"picked":"TheCursedMod:AshesToAshes+1","floor":18},{"not_picked":["TheCursedMod:Wield","TheCursedMod:CursedMace"],"picked":"TheCursedMod:SpitefulStrike","floor":21}],"player_experience":31702,"relics_obtained":[{"floor":6,"key":"White Beast Statue"},{"floor":9,"key":"Oddly Smooth Stone"},{"floor":10,"key":"Blue Doll"},{"floor":13,"key":"Replay:Wax Seal"}],"event_choices":[{"damage_healed":0,"gold_gain":175,"player_choice":"AGREE","damage_taken":0,"max_hp_gain":0,"max_hp_loss":0,"event_name":"Liars Game","floor":2,"gold_loss":0,"cards_obtained":["Doubt"]},{"damage_healed":0,"gold_gain":75,"player_choice":"Gather Gold","damage_taken":11,"max_hp_gain":0,"max_hp_loss":0,"event_name":"World of Goop","floor":3,"gold_loss":0},{"cards_removed":["Doubt"],"damage_healed":0,"gold_gain":0,"player_choice":"Card Removal","damage_taken":7,"max_hp_gain":0,"max_hp_loss":0,"event_name":"Golden Wing","floor":4,"gold_loss":0},{"damage_healed":0,"gold_gain":0,"player_choice":"Grow","damage_taken":0,"max_hp_gain":0,"max_hp_loss":0,"event_name":"Living Wall","floor":15,"gold_loss":0,"cards_upgraded":["TheCursedMod:SpitefulPlan"]},{"damage_healed":0,"gold_gain":90,"player_choice":"GOLD ","damage_taken":12,"max_hp_gain":0,"max_hp_loss":0,"event_name":"Knowing Skull","floor":19,"potions_obtained":[],"gold_loss":0,"cards_obtained":[]}],"is_beta":false,"boss_relics":[{"not_picked":["Replay:Ancient Bell","Snecko Eye"],"picked":"Black Star"}],"items_purged_floors":[22],"is_endless":true,"potions_floor_spawned":[1,6,10,11,14,16,18,21],"killed_by":"Gremlin Leader","ascension_level":0}}