{"host":"baymyijz6sxaqj5s","time":1613465723,"event":{"mods":["AchievementEnabler","BaseMod","Colored Map","Colored Powertips","DeckTracker","Highlight Path","KOR Keyword Fix","Keyboard Shortcuts","Minty Spire (QoL Compilation)","StSLib","SuperFastMode","everything is the same but u backflip on backflip"],"gold_per_floor":[109,109,129,149,149,149,159,159,159,41,116,131,131,144,144,247,247,264,264,264,264,264,264,276,290,342,194,209,18,28,40,40,139,139,149,162,0,50,65,65,98,118,189,223,73,73,73,84,84,84,84],"floor_reached":50,"language":"KOR","playtime":1800,"items_purged":["Strike_R+1"],"score":597,"play_id":"bad7472a-5a55-4f88-93ea-4e8547ff4f19","local_time":"20210216175523","is_ascension_mode":true,"campfire_choices":[{"data":"Armaments","floor":6,"key":"SMITH"},{"data":"Heavy Blade","floor":8,"key":"SMITH"},{"data":"Body Slam","floor":13,"key":"SMITH"},{"floor":15,"key":"REST"},{"data":"Spot Weakness","floor":23,"key":"SMITH"},{"data":"Double Tap","floor":32,"key":"SMITH"},{"data":"Shrug It Off","floor":40,"key":"SMITH"},{"floor":46,"key":"REST"},{"floor":49,"key":"REST"}],"circlet_count":0,"master_deck":["Strike_R+1","Strike_R+1","Strike_R+1","Defend_R+1","Defend_R+1","Defend_R+1","Defend_R+1","Bash","Armaments+1","Heavy Blade+1","Spot Weakness+1","Body Slam+1","Dropkick","Double Tap+1","Impervious","Sword Boomerang","Shrug It Off+1","Whirlwind","Disarm"],"relics":["Burning Blood","Whetstone","Busted Crown","MutagenicStrength","Pen Nib","Vajra","Sozu","Red Mask","TungstenRod","Self Forming Clay","Letter Opener","Gremlin Horn","Orrery"],"acts_visited":["Exordium","TheCity","TheBeyond"],"potions_floor_usage":[16,24,33,33,38,41],"damage_taken":[{"damage":15,"enemies":"Small Slimes","floor":1,"turns":4},{"damage":1,"enemies":"Cultist","floor":3,"turns":4},{"damage":4,"enemies":"2 Louse","floor":4,"turns":4},{"damage":6,"enemies":"Blue Slaver","floor":7,"turns":4},{"damage":20,"enemies":"Large Slime","floor":12,"turns":7},{"damage":6,"enemies":"Looter","floor":14,"turns":2},{"damage":26,"enemies":"The Guardian","floor":16,"turns":10},{"damage":13,"enemies":"Chosen","floor":18,"turns":5},{"damage":3,"enemies":"2 Thieves","floor":24,"turns":3},{"damage":0,"enemies":"Centurion and Healer","floor":25,"turns":5},{"damage":13,"enemies":"Shelled Parasite and Fungi","floor":28,"turns":5},{"damage":16,"enemies":"Snake Plant","floor":30,"turns":3},{"damage":0,"enemies":"Centurion and Healer","floor":31,"turns":5},{"damage":38,"enemies":"Automaton","floor":33,"turns":7},{"damage":6,"enemies":"Orb Walker","floor":35,"turns":2},{"damage":25,"enemies":"3 Shapes","floor":36,"turns":4},{"damage":34,"enemies":"Mind Bloom Boss Battle","floor":38,"turns":4},{"damage":0,"enemies":"Jaw Worm Horde","floor":39,"turns":1},{"damage":34,"enemies":"Nemesis","floor":41,"turns":5},{"damage":14,"enemies":"Sphere and 2 Shapes","floor":42,"turns":4},{"damage":23,"enemies":"Giant Head","floor":44,"turns":7},{"damage":28,"enemies":"Transient","floor":48,"turns":5},{"damage":63,"enemies":"Time Eater","floor":50,"turns":9}],"seed_played":"5482733972557671583","potions_obtained":[{"floor":4,"key":"SteroidPotion"},{"floor":7,"key":"GamblersBrew"},{"floor":16,"key":"Block Potion"},{"floor":22,"key":"Strength Potion"},{"floor":22,"key":"BloodPotion"},{"floor":24,"key":"Energy Potion"},{"floor":28,"key":"Block Potion"},{"floor":33,"key":"Regen Potion"}],"is_trial":false,"path_per_floor":["M","?","M","M","?","R","M","R","T","$","?","M","R","M","R","B",null,"M","?","?","?","?","R","M","M","T","$","M","$","M","M","R","B",null,"M","M","?","?","M","R","E","M","T","E","$","R","?","M","R","B"],"character_chosen":"IRONCLAD","items_purchased":["Spot Weakness","Body Slam","Vajra","Shrug It Off","Whirlwind","Orrery"],"campfire_rested":3,"item_purchase_floors":[10,10,27,29,29,45],"current_hp_per_floor":[79,79,84,86,91,91,91,91,91,91,80,66,66,66,93,73,93,86,86,86,86,86,86,89,93,93,93,86,86,76,82,82,50,93,93,74,74,64,70,70,56,48,48,31,31,58,58,36,63,0,0],"gold":84,"neow_bonus":"TEN_PERCENT_HP_BONUS","is_daily":false,"chose_seed":false,"campfire_upgraded":6,"win_rate":0.0,"timestamp":1613465723,"path_taken":["M","?","M","?","?","R","M","R","T","$","?","M","R","M","R","BOSS","M","?","?","?","?","R","M","M","T","$","M","$","M","M","R","BOSS","M","?","?","?","M","R","E","M","T","E","?","R","?","M","R","BOSS"],"items_purchased_type":["Card","Card","Relic","Card","Card","Relic"],"build_version":"2020-12-22","purchased_purges":1,"victory":false,"max_hp_per_floor":[88,88,88,88,93,93,93,93,93,93,93,93,93,93,93,93,93,93,93,93,93,93,93,93,93,93,93,93,93,93,93,93,93,93,93,93,93,93,93,93,93,93,93,93,93,93,93,93,93,93,93],"card_choices":[{"not_picked":["Clash","Iron Wave","Hemokinesis"],"picked":"SKIP","floor":1},{"not_picked":["Wild Strike","Perfected Strike"],"picked":"Armaments","floor":3},{"not_picked":["Clothesline","True Grit","Armaments"],"picked":"SKIP","floor":4},{"not_picked":["Perfected Strike","Sword Boomerang"],"picked":"Heavy Blade","floor":7},{"not_picked":["Perfected Strike","Anger"],"picked":"Dropkick","floor":12},{"not_picked":["Headbutt","Thunderclap"],"picked":"Double Tap","floor":14},{"not_picked":["Barricade","Berserk"],"picked":"Impervious","floor":16},{"not_picked":["Body Slam+1"],"picked":"SKIP","floor":18},{"not_picked":["Perfected Strike+1"],"picked":"SKIP","floor":24},{"not_picked":[],"picked":"Sword Boomerang","floor":25},{"not_picked":["Anger"],"picked":"SKIP","floor":28},{"not_picked":["Sword Boomerang"],"picked":"SKIP","floor":30},{"not_picked":["Cleave"],"picked":"SKIP","floor":31},{"not_picked":["Headbutt"],"picked":"SKIP","floor":35},{"not_picked":[],"picked":"Disarm","floor":36},{"not_picked":["Blood for Blood"],"picked":"SKIP","floor":39},{"not_picked":["Blood for Blood"],"picked":"SKIP","floor":41},{"not_picked":["Flex"],"picked":"SKIP","floor":42},{"not_picked":["Body Slam"],"picked":"SKIP","floor":44},{"not_picked":["Pummel+1"],"picked":"SKIP","floor":48}],"player_experience":95677,"relics_obtained":[{"floor":9,"key":"Whetstone"},{"floor":26,"key":"Pen Nib"},{"floor":38,"key":"TungstenRod"},{"floor":41,"key":"Self Forming Clay"},{"floor":43,"key":"Letter Opener"},{"floor":44,"key":"Gremlin Horn"}],"event_choices":[{"cards_removed":["Strike_R"],"damage_healed":0,"gold_gain":0,"player_choice":"Purged","damage_taken":0,"max_hp_gain":0,"max_hp_loss":0,"event_name":"Purifier","floor":2,"gold_loss":0},{"damage_healed":0,"gold_gain":0,"player_choice":"Donut","damage_taken":0,"max_hp_gain":5,"max_hp_loss":0,"event_name":"Big Fish","floor":5,"gold_loss":0},{"damage_healed":0,"gold_gain":75,"player_choice":"Gather Gold","damage_taken":11,"max_hp_gain":0,"max_hp_loss":0,"event_name":"World of Goop","floor":11,"gold_loss":0},{"damage_healed":0,"gold_gain":0,"player_choice":"Simplicity","damage_taken":0,"max_hp_gain":0,"max_hp_loss":0,"event_name":"Back to Basics","floor":19,"gold_loss":0,"cards_upgraded":["Strike_R","Strike_R","Defend_R","Defend_R","Defend_R","Defend_R"]},{"damage_healed":0,"gold_gain":0,"player_choice":"Inject Mutagens","damage_taken":0,"relics_obtained":["MutagenicStrength"],"max_hp_gain":0,"max_hp_loss":0,"event_name":"Drug Dealer","floor":20,"gold_loss":0},{"damage_healed":0,"gold_gain":0,"player_choice":"Ignored","damage_taken":0,"max_hp_gain":0,"max_hp_loss":0,"event_name":"The Mausoleum","floor":21,"gold_loss":0},{"damage_healed":0,"gold_gain":0,"player_choice":"Got Potions","damage_taken":0,"max_hp_gain":0,"max_hp_loss":0,"event_name":"Lab","floor":22,"gold_loss":0},{"damage_healed":0,"gold_gain":0,"player_choice":"Paid","damage_taken":0,"relics_obtained":["Red Mask"],"max_hp_gain":0,"max_hp_loss":0,"event_name":"Tomb of Lord Red Mask","floor":37,"gold_loss":162},{"damage_healed":0,"gold_gain":0,"player_choice":"Fight","damage_taken":0,"max_hp_gain":0,"max_hp_loss":0,"event_name":"MindBloom","floor":38,"gold_loss":0},{"damage_healed":0,"gold_gain":0,"player_choice":"Memory 1","damage_taken":0,"max_hp_gain":0,"max_hp_loss":0,"event_name":"SensoryStone","floor":47,"gold_loss":0}],"is_beta":false,"boss_relics":[{"not_picked":["Astrolabe","Empty Cage"],"picked":"Busted Crown"},{"not_picked":["Tiny House","Calling Bell"],"picked":"Sozu"}],"items_purged_floors":[29],"is_endless":false,"potions_floor_spawned":[4,7,16,24,28,33,36,41,48],"killed_by":"Time Eater","ascension_level":3}}