{"host":"ymrxmazrubg7ht5t","time":1613453920,"event":{"mods":["2.2 Compatiblity","Act Like it!","Bartender","BaseMod","Better Note","Colored Powertips","Conspire","HololiveMod","Infinite Spire","Marisa????????","Minty Spire (QoL Compilation)","Relic Stats","Ruina","StSLib","The Marked"],"gold_per_floor":[116,133,133,148,168,196,196,43,68,99,111,157,180,192,204,340,352,377,389,424,436,475,530,565,595,633,659,705,667,679,691,703,843,855,891,917,929,1004,1040,1052,398,456,479,479,323,362,68,87,87,206,206,209,217,63,93,93,93,113,127,127,127,140,140,140,161,161,255,318,323,323,332,353,353,379,384,406,406,406,95,103,103,103,103,182,182,187,191,191,187,195,195,205,207,207,207,207,207,174,174],"floor_reached":98,"language":"ENG","playtime":12326,"items_purged":["Pain","Doubt"],"score":1703,"play_id":"7fabe63f-dea8-43a4-a103-ed8f9087b1ee","local_time":"20210216013840","is_ascension_mode":false,"campfire_choices":[{"floor":15.0,"key":"REST"},{"floor":32.0,"key":"REST"},{"floor":40.0,"key":"REST"},{"floor":49.0,"key":"REST"},{"floor":57.0,"key":"RECALL"},{"data":"theMarked:EternalStudent","floor":61.0,"key":"SMITH"},{"data":"theMarked:Maelstrom","floor":63.0,"key":"SMITH"},{"data":"theMarked:Challenge","floor":66.0,"key":"SMITH"},{"floor":81.0,"key":"REST"},{"data":"theMarked:ChannelForce","floor":83.0,"key":"SMITH"},{"data":"theMarked:Memento","floor":91,"key":"PURGE"}],"circlet_count":0,"master_deck":["theMarked:SoldierOfQuellstein+1","theMarked:Friction","theMarked:ParalyzingBlade","theMarked:Static","theMarked:GodGivenPower","theMarked:EmpowerWeapon","theMarked:Generate","theMarked:Parkour","theMarked:ThrowWeapon+1","theMarked:MysticalArsenal","infinitespire:TheBestDefense+1","infinitespire:FutureSight+1","theMarked:Polarize+1","theMarked:Abjuration","theMarked:MuscleMemory","theMarked:Indomitable+1","theMarked:EternalStudent+1","theMarked:BanishingStrike","theMarked:ParalyzingBlade","theMarked:SwordAndMagic","theMarked:Memento","theMarked:ComboAttacks","theMarked:Convert","theMarked:ContemptForTheProud","theMarked:RogueSparks","theMarked:Panic","Dark Shackles+1","theMarked:Parry","theMarked:Overcharge","theMarked:Challenge+1","theMarked:OneWithTheBlade","theMarked:Improvise+1","theMarked:Vacuum+1","theMarked:Maelstrom+1","theMarked:BiggerThanFate","theMarked:Aftermath","theMarked:RepellingDischarge+1","theMarked:ChannelForce+1","ruina:Mimicry","infinitespire:Starlight","theMarked:DispelDoubt","Clumsy","theMarked:Electrocute+1","Doubt","Wraith","Normality"],"relics":["theMarked:ArtifactOfAir","WarpedTongs","Nunchaku","Hololive_LightStick","MawBank","Ancient Tea Set","Golden Idol","SlaversCollar","Frozen Eye","theMarked:SpiritSword","infinitespire:Satchel","infinitespire:Golems Mask","Bag of Marbles","conspire:Dentures","ruina:FalsePresent","Akabeko","Pandora\u0027s Box","Turnip","Art of War","Strawberry","Torii","theMarked:DemonDagger","Tiny Chest","Cleaning_Rag","FossilizedHelix","Hololive_ChaosS","Chemical X","infinitespire:Beetle Shell","infinitespire:Lucky Rock","Anchor","Bottled Flame","Tiny House","ruina:PrescriptsGrace","Letter Opener","infinitespire:Lychee Nut","Blue Candle","War Paint","Oddly Smooth Stone","Cursed Key","Peace Pipe","MealTicket","infinitespire:PuzzleCube","White_Cape"],"acts_visited":["Exordium","ruina:Briah","TheBeyond","Exordium","ruina:Briah","TheBeyond"],"potions_floor_usage":[],"damage_taken":[{"damage":0.0,"enemies":"conspire:RoseBush","floor":1.0,"turns":3.0},{"damage":1.0,"enemies":"Cultist","floor":2.0,"turns":3.0},{"damage":6.0,"enemies":"Small Slimes","floor":4.0,"turns":3.0},{"damage":13.0,"enemies":"Exordium Wildlife","floor":5.0,"turns":3.0},{"damage":17.0,"enemies":"Lagavulin","floor":6.0,"turns":7.0},{"damage":9.0,"enemies":"Exordium Thugs","floor":10.0,"turns":3.0},{"damage":5.0,"enemies":"3 Sentries","floor":12.0,"turns":5.0},{"damage":2.0,"enemies":"Blue Slaver","floor":13.0,"turns":4.0},{"damage":10.0,"enemies":"Slime Boss","floor":16.0,"turns":6.0},{"damage":1.0,"enemies":"ruina:2_Scarecrows","floor":18.0,"turns":4.0},{"damage":0.0,"enemies":"ruina:Nosferatu","floor":20.0,"turns":4.0},{"damage":3.0,"enemies":"ruina:Mountain","floor":23.0,"turns":5.0},{"damage":0.0,"enemies":"ruina:QueenOfHate","floor":24.0,"turns":3.0},{"damage":0.0,"enemies":"ruina:Woodsman","floor":25.0,"turns":3.0},{"damage":3.0,"enemies":"ruina:KnightOfDespair","floor":27.0,"turns":5.0},{"damage":0.0,"enemies":"Nightmare","floor":28.0,"turns":4.0},{"damage":0.0,"enemies":"ruina:Ozma","floor":33.0,"turns":7.0},{"damage":0.0,"enemies":"Orb Walker","floor":35.0,"turns":1.0},{"damage":3.0,"enemies":"3 Darklings","floor":36.0,"turns":4.0},{"damage":0.0,"enemies":"Mind Bloom Boss Battle","floor":38.0,"turns":4.0},{"damage":20.0,"enemies":"Writhing Mass","floor":39.0,"turns":5.0},{"damage":17.0,"enemies":"2 Orb Walkers","floor":42.0,"turns":5.0},{"damage":0.0,"enemies":"Nemesis","floor":46.0,"turns":3.0},{"damage":0.0,"enemies":"Transient","floor":48.0,"turns":5.0},{"damage":63.0,"enemies":"conspire:OrnateMirror","floor":50.0,"turns":4.0},{"damage":0.0,"enemies":"Cultist","floor":52.0,"turns":2.0},{"damage":0.0,"enemies":"Small Slimes","floor":53.0,"turns":1.0},{"damage":0.0,"enemies":"3 Sentries","floor":58.0,"turns":3.0},{"damage":0.0,"enemies":"2 Louse","floor":59.0,"turns":3.0},{"damage":0.0,"enemies":"Nightmare","floor":62.0,"turns":6.0},{"damage":0.0,"enemies":"Red Slaver","floor":65.0,"turns":1.0},{"damage":0.0,"enemies":"The Guardian","floor":67.0,"turns":5.0},{"damage":15.0,"enemies":"ruina:3_Bats","floor":69.0,"turns":4.0},{"damage":0.0,"enemies":"ruina:Nosferatu","floor":71.0,"turns":1.0},{"damage":0.0,"enemies":"ruina:Woodsman","floor":72.0,"turns":1.0},{"damage":0.0,"enemies":"ruina:Mountain","floor":74.0,"turns":3.0},{"damage":0.0,"enemies":"ruina:KnightOfDespair","floor":75.0,"turns":3.0},{"damage":0.0,"enemies":"ruina:RoadHome","floor":76.0,"turns":2.0},{"damage":11.0,"enemies":"ruina:Nos_and_Bat","floor":80.0,"turns":4.0},{"damage":0,"enemies":"ruina:JesterOfNihil","floor":84,"turns":7},{"damage":0,"enemies":"3 Shapes","floor":86,"turns":3},{"damage":0,"enemies":"Orb Walker","floor":87,"turns":1},{"damage":33,"enemies":"3 Darklings","floor":89,"turns":4},{"damage":0,"enemies":"Sphere and 2 Shapes","floor":90,"turns":3},{"damage":0,"enemies":"Giant Head","floor":92,"turns":5},{"damage":59,"enemies":"Writhing Mass","floor":93,"turns":3},{"damage":61,"enemies":"Nemesis","floor":98,"turns":5}],"seed_played":"-5210839023790155791","potions_obtained":[{"floor":5.0,"key":"Weak Potion"},{"floor":10.0,"key":"CultistPotion"},{"floor":13.0,"key":"SkillPotion"},{"floor":16.0,"key":"AttackPotion"},{"floor":20.0,"key":"PowerPotion"},{"floor":28.0,"key":"Block Potion"},{"floor":29.0,"key":"SpeedPotion"},{"floor":33.0,"key":"Ancient Potion"},{"floor":38.0,"key":"PowerPotion"},{"floor":39.0,"key":"LiquidBronze"},{"floor":42.0,"key":"theMarked:ChargePotion"},{"floor":48.0,"key":"CultistPotion"},{"floor":58.0,"key":"Swift Potion"},{"floor":68.0,"key":"EntropicBrew"},{"floor":71.0,"key":"BlessingOfTheForge"},{"floor":72.0,"key":"AttackPotion"},{"floor":76.0,"key":"BlessingOfTheForge"},{"floor":89,"key":"DuplicationPotion"},{"floor":92,"key":"Dexterity Potion"}],"is_trial":false,"path_per_floor":["M","M","?","M","M","E","?","$","T","M","?","E","M","?","R","B",null,"M","?","M","AVR","T","E","M","M","T","M","NM","?","?","?","R","B",null,"M","M","?","?","M","R","$","?","T","?","$","E","$","M","R","B",null,"M","M","$","?","?","R","E","M","T","R","NM","R","T","M","R","B",null,"M","?","M","M","?","E","M","E","T","T","$","M","R","?","R","B",null,"M","M","T","M","M","R","E","M","T","?","?","T","E"],"character_chosen":"THE_DEFAULT","items_purchased":["Hololive_LightStick","Art of War","Strawberry","FairyPotion","ColorlessPotion","theMarked:Challenge","Tiny Chest","FossilizedHelix","Chemical X","ruina:Mimicry","Oddly Smooth Stone"],"campfire_rested":5,"item_purchase_floors":[8,41,41,41,41,41,45,47,54,79,79],"current_hp_per_floor":[70,69,69,63,50,33,33,33,33,24,24,19,17,17,38,28,70,69,53,53,53,53,50,50,50,50,47,47,43,37,37,56,56,65,65,62,62,62,42,61,68,51,51,51,51,51,51,51,72,9,72,72,72,72,72,72,72,72,72,72,72,72,72,72,72,72,72,77,62,62,62,62,40,40,40,40,40,40,40,35,52,52,52,57,57,57,57,57,45,50,50,56,31,31,31,31,31,0,0],"gold":174,"neow_bonus":"UPGRADE_CARD","is_daily":false,"chose_seed":false,"campfire_upgraded":4,"win_rate":0.0,"timestamp":1613453920,"path_taken":["M","M","?","?","M","E","?","?","T","?","?","E","M","?","R","BOSS","M","?","M","AVR","?","E","M","M","T","M","NM","?","?","?","R","BOSS","M","M","?","?","M","R","?","?","T","?","$","E","$","M","R","BOSS","M","M","?","?","?","R","E","M","T","R","NM","R","?","M","R","BOSS","M","?","M","?","?","E","M","E","T","?","?","?","R","?","R","BOSS","M","M","?","M","?","R","E","M","T","?","?","?","E"],"items_purchased_type":["Relic","Relic","Relic","Potion","Potion","Card","Relic","Relic","Relic","Card","Relic"],"build_version":"2020-12-22","purchased_purges":2,"victory":false,"max_hp_per_floor":[70,70,70,70,70,70,70,70,70,70,70,70,70,70,70,70,70,70,70,70,70,70,70,70,70,70,70,70,65,65,65,65,65,65,65,65,65,65,65,65,72,72,72,72,72,72,72,72,72,72,72,72,72,72,72,72,72,72,72,72,72,72,72,72,72,72,72,77,77,77,77,77,77,77,77,57,57,57,57,57,57,57,57,57,57,57,57,57,57,57,57,57,57,57,57,57,57,57,57],"relic_stats":{"Torii":8,"counters":[47,173],"Golden Idol":325,"Blue Candle":[3],"Letter Opener":[140],"War Paint":["Dark Shackles","theMarked:Polarize"],"MawBank":384,"Cursed Key":3,"WarpedTongs":[167],"Peace Pipe":1,"Nunchaku":[34],"Pandora\u0027s Box":["theMarked:BanishingStrike","theMarked:ParalyzingBlade","theMarked:SwordAndMagic","theMarked:Memento","theMarked:ComboAttacks","theMarked:Convert","theMarked:ContemptForTheProud","theMarked:RogueSparks"],"Tiny Chest":4,"MealTicket":0,"Turnip":[5],"Art of War":[1],"Chemical X":[6],"obtain_stats":[{"Tiny House":68,"Torii":42,"theMarked:SpiritSword":21,"Ancient Tea Set":12,"Cursed Key":85,"White_Cape":97,"Cleaning_Rag":46,"Frozen Eye":18,"Nunchaku":6,"Strawberry":41,"infinitespire:Golems Mask":23,"Tiny Chest":45,"MealTicket":92,"ruina:Prescript":70,"ruina:PrescriptsGrace":79,"Chemical X":54,"conspire:Dentures":28,"ruina:FalsePresent":29,"theMarked:DemonDagger":43,"Golden Idol":14,"Blue Candle":77,"Oddly Smooth Stone":79,"infinitespire:Beetle Shell":55,"Hololive_ChaosS":51,"infinitespire:Lucky Rock":58,"Letter Opener":74,"War Paint":78,"MawBank":9,"Akabeko":31,"WarpedTongs":3,"Peace Pipe":88,"theMarked:ArtifactOfAir":0,"SlaversCollar":17,"Hololive_LightStick":8,"Anchor":62,"Bottled Flame":64,"infinitespire:Lychee Nut":76,"infinitespire:Satchel":22,"Pandora\u0027s Box":34,"Turnip":38,"Bag of Marbles":26,"Art of War":41,"FossilizedHelix":47,"infinitespire:PuzzleCube":94},{"Tiny House":32,"Torii":22,"theMarked:SpiritSword":11,"Ancient Tea Set":7,"Cursed Key":40,"White_Cape":46,"Cleaning_Rag":23,"Frozen Eye":9,"Nunchaku":5,"Strawberry":21,"infinitespire:Golems Mask":12,"Tiny Chest":22,"MealTicket":45,"ruina:Prescript":33,"ruina:PrescriptsGrace":38,"Chemical X":27,"conspire:Dentures":16,"ruina:FalsePresent":16,"theMarked:DemonDagger":22,"Golden Idol":8,"Blue Candle":38,"Oddly Smooth Stone":38,"infinitespire:Beetle Shell":27,"Hololive_ChaosS":25,"infinitespire:Lucky Rock":28,"Letter Opener":36,"War Paint":38,"MawBank":5,"Akabeko":16,"WarpedTongs":2,"Peace Pipe":42,"theMarked:ArtifactOfAir":0,"SlaversCollar":9,"Hololive_LightStick":5,"Anchor":30,"Bottled Flame":30,"infinitespire:Lychee Nut":38,"infinitespire:Satchel":11,"Pandora\u0027s Box":17,"Turnip":20,"Bag of Marbles":14,"Art of War":21,"FossilizedHelix":23,"infinitespire:PuzzleCube":46},{"Tiny House":124,"Torii":91,"theMarked:SpiritSword":45,"Ancient Tea Set":27,"Cursed Key":149,"White_Cape":168,"Cleaning_Rag":94,"Frozen Eye":37,"Nunchaku":19,"Strawberry":86,"infinitespire:Golems Mask":50,"Tiny Chest":91,"MealTicket":165,"ruina:Prescript":128,"ruina:PrescriptsGrace":138,"Chemical X":106,"conspire:Dentures":65,"ruina:FalsePresent":65,"theMarked:DemonDagger":91,"Golden Idol":31,"Blue Candle":138,"Oddly Smooth Stone":138,"infinitespire:Beetle Shell":106,"Hololive_ChaosS":103,"infinitespire:Lucky Rock":109,"Letter Opener":133,"War Paint":138,"MawBank":19,"Akabeko":65,"WarpedTongs":6,"Peace Pipe":153,"theMarked:ArtifactOfAir":0,"SlaversCollar":37,"Hololive_LightStick":19,"Anchor":118,"Bottled Flame":118,"infinitespire:Lychee Nut":138,"infinitespire:Satchel":45,"Pandora\u0027s Box":72,"Turnip":81,"Bag of Marbles":56,"Art of War":86,"FossilizedHelix":94,"infinitespire:PuzzleCube":168}]},"card_choices":[{"not_picked":["theMarked:Improvise","theMarked:Overthink"],"picked":"theMarked:Friction","floor":1.0},{"not_picked":["theMarked:SwordAndMagic","theMarked:Improvise"],"picked":"theMarked:ParalyzingBlade","floor":2.0},{"not_picked":["theMarked:HeightenedSenses","theMarked:WardOff"],"picked":"theMarked:Static","floor":4.0},{"not_picked":["theMarked:ShockingTouch","theMarked:WardOff"],"picked":"theMarked:GodGivenPower","floor":5.0},{"not_picked":["theMarked:SwordAndMagic","theMarked:Friction"],"picked":"theMarked:EmpowerWeapon","floor":6.0},{"not_picked":["theMarked:TakeCover","theMarked:TheMission"],"picked":"theMarked:Memento","floor":10.0},{"not_picked":["theMarked:RepellingDischarge","theMarked:Maelstrom"],"picked":"theMarked:Generate","floor":12.0},{"not_picked":["theMarked:WastefulAttack","theMarked:WardOff"],"picked":"theMarked:Parkour","floor":13.0},{"not_picked":["theMarked:EternalStudent","theMarked:BiggerThanFate"],"picked":"theMarked:ThrowWeapon","floor":16.0},{"not_picked":["theMarked:ChainLightning","theMarked:Pokerface"],"picked":"theMarked:MysticalArsenal","floor":18.0},{"not_picked":["infinitespire:Execution","infinitespire:SealOfDarkness+"],"picked":"infinitespire:TheBestDefense","floor":19.0},{"not_picked":["theMarked:Static","theMarked:ResourceFulStrike","theMarked:TunnelVision"],"picked":"SKIP","floor":20.0},{"not_picked":["theMarked:Static+1","theMarked:HeightenedSenses"],"picked":"theMarked:Polarize","floor":23.0},{"not_picked":["theMarked:ElectricStrings","theMarked:Static+1","theMarked:SwordAndMagic"],"picked":"SKIP","floor":24.0},{"not_picked":["theMarked:TakeCover+1","theMarked:Standoff+1"],"picked":"theMarked:Abjuration","floor":25.0},{"not_picked":["theMarked:Friction","theMarked:RepellingDischarge"],"picked":"theMarked:MuscleMemory","floor":27.0},{"not_picked":["theMarked:HeightenedSenses","theMarked:Friction+1","theMarked:Memento"],"picked":"SKIP","floor":28.0},{"not_picked":["theMarked:BindingBlade","theMarked:TakeOffHeels"],"picked":"theMarked:EternalStudent","floor":33.0},{"not_picked":["theMarked:TakeCover","theMarked:Memento+1"],"picked":"theMarked:Panic","floor":35.0},{"not_picked":["theMarked:SwordAndMagic","theMarked:TunnelVision+1","theMarked:ChainLightning+1"],"picked":"SKIP","floor":36.0},{"not_picked":["Panacea","Flash of Steel"],"picked":"Dark Shackles","floor":37.0},{"not_picked":["theMarked:ElectricStrings+1","theMarked:WardOff+1"],"picked":"theMarked:Parry","floor":38.0},{"not_picked":["theMarked:Reabsorb","theMarked:Parkour+1"],"picked":"theMarked:Overcharge","floor":39.0},{"not_picked":["theMarked:ContemptForTheProud+1","theMarked:ChainLightning"],"picked":"theMarked:OneWithTheBlade","floor":42.0},{"not_picked":["theMarked:EmpowerWeapon","theMarked:Memento+1"],"picked":"theMarked:Improvise+1","floor":46.0},{"not_picked":["theMarked:Frustration","theMarked:EmpowerWeapon+1","theMarked:Challenge"],"picked":"SKIP","floor":48.0},{"not_picked":["theMarked:Snap","theMarked:TakeOffHeels"],"picked":"theMarked:Vacuum","floor":50.0},{"not_picked":["theMarked:RogueSparks","theMarked:Parkour","theMarked:TakeCover"],"picked":"SKIP","floor":52.0},{"not_picked":["theMarked:EnhanceMovement","theMarked:ComboAttacks","theMarked:SwordAndMagic"],"picked":"SKIP","floor":53.0},{"not_picked":["theMarked:BanishingStrike","theMarked:Indomitable","theMarked:TakeCover"],"picked":"SKIP","floor":58.0},{"not_picked":["theMarked:WardOff","theMarked:Frustration","theMarked:ElectricStrings"],"picked":"SKIP","floor":59.0},{"not_picked":["theMarked:Aftermath","theMarked:HeightenedSenses"],"picked":"theMarked:Maelstrom","floor":62.0},{"not_picked":["theMarked:TurnInvisible","theMarked:ChainLightning","theMarked:ResourceFulStrike"],"picked":"SKIP","floor":65.0},{"not_picked":["theMarked:Abjuration","theMarked:TakeOffHeels"],"picked":"theMarked:BiggerThanFate","floor":67.0},{"not_picked":["theMarked:ResourceFulStrike","theMarked:ComboAttacks"],"picked":"theMarked:Aftermath","floor":68.0},{"not_picked":["theMarked:ResourceFulStrike","theMarked:Parkour","theMarked:HeightenedSenses"],"picked":"SKIP","floor":69.0},{"not_picked":["theMarked:Convert","theMarked:ShockingTouch","theMarked:Parkour"],"picked":"SKIP","floor":71.0},{"not_picked":["theMarked:TakeCover","theMarked:Frustration+1"],"picked":"theMarked:RepellingDischarge+1","floor":72.0},{"not_picked":["theMarked:ElectricStrings","theMarked:TakeCover","theMarked:ResourceFulStrike"],"picked":"SKIP","floor":74.0},{"not_picked":["theMarked:Maelstrom","theMarked:ElectricStrings+1"],"picked":"theMarked:ChannelForce","floor":75.0},{"not_picked":["theMarked:Abjuration","theMarked:Static","theMarked:Frustration"],"picked":"SKIP","floor":76.0},{"not_picked":["theMarked:Parkour+1","theMarked:EmpowerWeapon+1","theMarked:RepellingDischarge+1"],"picked":"SKIP","floor":80.0},{"not_picked":["infinitespire:NeuralNetwork","infinitespire:FutureSight"],"picked":"infinitespire:Starlight","floor":81.0},{"not_picked":["theMarked:UnarmedFury","theMarked:Snap"],"picked":"theMarked:DispelDoubt","floor":84},{"not_picked":["theMarked:TakeCover","theMarked:ChannelForce","theMarked:ChainLightning"],"picked":"SKIP","floor":86},{"not_picked":["theMarked:HeightenedSenses+1","theMarked:TakeCover","theMarked:ResourceFulStrike+1"],"picked":"SKIP","floor":87},{"not_picked":["theMarked:EmpowerWeapon","theMarked:WardOff","theMarked:Aftermath+1"],"picked":"SKIP","floor":89},{"not_picked":["theMarked:KeepCalmAndFight","theMarked:Frustration+1","theMarked:WardOff+1"],"picked":"SKIP","floor":90},{"not_picked":["theMarked:Frustration+1","theMarked:ChainLightning+1"],"picked":"theMarked:Electrocute+1","floor":92},{"not_picked":["theMarked:BanishingStrike+1","theMarked:AttractMetal+1","theMarked:Overthink+1"],"picked":"SKIP","floor":93}],"player_experience":403716,"relics_obtained":[{"floor":6.0,"key":"Nunchaku"},{"floor":9.0,"key":"MawBank"},{"floor":12.0,"key":"Ancient Tea Set"},{"floor":22.0,"key":"infinitespire:Satchel"},{"floor":23.0,"key":"infinitespire:Golems Mask"},{"floor":26.0,"key":"Bag of Marbles"},{"floor":28.0,"key":"conspire:Dentures"},{"floor":38.0,"key":"Turnip"},{"floor":42.0,"key":"Torii"},{"floor":43.0,"key":"theMarked:DemonDagger"},{"floor":46.0,"key":"Cleaning_Rag"},{"floor":58.0,"key":"infinitespire:Lucky Rock"},{"floor":62.0,"key":"Anchor"},{"floor":64.0,"key":"Bottled Flame"},{"floor":74.0,"key":"Letter Opener"},{"floor":76.0,"key":"infinitespire:Lychee Nut"},{"floor":77.0,"key":"Blue Candle"},{"floor":78.0,"key":"War Paint"},{"floor":88,"key":"Peace Pipe"},{"floor":92,"key":"MealTicket"},{"floor":94,"key":"infinitespire:PuzzleCube"},{"floor":97,"key":"White_Cape"}],"event_choices":[{"damage_healed":0.0,"max_hp_gain":0.0,"max_hp_loss":0.0,"gold_gain":0.0,"event_name":"Accursed Blacksmith","player_choice":"Rummage","floor":3.0,"gold_loss":0.0,"damage_taken":0.0,"relics_obtained":["WarpedTongs"],"cards_obtained":["Pain"]},{"damage_healed":0.0,"max_hp_gain":0.0,"max_hp_loss":0.0,"gold_gain":0.0,"event_name":"Liars Game","player_choice":"Ignored","floor":7.0,"gold_loss":0.0,"damage_taken":0.0},{"damage_healed":0.0,"max_hp_gain":0.0,"max_hp_loss":0.0,"gold_gain":0.0,"event_name":"conspire:Investor","player_choice":"Leave","floor":11.0,"gold_loss":0.0,"damage_taken":0.0},{"damage_healed":0.0,"max_hp_gain":0.0,"max_hp_loss":0.0,"gold_gain":0.0,"event_name":"Golden Idol","player_choice":"Take Wound","floor":14.0,"gold_loss":0.0,"damage_taken":0.0,"relics_obtained":["Golden Idol"],"cards_obtained":["Injury"]},{"damage_healed":0.0,"max_hp_gain":0.0,"max_hp_loss":0.0,"gold_gain":0.0,"event_name":"SensoryStone","player_choice":"Memory 1","floor":37.0,"gold_loss":0.0,"damage_taken":0.0},{"damage_healed":0.0,"max_hp_gain":0.0,"max_hp_loss":0.0,"gold_gain":0.0,"event_name":"MindBloom","player_choice":"Fight","floor":38.0,"gold_loss":0.0,"damage_taken":0.0},{"damage_healed":0.0,"max_hp_gain":0.0,"max_hp_loss":0.0,"gold_gain":0.0,"event_name":"Mysterious Sphere","player_choice":"Fight","floor":42.0,"gold_loss":0.0,"damage_taken":0.0},{"cards_removed":["Clumsy"],"damage_healed":0.0,"max_hp_gain":0.0,"max_hp_loss":0.0,"gold_gain":0.0,"event_name":"Purifier","player_choice":"Purged","floor":44.0,"gold_loss":0.0,"damage_taken":0.0},{"damage_healed":0.0,"max_hp_gain":0.0,"max_hp_loss":0.0,"gold_gain":30.0,"event_name":"Dead Adventurer","player_choice":"Searched \u00273\u0027 times","floor":55.0,"gold_loss":0.0,"damage_taken":0.0,"relics_obtained":["infinitespire:Beetle Shell"]},{"damage_healed":0.0,"max_hp_gain":0.0,"max_hp_loss":0.0,"gold_gain":0.0,"event_name":"Living Wall","player_choice":"Grow","floor":56.0,"gold_loss":0.0,"damage_taken":0.0,"cards_upgraded":["theMarked:ThrowWeapon"]},{"damage_healed":0,"gold_gain":0,"player_choice":"Ignored","damage_taken":0,"max_hp_gain":0,"max_hp_loss":0,"event_name":"OrinTheCat","floor":96,"gold_loss":0}],"is_beta":false,"boss_relics":[{"not_picked":["Velvet Choker","conspire:RunicOctahedron"],"picked":"SlaversCollar"},{"not_picked":["Coffee Dripper","conspire:SlowCooker"],"picked":"Pandora\u0027s Box"},{"not_picked":["Runic Dome","Runic Pyramid"],"picked":"Hololive_ChaosS"},{"not_picked":["Fusion Hammer","Hololive_TopUpMoneyS"],"picked":"Tiny House"},{"not_picked":["Sozu","Calling Bell"],"picked":"Cursed Key"}],"items_purged_floors":[21,41],"is_endless":true,"potions_floor_spawned":[5,10,13,16,20,28,33,38,39,42,48,58,59,62,71,72,76,89,92],"killed_by":"Nemesis","ascension_level":0}}