{"host":"itme","time":1613503592,"event":{"mods":["BaseMod","Minty Spire (QoL Compilation)","StSLib"],"gold_per_floor":[119,139,156,168,168,187,212,230,312,312,335,378,378,412,412,412,412],"floor_reached":16,"language":"ENG","playtime":776,"items_purged":[],"score":232,"play_id":"c73a6380-d8c6-45c6-8045-32860c39cdb0","local_time":"20210216132632","is_ascension_mode":true,"campfire_choices":[{"data":"Sunder","floor":10,"key":"SMITH"},{"data":"Multi-Cast","floor":15,"key":"SMITH"}],"circlet_count":0,"master_deck":["AscendersBane","Strike_B","Strike_B","Defend_B","Defend_B","Defend_B","Zap","Dualcast","Doom and Gloom","Coolheaded","Ball Lightning","Sunder+1","Beam Cell","Multi-Cast+1","Undo","Recycle","Cold Snap","Hologram"],"relics":["Cracked Core","Golden Idol","Mercury Hourglass","Dream Catcher","WingedGreaves"],"acts_visited":["Exordium"],"potions_floor_usage":[11,12,14],"damage_taken":[{"damage":0,"enemies":"2 Louse","floor":1,"turns":1},{"damage":1,"enemies":"Cultist","floor":2,"turns":3},{"damage":10,"enemies":"Jaw Worm","floor":3,"turns":3},{"damage":0,"enemies":"3 Louse","floor":4,"turns":3},{"damage":9,"enemies":"Looter","floor":6,"turns":3},{"damage":3,"enemies":"Blue Slaver","floor":7,"turns":3},{"damage":0,"enemies":"2 Fungi Beasts","floor":8,"turns":2},{"damage":10,"enemies":"3 Louse","floor":11,"turns":3},{"damage":15,"enemies":"Lagavulin","floor":12,"turns":7},{"damage":1,"enemies":"Gremlin Nob","floor":14,"turns":3},{"damage":19,"enemies":"The Guardian","floor":16,"turns":8}],"seed_played":"7266802572309003292","potions_obtained":[{"floor":4,"key":"ColorlessPotion"},{"floor":7,"key":"Swift Potion"},{"floor":8,"key":"Dexterity Potion"},{"floor":12,"key":"SteroidPotion"},{"floor":14,"key":"Strength Potion"}],"is_trial":false,"path_per_floor":["M","M","M","M","?","M","M","M","T","R","M","E","?","E","R","B"],"character_chosen":"DEFECT","items_purchased":[],"campfire_rested":0,"item_purchase_floors":[],"current_hp_per_floor":[64,63,53,53,53,44,41,41,41,41,31,16,16,15,15,0,0],"gold":412,"neow_bonus":"TRANSFORM_TWO_CARDS","is_daily":false,"chose_seed":false,"campfire_upgraded":2,"win_rate":0.0,"timestamp":1613503592,"path_taken":["M","M","M","M","?","M","M","M","T","R","M","E","?","E","R","BOSS"],"items_purchased_type":[],"build_version":"2020-12-18","purchased_purges":0,"victory":false,"max_hp_per_floor":[64,64,64,64,58,58,58,58,58,58,58,58,58,58,58,58,58],"card_choices":[{"not_picked":["Barrage","Coolheaded"],"picked":"Ball Lightning","floor":1},{"not_picked":["Conserve Battery","Steam"],"picked":"Sunder","floor":2},{"not_picked":["Lockon","Barrage"],"picked":"Beam Cell","floor":3},{"not_picked":["Gash","Turbo"],"picked":"Multi-Cast","floor":4},{"not_picked":["Fusion","Sweeping Beam"],"picked":"Undo","floor":6},{"not_picked":["Stack","Rebound"],"picked":"Recycle","floor":7},{"not_picked":["Barrage","Storm","Ball Lightning"],"picked":"SKIP","floor":8},{"not_picked":["Barrage","Storm","Ball Lightning"],"picked":"SKIP","floor":8},{"not_picked":["Steam","Sweeping Beam"],"picked":"Cold Snap","floor":11},{"not_picked":["Double Energy","Thunder Strike","Glacier"],"picked":"SKIP","floor":12},{"not_picked":["Coolheaded","Stack"],"picked":"Hologram","floor":14}],"player_experience":908066,"relics_obtained":[{"floor":9,"key":"Mercury Hourglass"},{"floor":12,"key":"Dream Catcher"},{"floor":14,"key":"WingedGreaves"}],"event_choices":[{"damage_healed":0,"gold_gain":0,"player_choice":"Lose Max HP","damage_taken":0,"relics_obtained":["Golden Idol"],"max_hp_gain":0,"max_hp_loss":6,"event_name":"Golden Idol","floor":5,"gold_loss":0},{"cards_removed":["Strike_B"],"damage_healed":0,"gold_gain":0,"player_choice":"Card Removal","damage_taken":0,"max_hp_gain":0,"max_hp_loss":0,"event_name":"Wheel of Change","floor":13,"gold_loss":0}],"is_beta":true,"boss_relics":[],"items_purged_floors":[],"is_endless":false,"potions_floor_spawned":[4,7,8,12,14],"killed_by":"The Guardian","ascension_level":20}}