{"host":"7cp3z5w0tcrrm8ys","time":1613444319,"event":{"mods":["AchievementEnabler","BaseMod","DeckTracker","Minty Spire (QoL Compilation)","StSLib","SuperFastMode"],"gold_per_floor":[115,135,210,220,239,239,265,265,311,346,365,385,405,405,405],"floor_reached":14,"language":"KOR","playtime":390,"items_purged":[],"score":208,"play_id":"f6f8e20c-8733-4944-a3ce-080380ed2aaa","local_time":"20210216115839","is_ascension_mode":true,"campfire_choices":[{"floor":6,"key":"REST"},{"data":"Hello World","floor":8,"key":"SMITH"}],"circlet_count":0,"master_deck":["AscendersBane","Strike_B","Strike_B","Strike_B","Strike_B","Defend_B","Defend_B","Defend_B","Defend_B","Zap","Dualcast","Panacea","Conserve Battery","Sunder","Lockon","Hello World+1","Chill","Turbo","Stack","Barrage","Capacitor"],"relics":["Cracked Core","Pear","Orichalcum","DataDisk"],"acts_visited":["Exordium"],"potions_floor_usage":[5,7,7,10,13,14],"damage_taken":[{"damage":8,"enemies":"2 Louse","floor":1,"turns":2},{"damage":11,"enemies":"Small Slimes","floor":2,"turns":3},{"damage":1,"enemies":"Cultist","floor":4,"turns":4},{"damage":7,"enemies":"Large Slime","floor":5,"turns":5},{"damage":21,"enemies":"Lagavulin","floor":7,"turns":6},{"damage":4,"enemies":"3 Sentries","floor":10,"turns":7},{"damage":10,"enemies":"Lots of Slimes","floor":11,"turns":6},{"damage":9,"enemies":"3 Louse","floor":12,"turns":5},{"damage":0,"enemies":"Large Slime","floor":13,"turns":4},{"damage":25,"enemies":"Gremlin Nob","floor":14,"turns":3}],"seed_played":"2517164187331236385","potions_obtained":[{"floor":1,"key":"EssenceOfDarkness"},{"floor":2,"key":"ColorlessPotion"},{"floor":5,"key":"CultistPotion"},{"floor":7,"key":"Energy Potion"},{"floor":10,"key":"PowerPotion"},{"floor":13,"key":"EssenceOfSteel"}],"is_trial":false,"path_per_floor":["M","M","?","M","M","R","E","R","T","E","M","M","M","E"],"character_chosen":"DEFECT","items_purchased":[],"campfire_rested":1,"item_purchase_floors":[],"current_hp_per_floor":[56,45,34,33,26,47,36,36,36,32,22,13,13,0,0],"gold":405,"neow_bonus":"RANDOM_COLORLESS","is_daily":false,"chose_seed":false,"campfire_upgraded":1,"win_rate":0.0,"timestamp":1613444319,"path_taken":["M","M","?","M","M","R","E","R","T","E","M","M","M","E"],"items_purchased_type":[],"build_version":"2020-12-22","purchased_purges":0,"victory":false,"max_hp_per_floor":[71,71,71,71,71,71,81,81,81,81,81,81,81,81,81],"card_choices":[{"not_picked":["Forethought","Good Instincts"],"picked":"Panacea","floor":0},{"not_picked":["Sweeping Beam","Leap"],"picked":"Conserve Battery","floor":1},{"not_picked":["Turbo","Redo"],"picked":"Sunder","floor":2},{"not_picked":["Go for the Eyes","Auto Shields"],"picked":"Lockon","floor":4},{"not_picked":["Chaos","Sweeping Beam"],"picked":"Hello World","floor":5},{"not_picked":["Streamline","Recycle"],"picked":"Chill","floor":7},{"not_picked":["Ball Lightning","Coolheaded"],"picked":"Turbo","floor":10},{"not_picked":["Coolheaded","Go for the Eyes"],"picked":"Stack","floor":11},{"not_picked":["Conserve Battery","Compile Driver"],"picked":"Barrage","floor":12},{"not_picked":["Melter","Redo"],"picked":"Capacitor","floor":13}],"player_experience":815725,"relics_obtained":[{"floor":7,"key":"Pear"},{"floor":9,"key":"Orichalcum"},{"floor":10,"key":"DataDisk"}],"event_choices":[{"damage_healed":0,"gold_gain":75,"player_choice":"Gather Gold","damage_taken":11,"max_hp_gain":0,"max_hp_loss":0,"event_name":"World of Goop","floor":3,"gold_loss":0}],"is_beta":false,"boss_relics":[],"items_purged_floors":[],"is_endless":false,"potions_floor_spawned":[1,2,5,7,10,13],"killed_by":"Gremlin Nob","ascension_level":20}}