{"host":"tzwikg9s6mkzv6w0","time":1613484706,"event":{"mods":["BaseMod","Good Game Mod","Minty Spire (QoL Compilation)","Spicy Shops","StSLib"],"gold_per_floor":[119,119,135,135,152,152,185,201,225,245,245,70,70,88,88,188,188,202,202,217,240,240,269,269,298,298,314,343,354,380,63,63,166,166,183,233,6,17,28,44,72,72,72,88,88,108,156,187,199,211,223,235,13,39,39],"floor_reached":56,"language":"ZHS","playtime":3141,"items_purged":["Pain","Strike_B","Strike_B","Strike_B"],"score":1521,"play_id":"a451ff6a-6bed-4ad9-ad1a-7166d7a32d2d","local_time":"20210216221146","is_ascension_mode":true,"campfire_choices":[{"data":"Fission","floor":6.0,"key":"SMITH"},{"floor":11.0,"key":"REST"},{"data":"Skim","floor":13.0,"key":"SMITH"},{"data":"Capacitor","floor":15.0,"key":"SMITH"},{"floor":32.0,"key":"REST"},{"data":"Coolheaded","floor":42.0,"key":"SMITH"},{"floor":49,"key":"RECALL"},{"data":"Coolheaded","floor":52,"key":"SMITH"}],"circlet_count":0,"master_deck":["Strike_B+1","Defend_B","Defend_B","Defend_B","Defend_B","Zap","Dualcast","Fission+1","Capacitor+1","Ball Lightning+1","Skim+1","Turbo","Echo Form","Coolheaded+1","Glacier","Hologram+1","Core Surge","Chill","Double Energy+1","Blizzard+1","Fission","Coolheaded+1","Reboot","Recycle+1"],"relics":["Cracked Core","REME:ComplimentaryCards","NeowsBlessing","Tiny Chest","WarpedTongs","Nunchaku","PreservedInsect","Black Star","Oddly Smooth Stone","Dream Catcher","White Beast Statue","Happy Flower","Ice Cream","Pear","Shuriken","Toy Ornithopter","Blood Vial","FossilizedHelix","Bag of Preparation","SacredBark","TungstenRod","Membership Card","OrangePellets","Whetstone","The Courier","Potion Belt","Torii","Pocketwatch","Molten Egg 2","MawBank","TheAbacus","Lantern","Orichalcum","Incense Burner"],"acts_visited":["Exordium","TheCity","TheBeyond","TheEnding"],"potions_floor_usage":[46,47,50,55,55,55],"damage_taken":[{"damage":0.0,"enemies":"Jaw Worm","floor":1.0,"turns":1.0},{"damage":0.0,"enemies":"Cultist","floor":3.0,"turns":1.0},{"damage":0.0,"enemies":"Small Slimes","floor":5.0,"turns":1.0},{"damage":19.0,"enemies":"Gremlin Nob","floor":7.0,"turns":3.0},{"damage":36.0,"enemies":"Exordium Thugs","floor":8.0,"turns":6.0},{"damage":13.0,"enemies":"Exordium Wildlife","floor":10.0,"turns":4.0},{"damage":0.0,"enemies":"Large Slime","floor":14.0,"turns":4.0},{"damage":16.0,"enemies":"Hexaghost","floor":16.0,"turns":11.0},{"damage":14.0,"enemies":"Shell Parasite","floor":18.0,"turns":6.0},{"damage":14.0,"enemies":"Spheric Guardian","floor":20.0,"turns":4.0},{"damage":11.0,"enemies":"Book of Stabbing","floor":23.0,"turns":7.0},{"damage":15.0,"enemies":"Gremlin Leader","floor":25.0,"turns":11.0},{"damage":18.0,"enemies":"Snake Plant","floor":27.0,"turns":7.0},{"damage":3.0,"enemies":"Slavers","floor":28.0,"turns":4.0},{"damage":0.0,"enemies":"Centurion and Healer","floor":29.0,"turns":6.0},{"damage":7.0,"enemies":"Book of Stabbing","floor":30.0,"turns":5.0},{"damage":0.0,"enemies":"Champ","floor":33.0,"turns":7.0},{"damage":0.0,"enemies":"3 Darklings","floor":35.0,"turns":2.0},{"damage":0.0,"enemies":"Mind Bloom Boss Battle","floor":36.0,"turns":6.0},{"damage":0.0,"enemies":"3 Shapes","floor":38.0,"turns":4.0},{"damage":0.0,"enemies":"Spire Growth","floor":39.0,"turns":4.0},{"damage":0.0,"enemies":"Writhing Mass","floor":40.0,"turns":4.0},{"damage":23.0,"enemies":"Nemesis","floor":41.0,"turns":9.0},{"damage":0.0,"enemies":"Sphere and 2 Shapes","floor":44.0,"turns":2.0},{"damage":0,"enemies":"4 Shapes","floor":46,"turns":5},{"damage":0,"enemies":"2 Orb Walkers","floor":47,"turns":4},{"damage":0,"enemies":"Giant Head","floor":48,"turns":6},{"damage":7,"enemies":"Awakened One","floor":50,"turns":12},{"damage":9,"enemies":"Shield and Spear","floor":54,"turns":5},{"damage":39,"enemies":"The Heart","floor":55,"turns":10}],"seed_played":"-4387371683555701918","potions_obtained":[{"floor":1.0,"key":"LiquidBronze"},{"floor":8.0,"key":"Swift Potion"},{"floor":10.0,"key":"Dexterity Potion"},{"floor":16.0,"key":"SpeedPotion"},{"floor":25.0,"key":"GamblersBrew"},{"floor":27.0,"key":"SneckoOil"},{"floor":28.0,"key":"SkillPotion"},{"floor":29.0,"key":"BlessingOfTheForge"},{"floor":30.0,"key":"Regen Potion"},{"floor":33.0,"key":"FocusPotion"},{"floor":35.0,"key":"Energy Potion"},{"floor":36.0,"key":"Swift Potion"},{"floor":40.0,"key":"SteroidPotion"},{"floor":41.0,"key":"AttackPotion"},{"floor":44.0,"key":"SkillPotion"},{"floor":46,"key":"GamblersBrew"},{"floor":47,"key":"SteroidPotion"},{"floor":48,"key":"AttackPotion"},{"floor":54,"key":"SneckoOil"}],"is_trial":false,"path_per_floor":["M","?","M","?","M","R","E","M","T","M","R","$","R","M","R","B",null,"M","?","M","T","?","E","T","E","T","M","E","M","E","$","R","B",null,"M","?","$","M","M","M","E","R","T","M","T","M","?","E","R","B",null,"R","$","E","B",null],"character_chosen":"DEFECT","items_purchased":["Bag of Preparation","Coolheaded","Membership Card","OrangePellets","TheAbacus","Lantern","FairyPotion"],"campfire_rested":2,"item_purchase_floors":[31,31,37,37,53,53,53],"current_hp_per_floor":[75,75,75,75,75,75,56,20,20,7,29,29,29,29,29,13,75,61,61,47,47,47,36,36,21,31,13,10,10,13,13,38,60,85,85,85,85,85,85,85,62,62,62,69,69,76,83,85,85,78,85,85,85,76,51],"gold":39,"neow_bonus":"THREE_ENEMY_KILL","is_daily":false,"chose_seed":false,"campfire_upgraded":5,"win_rate":0.0,"timestamp":1613484706,"path_taken":["M","?","?","?","M","R","E","M","T","M","R","$","R","M","R","BOSS","M","?","M","?","?","E","?","E","T","M","E","M","E","$","R","BOSS","M","?","$","M","M","M","E","R","T","M","?","M","?","E","R","BOSS","R","$","E","BOSS"],"items_purchased_type":["Relic","Card","Relic","Relic","Relic","Relic","Potion"],"build_version":"2020-12-22","purchased_purges":4,"victory":true,"max_hp_per_floor":[75,75,75,75,75,75,75,75,75,75,75,75,75,75,75,75,75,75,75,75,75,75,75,75,75,85,85,85,85,85,85,85,85,85,85,85,85,85,85,85,85,85,85,85,85,85,85,85,85,85,85,85,85,85,85],"card_choices":[{"not_picked":["Streamline","Gash"],"picked":"Capacitor","floor":1.0},{"not_picked":["Compile Driver","Stack"],"picked":"Ball Lightning","floor":3.0},{"not_picked":["Auto Shields","Leap"],"picked":"Skim","floor":5.0},{"not_picked":["Conserve Battery","Ball Lightning"],"picked":"Turbo","floor":7.0},{"not_picked":["Leap","Go for the Eyes","Streamline"],"picked":"SKIP","floor":8.0},{"not_picked":["Scrape","Capacitor","Ball Lightning"],"picked":"SKIP","floor":10.0},{"not_picked":["Capacitor","Redo","Hello World"],"picked":"SKIP","floor":14.0},{"not_picked":["Buffer","Core Surge"],"picked":"Echo Form","floor":16.0},{"not_picked":["Redo","Steam Power"],"picked":"Coolheaded","floor":18.0},{"not_picked":["Cold Snap+1","Steam+1","Loop"],"picked":"SKIP","floor":20.0},{"not_picked":["Gash","Self Repair"],"picked":"Hologram+1","floor":23.0},{"not_picked":["Doom and Gloom","Gash"],"picked":"Core Surge","floor":25.0},{"not_picked":["Ball Lightning","Streamline"],"picked":"Chill","floor":27.0},{"not_picked":["Fusion","Melter"],"picked":"Double Energy+1","floor":28.0},{"not_picked":["Streamline+1","Stack+1"],"picked":"Blizzard+1","floor":29.0},{"not_picked":["Glacier","Storm","Fission"],"picked":"SKIP","floor":30.0},{"not_picked":["Glacier","Storm","Fission"],"picked":"SKIP","floor":30.0},{"not_picked":["Glacier","Storm"],"picked":"Fission","floor":30.0},{"not_picked":["Hyperbeam","Machine Learning"],"picked":"Reboot","floor":33.0},{"not_picked":["Glacier","Sweeping Beam+1","Static Discharge+1"],"picked":"SKIP","floor":35.0},{"not_picked":["Self Repair","Genetic Algorithm+1"],"picked":"Recycle+1","floor":36.0},{"not_picked":["Steam","Sweeping Beam","Ball Lightning"],"picked":"SKIP","floor":38.0},{"not_picked":["Undo+1","Melter+1","Beam Cell+1"],"picked":"SKIP","floor":39.0},{"not_picked":["Consume+1","Recycle+1","Turbo+1"],"picked":"SKIP","floor":40.0},{"not_picked":["Auto Shields+1","Self Repair+1","Darkness"],"picked":"SKIP","floor":41.0},{"not_picked":["Ball Lightning+1","Turbo","Compile Driver"],"picked":"SKIP","floor":44.0},{"not_picked":["Leap","Scrape+1","Go for the Eyes"],"picked":"SKIP","floor":46},{"not_picked":["Go for the Eyes+1","Sweeping Beam+1","Redo"],"picked":"SKIP","floor":48},{"not_picked":["Coolheaded","Redo+1","Hyperbeam+1"],"picked":"SKIP","floor":54}],"player_experience":99599,"relics_obtained":[{"floor":7.0,"key":"Nunchaku"},{"floor":9.0,"key":"PreservedInsect"},{"floor":23.0,"key":"Oddly Smooth Stone"},{"floor":23.0,"key":"Dream Catcher"},{"floor":24.0,"key":"White Beast Statue"},{"floor":25.0,"key":"Happy Flower"},{"floor":25.0,"key":"Ice Cream"},{"floor":26.0,"key":"Pear"},{"floor":28.0,"key":"Shuriken"},{"floor":28.0,"key":"Toy Ornithopter"},{"floor":30.0,"key":"Blood Vial"},{"floor":30.0,"key":"FossilizedHelix"},{"floor":36.0,"key":"TungstenRod"},{"floor":41.0,"key":"Whetstone"},{"floor":41.0,"key":"The Courier"},{"floor":43.0,"key":"Potion Belt"},{"floor":45.0,"key":"Torii"},{"floor":47,"key":"Pocketwatch"},{"floor":48,"key":"Molten Egg 2"},{"floor":48,"key":"MawBank"},{"floor":54,"key":"Orichalcum"},{"floor":54,"key":"Incense Burner"}],"event_choices":[{"damage_healed":0.0,"max_hp_gain":0.0,"max_hp_loss":0.0,"gold_gain":0.0,"event_name":"WeMeetAgain","player_choice":"Gave Potion","floor":2.0,"gold_loss":0.0,"damage_taken":0.0,"relics_obtained":["Tiny Chest"]},{"damage_healed":0.0,"max_hp_gain":0.0,"max_hp_loss":0.0,"gold_gain":0.0,"event_name":"Accursed Blacksmith","player_choice":"Rummage","floor":4.0,"gold_loss":0.0,"damage_taken":0.0,"relics_obtained":["WarpedTongs"],"cards_obtained":["Pain"]},{"damage_healed":0.0,"max_hp_gain":0.0,"max_hp_loss":0.0,"gold_gain":0.0,"event_name":"The Library","player_choice":"Read","floor":19.0,"gold_loss":0.0,"damage_taken":0.0,"cards_obtained":["Glacier"]},{"damage_healed":0.0,"max_hp_gain":0.0,"max_hp_loss":0.0,"gold_gain":0.0,"event_name":"Vampires","player_choice":"Ignored","floor":22.0,"gold_loss":0.0,"damage_taken":0.0},{"damage_healed":0.0,"max_hp_gain":0.0,"max_hp_loss":0.0,"gold_gain":0.0,"event_name":"MindBloom","player_choice":"Fight","floor":36.0,"gold_loss":0.0,"damage_taken":0.0},{"damage_healed":0,"gold_gain":0,"player_choice":"Fight","damage_taken":0,"max_hp_gain":0,"max_hp_loss":0,"event_name":"Mysterious Sphere","floor":47,"gold_loss":0}],"is_beta":false,"boss_relics":[{"not_picked":["Philosopher\u0027s Stone","Empty Cage"],"picked":"Black Star"},{"not_picked":["Velvet Choker","Sozu"],"picked":"SacredBark"}],"items_purged_floors":[12,12,31,53],"is_endless":false,"potions_floor_spawned":[1,8,10,16,25,27,28,29,30,33,35,36,38,39,40,41,44,46,47,48,54],"ascension_level":2}}