{"host":"8lvnnmfamkc2d31d","time":1613517269,"event":{"mods":["2.2 Compatiblity","Act Like it!","Arknights","BaseMod","Better Skull","Better Third Choice","Colored Map","Minty Spire (QoL Compilation)","Relic Stats","StSLib"],"gold_per_floor":[109,124,144,162,127,156,156,187,213,213,241,193,193,193],"floor_reached":13,"language":"ENG","playtime":590,"items_purged":[],"score":113,"play_id":"46ab388d-1771-40ab-8929-7684230a7ca2","local_time":"20210216171429","is_ascension_mode":true,"campfire_choices":[],"circlet_count":0,"master_deck":["ats:Strike C+1","ats:Strike G","ats:Strike S","ats:Strike V","ats:Armor Crushing Shot+1","ats:Defend","ats:Defend","ats:Defend","ats:Defend","ats:Emotion Absorption","ats:Dogmatic Field","ats:Thermite Blade","ats:Cat Scratch","ats:Guard Mode","ats:Closed Bolt Burst Fire","ats:Magnetic Hammer+1","ats:Healing Strengthening","ats:Blood Oath"],"relics":["ats:Sanity","ats:Originium","Ornamental Fan","Whetstone","Bronze Scales","Juzu Bracelet"],"acts_visited":["Exordium"],"potions_floor_usage":[6,10,11],"damage_taken":[{"damage":0,"enemies":"2 Louse","floor":1,"turns":3},{"damage":16,"enemies":"Jaw Worm","floor":2,"turns":4},{"damage":19,"enemies":"ats:Genji","floor":3,"turns":5},{"damage":21,"enemies":"Gremlin Gang","floor":4,"turns":7},{"damage":4,"enemies":"Gremlin Nob","floor":6,"turns":3},{"damage":4,"enemies":"3 Sentries","floor":8,"turns":6},{"damage":11,"enemies":"Gremlin Nob","floor":11,"turns":3},{"damage":18,"enemies":"3 Sentries","floor":13,"turns":2}],"seed_played":"6779003829480529251","potions_obtained":[{"floor":1,"key":"Strength Potion"},{"floor":2,"key":"Fruit Juice"},{"floor":8,"key":"SteroidPotion"}],"is_trial":false,"path_per_floor":["M","M","M","M","?","E","?","E","T","?","E","?","E"],"character_chosen":"DOCTOR_CLASS","items_purchased":[],"campfire_rested":0,"item_purchase_floors":[],"current_hp_per_floor":[72,56,37,16,34,30,30,26,26,24,13,13,0,0],"gold":193,"neow_bonus":"ONE_RANDOM_RARE_CARD","is_daily":false,"chose_seed":false,"campfire_upgraded":0,"win_rate":0.0,"timestamp":1613517269,"path_taken":["M","M","M","M","?","E","?","E","T","?","E","?","E"],"items_purchased_type":[],"build_version":"2020-12-22","purchased_purges":0,"victory":false,"max_hp_per_floor":[72,72,72,72,72,72,72,72,72,77,77,77,77,77],"relic_stats":{"counters":[8,33],"Ornamental Fan":[0],"Bronze Scales":[9],"Juzu Bracelet":1,"Whetstone":["ats:Armor Crushing Shot","ats:Strike C"],"obtain_stats":[{"ats:Originium":6,"Ornamental Fan":6,"Bronze Scales":9,"Juzu Bracelet":11,"ats:Sanity":0,"Whetstone":8},{"ats:Originium":5,"Ornamental Fan":5,"Bronze Scales":6,"Juzu Bracelet":7,"ats:Sanity":0,"Whetstone":6},{"ats:Originium":22,"Ornamental Fan":22,"Bronze Scales":28,"Juzu Bracelet":31,"ats:Sanity":0,"Whetstone":28}]},"card_choices":[{"not_picked":["ats:LN2 Cannon","ats:Absolute Focus"],"picked":"ats:Thermite Blade","floor":1},{"not_picked":["ats:Flexible Camouflage","ats:Guard Mode"],"picked":"ats:Cat Scratch","floor":2},{"not_picked":["ats:Assault Order","ats:Leaping Hammer"],"picked":"ats:Guard Mode","floor":3},{"not_picked":["ats:Assault Order","ats:Beaten Up"],"picked":"ats:Closed Bolt Burst Fire","floor":4},{"not_picked":["ats:Closed Bolt Burst Fire","ats:Revitalization"],"picked":"ats:Magnetic Hammer","floor":6},{"not_picked":["ats:Serious Mode","ats:Automatic Cover"],"picked":"ats:Healing Strengthening","floor":8},{"not_picked":["ats:Part Time Job","ats:Ignite"],"picked":"ats:Blood Oath","floor":11}],"player_experience":455470,"relics_obtained":[{"floor":6,"key":"ats:Originium"},{"floor":6,"key":"Ornamental Fan"},{"floor":8,"key":"ats:Originium"},{"floor":8,"key":"Whetstone"},{"floor":9,"key":"Bronze Scales"},{"floor":11,"key":"ats:Originium"},{"floor":11,"key":"Juzu Bracelet"}],"event_choices":[{"damage_healed":18,"gold_gain":0,"player_choice":"Healed","damage_taken":0,"max_hp_gain":0,"max_hp_loss":0,"event_name":"The Cleric","floor":5,"gold_loss":35},{"damage_healed":0,"gold_gain":0,"player_choice":"Grow","damage_taken":0,"max_hp_gain":0,"max_hp_loss":0,"event_name":"Living Wall","floor":7,"gold_loss":0,"cards_upgraded":["ats:Magnetic Hammer"]},{"damage_healed":0,"gold_gain":0,"player_choice":"Damaged","damage_taken":7,"max_hp_gain":0,"max_hp_loss":0,"event_name":"Wheel of Change","floor":10,"gold_loss":0},{"damage_healed":0,"gold_gain":0,"player_choice":"Left","damage_taken":0,"max_hp_gain":0,"max_hp_loss":0,"event_name":"betterThird:BetterGoop","floor":12,"gold_loss":48}],"is_beta":false,"boss_relics":[],"items_purged_floors":[],"is_endless":false,"potions_floor_spawned":[1,2,8],"killed_by":"3 Sentries","ascension_level":2}}