{"host":"df48i9djcn92c5sx","time":1613515123,"event":{"mods":["Act Like it!","Arknights","BaseMod","Decade(王小明)","Downfall","Gensokyo","Marisa（F雨　魔理沙）","Minty Spire (QoL Compilation)","READ ME - Guardian Mod","READ ME - Snecko Mod","Reimu（博丽灵梦）","Remilia（蕾米莉亚）","Shop Mod","StSLib","The Jungle","The Servant 0.9.4"],"gold_per_floor":[117,117,117,117,130,130,141,141,165,180,213,213,213,233,233,329,329,346,362,376,376,391,418,418,436,436,436,436,436,436,467,467,568,568,579,592,436,436,455,455,472,472,472,502,282,296,0,11,11,11],"floor_reached":51,"language":"ZHS","playtime":1616,"items_purged":["Strike_Lin:ReiMu"],"score":1090,"play_id":"88663f45-634e-4d9d-ad80-ef04f4595c74","local_time":"20210217063843","is_ascension_mode":true,"campfire_choices":[{"data":"NB:ReiMu","floor":6.0,"key":"SMITH"},{"data":"Gensokyo:CrescentMoonSlash","floor":8.0,"key":"SMITH"},{"data":"OctopathBindingBorder2:ReiMu","floor":13.0,"key":"SMITH"},{"data":"FoulBorder2:ReiMu","floor":15.0,"key":"SMITH"},{"data":"PhosphorusFlame:ReiMu","floor":24,"key":"SMITH"},{"data":"PayForSelf:ReiMu","floor":28,"key":"SMITH"},{"data":"OctopathSalyBorderN:ReiMu","floor":30,"key":"SMITH"},{"data":"SubcavityFantasy:ReiMu","floor":32,"key":"SMITH"},{"data":"SealNeedle:ReiMu","floor":40,"key":"SMITH"},{"data":"Determination:ReiMu","floor":42,"key":"SMITH"},{"floor":49,"key":"REST"}],"circlet_count":0,"master_deck":["Strike_Lin:ReiMu","Defend_Lin:ReiMu","Defend_Lin:ReiMu","Defend_Lin:ReiMu","Defend_Lin:ReiMu","NB:ReiMu+1","Stagnation:ReiMu","Conquer:ReiMu","Gensokyo:CrescentMoonSlash+1","SubAcupoint:ReiMu","OctopathBindingBorder2:ReiMu+1","PayForSelf:ReiMu+1","FoulBorder2:ReiMu+1","OctopathSalyBorderN:ReiMu+1","PhosphorusFlame:ReiMu+1","Gensokyo:MenInBlack","SealNeedle:ReiMu+1","YinYangSign:ReiMu+1","WonderfulDomain:ReiMu+1","SubcavityFantasy:ReiMu+1","Determination:ReiMu+1","AirManeuver:ReiMu+1","Amulet:ReiMu+1","Meditation:ReiMu+1","Enchanting:ReiMu+1","AlertArray:ReiMu"],"relics":["ShineYinYang:ReiMu","NeowsBlessing","Mastiff:ReiMu","Boot","Velvet Choker","Pear","Oddly Smooth Stone","White Beast Statue","InkBottle","Chemical X","StrikeDummy","Salt:ReiMu","Toy Ornithopter","Tea:ReiMu"],"acts_visited":["Exordium","Gensokyo:Gensokyo","Gensokyo:Gensokyoer"],"potions_floor_usage":[23,23,33,39,41,44,44,44,48,50],"damage_taken":[{"damage":0.0,"enemies":"Gensokyo:2_Kodama","floor":1.0,"turns":1.0},{"damage":0.0,"enemies":"Gensokyo:3_Fairies","floor":5.0,"turns":1.0},{"damage":0.0,"enemies":"Gensokyo:Python","floor":7.0,"turns":1.0},{"damage":8.0,"enemies":"Gensokyo:2_Rabbits","floor":10.0,"turns":3.0},{"damage":10.0,"enemies":"Gensokyo:Aya","floor":11.0,"turns":7.0},{"damage":1.0,"enemies":"Gensokyo:3_Kodama","floor":14.0,"turns":3.0},{"damage":3.0,"enemies":"Gensokyo:Reimu","floor":16.0,"turns":7.0},{"damage":0.0,"enemies":"Gensokyo:3_Dogs","floor":18.0,"turns":1.0},{"damage":0.0,"enemies":"Gensokyo:CosmicMonolith","floor":19.0,"turns":6.0},{"damage":0.0,"enemies":"Gensokyo:3_Gloops","floor":20.0,"turns":3.0},{"damage":9.0,"enemies":"Gensokyo:Slime_Group","floor":22.0,"turns":4.0},{"damage":16,"enemies":"Gensokyo:Tenshi","floor":23,"turns":6},{"damage":1,"enemies":"Gensokyo:Swordslinger","floor":25,"turns":5},{"damage":0,"enemies":"Gensokyo:Koishi","floor":31,"turns":6},{"damage":10,"enemies":"Gensokyo:Eiki","floor":33,"turns":8},{"damage":7,"enemies":"Gensokyo:AncientGuardian","floor":35,"turns":5},{"damage":5,"enemies":"Gensokyo:3_Bats","floor":36,"turns":3},{"damage":0,"enemies":"Gensokyo:3_Boulders","floor":39,"turns":7},{"damage":7,"enemies":"Gensokyo:Rafflesia","floor":41,"turns":6},{"damage":30,"enemies":"Gensokyo:Kasen","floor":44,"turns":5},{"damage":7,"enemies":"Gensokyo:SeedOfUnknown","floor":46,"turns":4},{"damage":0,"enemies":"Gensokyo:3_Boulders","floor":48,"turns":3},{"damage":23,"enemies":"Gensokyo:Shinki","floor":50,"turns":14}],"seed_played":"-172774493027273176","potions_obtained":[{"floor":7.0,"key":"LiquidFlight:ReiMu"},{"floor":18.0,"key":"PowerPotion"},{"floor":22.0,"key":"FearPotion"},{"floor":31,"key":"BottledKami:ReiMu"},{"floor":33,"key":"Energy Potion"},{"floor":35,"key":"Fire Potion"},{"floor":36,"key":"BottledKami:ReiMu"},{"floor":39,"key":"PowerPotion"},{"floor":41,"key":"Strength Potion"},{"floor":44,"key":"MagicPotion:ReiMu"},{"floor":46,"key":"FairyPotion"},{"floor":48,"key":"Fire Potion"}],"is_trial":false,"path_per_floor":["M","$","?","$","M","R","M","R","T","M","E","?","R","M","R","B",null,"M","M","M","?","M","E","R","M","T","T","R","?","R","E","R","B",null,"M","M","$","?","M","R","M","R","T","E","$","M","$","M","R","B",null],"character_chosen":"REIMU","items_purchased":["Chemical X","Toy Ornithopter","Tea:ReiMu","Strength Potion"],"campfire_rested":1,"item_purchase_floors":[37,45,47,47],"current_hp_per_floor":[59,59,50,50,50,50,50,50,50,42,32,32,32,31,31,28,56,56,56,56,56,47,41,41,40,40,40,40,40,40,40,40,30,59,52,47,47,47,47,47,40,40,40,10,10,3,3,8,48,30],"gold":11,"neow_bonus":"THREE_ENEMY_KILL","is_daily":false,"chose_seed":false,"campfire_upgraded":10,"win_rate":0.0,"timestamp":1613515123,"path_taken":["M","$","?","?","M","R","M","R","T","M","E","?","R","?","R","BOSS","M","?","M","?","?","E","R","M","T","?","R","?","R","E","R","BOSS","M","M","$","?","M","R","M","R","T","E","?","?","?","M","R","BOSS"],"items_purchased_type":["Relic","Relic","Relic","Potion"],"build_version":"2020-12-22","purchased_purges":1,"victory":true,"max_hp_per_floor":[65,65,65,65,65,65,65,65,65,65,65,65,65,65,65,65,65,65,65,65,59,59,69,69,69,69,69,69,69,69,69,69,69,69,69,69,69,69,69,69,69,69,69,69,69,69,69,69,69,69],"card_choices":[{"not_picked":["SpreadBorder2:ReiMu","UniversalSpiritual:ReiMu"],"picked":"Conquer:ReiMu","floor":1.0},{"not_picked":["Meditation:ReiMu","SubcavityInstant:ReiMu","SpringWay:ReiMu"],"picked":"SKIP","floor":5.0},{"not_picked":["FantasyMoon:ReiMu","SafetyPray:ReiMu"],"picked":"SubAcupoint:ReiMu","floor":7.0},{"not_picked":["InherentArray:ReiMu","RainPray2:ReiMu"],"picked":"OctopathBindingBorder2:ReiMu","floor":10.0},{"not_picked":["MountainWay:ReiMu","SubcavityInstant:ReiMu"],"picked":"PayForSelf:ReiMu","floor":11.0},{"not_picked":["RainPray2:ReiMu","Revelation:ReiMu"],"picked":"FoulBorder2:ReiMu","floor":14.0},{"not_picked":["CardOfSanctity:ReiMu","HakureiPhantom:ReiMu"],"picked":"OctopathSalyBorderN:ReiMu","floor":16.0},{"not_picked":["SafetyPray:ReiMu","InherentArray:ReiMu","KamiSacrifice:ReiMu+1"],"picked":"SKIP","floor":18.0},{"not_picked":["SpreadBorder2:ReiMu","SubcavityInstant:ReiMu"],"picked":"PhosphorusFlame:ReiMu","floor":19.0},{"not_picked":["Crusade:ReiMu+1","ForcedLanding:ReiMu","YinYangSange:ReiMu"],"picked":"SKIP","floor":20.0},{"not_picked":["Gensokyo:Doppelganger","Gensokyo:MonkeysPaw"],"picked":"Gensokyo:MenInBlack","floor":21.0},{"not_picked":["FantasyMoon:ReiMu","Gathering:ReiMu"],"picked":"SealNeedle:ReiMu","floor":22.0},{"not_picked":["CareerPray:ReiMu+1","SealNeedle:ReiMu+1"],"picked":"YinYangSign:ReiMu+1","floor":23},{"not_picked":["SafetyPray:ReiMu","FantasyBorder:ReiMu"],"picked":"WonderfulDomain:ReiMu+1","floor":25},{"not_picked":["Conquer:ReiMu+1","Gathering:ReiMu+1"],"picked":"SubcavityFantasy:ReiMu","floor":31},{"not_picked":["Authority:ReiMu","CardOfSanctity:ReiMu"],"picked":"Determination:ReiMu","floor":33},{"not_picked":["Conquer:ReiMu+1","FoulBorder2:ReiMu"],"picked":"AirManeuver:ReiMu+1","floor":35},{"not_picked":["SpreadBorder2:ReiMu+1","ManaGlint:ReiMu+1"],"picked":"Amulet:ReiMu+1","floor":36},{"not_picked":["Conquer:ReiMu+1","WonderfulDomain:ReiMu+1"],"picked":"Meditation:ReiMu+1","floor":39},{"not_picked":["SubAcupoint:ReiMu+1","OctopathSalyBorderN:ReiMu"],"picked":"Enchanting:ReiMu+1","floor":41},{"not_picked":["KamiSacrifice:ReiMu+1","SealNeedle:ReiMu","PrepareRite:ReiMu"],"picked":"SKIP","floor":44},{"not_picked":["Meditation:ReiMu+1","Intuition:ReiMu","Conquer:ReiMu"],"picked":"SKIP","floor":46},{"not_picked":["PayForSelf:ReiMu","OctopathBindingBorder2:ReiMu"],"picked":"AlertArray:ReiMu","floor":48}],"player_experience":1569875,"relics_obtained":[{"floor":9.0,"key":"Mastiff:ReiMu"},{"floor":11.0,"key":"Boot"},{"floor":23,"key":"Pear"},{"floor":26,"key":"Oddly Smooth Stone"},{"floor":27,"key":"White Beast Statue"},{"floor":31,"key":"InkBottle"},{"floor":43,"key":"StrikeDummy"},{"floor":44,"key":"Salt:ReiMu"}],"event_choices":[],"is_beta":false,"boss_relics":[{"not_picked":["Runic Pyramid","Runic Dome"],"picked":"Velvet Choker"},{"not_picked":["CrownOfHeavens:ReiMu","Fusion Hammer"],"picked":"ShineYinYang:ReiMu"}],"items_purged_floors":[45],"is_endless":false,"potions_floor_spawned":[7,18,22,31,33,35,36,39,41,44,46,48],"ascension_level":7}}