{"host":"April","time":1613457694,"event":{"mods":["BaseMod","Minty Spire (QoL Compilation)"],"gold_per_floor":[110,285,285,296,312,342,342,352,375,407,407,433,449,481,481,586,586,586,586],"floor_reached":18,"language":"ENG","playtime":1325,"items_purged":[],"score":307,"play_id":"f493e139-cbdf-4bd6-9b02-79c4c11ac705","local_time":"20210215224134","is_ascension_mode":true,"campfire_choices":[{"data":"Berserk","floor":7.0,"key":"SMITH"},{"floor":15.0,"key":"REST"}],"circlet_count":0,"master_deck":["Strike_R","Strike_R","Strike_R","Strike_R","Strike_R","Defend_R","Defend_R","Defend_R+1","Defend_R","Bash+1","Fire Breathing","Doubt","Pommel Strike","Feel No Pain","Berserk+1","Wild Strike","Disarm","Shockwave","Sword Boomerang","Wild Strike","Immolate"],"relics":["Burning Blood","NeowsBlessing","Omamori","Tiny Chest","Orichalcum","Akabeko","MealTicket","Fusion Hammer"],"acts_visited":["Exordium","TheCity"],"potions_floor_usage":[],"damage_taken":[{"damage":0.0,"enemies":"Jaw Worm","floor":1.0,"turns":1.0},{"damage":0.0,"enemies":"Small Slimes","floor":4.0,"turns":1.0},{"damage":0.0,"enemies":"Cultist","floor":5.0,"turns":1.0},{"damage":26.0,"enemies":"Lagavulin","floor":6.0,"turns":7.0},{"damage":9.0,"enemies":"Large Slime","floor":8.0,"turns":5.0},{"damage":31.0,"enemies":"3 Sentries","floor":10.0,"turns":6.0},{"damage":28.0,"enemies":"Lagavulin","floor":12.0,"turns":7.0},{"damage":16.0,"enemies":"Gremlin Gang","floor":13.0,"turns":6.0},{"damage":12.0,"enemies":"3 Sentries","floor":14.0,"turns":5.0},{"damage":22.0,"enemies":"The Guardian","floor":16.0,"turns":11.0},{"damage":11.0,"enemies":"Spheric Guardian","floor":18.0,"turns":4.0}],"seed_played":"98235750136761243","potions_obtained":[{"floor":1.0,"key":"GamblersBrew"},{"floor":4.0,"key":"PowerPotion"},{"floor":6.0,"key":"Fire Potion"},{"floor":13.0,"key":"AttackPotion"},{"floor":16.0,"key":"LiquidMemories"}],"is_trial":false,"path_per_floor":["M","?","?","M","M","E","R","M","T","E","?","E","M","E","R","B",null,"M"],"character_chosen":"IRONCLAD","items_purchased":[],"campfire_rested":1,"item_purchase_floors":[],"current_hp_per_floor":[80,80,64,70,76,56,56,53,53,28,48,26,16,10,34,18,80,75,75],"gold":586,"neow_bonus":"THREE_ENEMY_KILL","is_daily":false,"chose_seed":false,"campfire_upgraded":1,"win_rate":0.0,"timestamp":1613457694,"path_taken":["M","?","?","M","M","E","R","M","T","E","?","E","?","E","R","BOSS","M"],"items_purchased_type":[],"build_version":"2020-12-18","purchased_purges":0,"victory":false,"max_hp_per_floor":[80,80,80,80,80,80,80,80,80,80,80,80,80,80,80,80,80,80,80],"card_choices":[{"not_picked":["Intimidate","Shrug It Off"],"picked":"Fire Breathing","floor":1.0},{"not_picked":["Dark Embrace","Anger"],"picked":"Pommel Strike","floor":4.0},{"not_picked":["Infernal Blade","Twin Strike"],"picked":"Feel No Pain","floor":5.0},{"not_picked":["Dropkick","Perfected Strike"],"picked":"Berserk","floor":6.0},{"not_picked":["Clash","Seeing Red"],"picked":"Wild Strike","floor":8.0},{"not_picked":["Rupture","Headbutt"],"picked":"Disarm","floor":10.0},{"not_picked":["Flex","Wild Strike"],"picked":"Shockwave","floor":12.0},{"not_picked":["Sentinel","Iron Wave"],"picked":"Sword Boomerang","floor":13.0},{"not_picked":["Thunderclap","Cleave"],"picked":"Wild Strike","floor":14.0},{"not_picked":["Double Tap","Barricade"],"picked":"Immolate","floor":16.0}],"player_experience":2675062,"relics_obtained":[{"floor":6.0,"key":"Omamori"},{"floor":9.0,"key":"Tiny Chest"},{"floor":10.0,"key":"Orichalcum"},{"floor":12.0,"key":"Akabeko"},{"floor":14.0,"key":"MealTicket"}],"event_choices":[{"damage_healed":0.0,"max_hp_gain":0.0,"max_hp_loss":0.0,"gold_gain":175.0,"event_name":"Liars Game","player_choice":"AGREE","floor":2.0,"gold_loss":0.0,"damage_taken":0.0,"cards_obtained":["Doubt"]},{"damage_healed":0.0,"max_hp_gain":0.0,"max_hp_loss":0.0,"gold_gain":0.0,"event_name":"Shining Light","player_choice":"Entered Light","floor":3.0,"gold_loss":0.0,"damage_taken":16.0,"cards_upgraded":["Defend_R","Bash"]},{"damage_healed":20.0,"max_hp_gain":0.0,"max_hp_loss":0.0,"gold_gain":0.0,"event_name":"Mushrooms","player_choice":"Healed and dodged fight","floor":11.0,"gold_loss":0.0,"damage_taken":0.0,"cards_obtained":["Parasite"]}],"is_beta":true,"boss_relics":[{"not_picked":["Coffee Dripper","Black Blood"],"picked":"Fusion Hammer"}],"items_purged_floors":[],"is_endless":false,"potions_floor_spawned":[1,4,6,13,16],"killed_by":"Spheric Guardian","ascension_level":1}}