{"host":"98tf0o44tbkozlsr","time":1613499441,"event":{"mods":["BaseMod","Bestiary","Minty Spire (QoL Compilation)","Relic Stats","ojb\u0027s Info Mod"],"gold_per_floor":[115,132,132,132,142,142,173,185,208,208,228,245,270,287,287,364,364,364,364,128,128,28,28,28,28,28,28,28,28,28,28,28,28,28,28,28,28,28,28,28,28,28,28,28,28,28,28,28,28,28,28,28,28,28,28,28,28],"floor_reached":56,"language":"ENG","playtime":6996,"items_purged":["Warcry","Reckless Charge"],"score":2197,"play_id":"c3fec9ab-57d8-4a16-9283-cd8c564eac75","local_time":"20210216101721","is_ascension_mode":true,"campfire_choices":[{"data":"Sever Soul","floor":6.0,"key":"SMITH"},{"data":"Metallicize","floor":10.0,"key":"SMITH"},{"data":"Dual Wield","floor":15.0,"key":"SMITH"},{"data":"Bash","floor":23.0,"key":"SMITH"},{"data":"Barricade","floor":30.0,"key":"SMITH"},{"data":"Spot Weakness","floor":32.0,"key":"SMITH"},{"floor":44.0,"key":"RECALL"},{"data":"Power Through","floor":49.0,"key":"SMITH"},{"data":"Evolve","floor":53.0,"key":"SMITH"}],"circlet_count":0,"master_deck":["AscendersBane","Bash+1","Dual Wield+1","Sever Soul+1","Whirlwind+1","Sentinel+1","Warcry+1","Second Wind","Metallicize+1","Metallicize","Reaper+1","Power Through+1","Evolve+1","Wild Strike+1","Battle Trance","Spot Weakness+1","Barricade+1","Body Slam+1","Exhume","Shrug It Off+1","Anger","Clothesline","True Grit+1","Feel No Pain","Warcry"],"relics":["Pandora\u0027s Box","Art of War","Bag of Preparation","War Paint","Pear","Ectoplasm","Orichalcum","Nunchaku","Happy Flower","Ornamental Fan","Whetstone","Mark of Pain","CaptainsWheel","Gremlin Horn","Bag of Marbles","Kunai"],"acts_visited":["Exordium","TheCity","TheBeyond","TheEnding"],"potions_floor_usage":[],"damage_taken":[{"damage":0.0,"enemies":"2 Louse","floor":1.0,"turns":1.0},{"damage":19.0,"enemies":"Small Slimes","floor":2.0,"turns":3.0},{"damage":0.0,"enemies":"Cultist","floor":5.0,"turns":2.0},{"damage":32.0,"enemies":"Gremlin Nob","floor":7.0,"turns":4.0},{"damage":0.0,"enemies":"Gremlin Gang","floor":8.0,"turns":1.0},{"damage":7.0,"enemies":"Exordium Thugs","floor":11.0,"turns":3.0},{"damage":0.0,"enemies":"3 Louse","floor":12.0,"turns":1.0},{"damage":2.0,"enemies":"Lagavulin","floor":13.0,"turns":5.0},{"damage":0.0,"enemies":"Lots of Slimes","floor":14.0,"turns":1.0},{"damage":32.0,"enemies":"Hexaghost","floor":16.0,"turns":10.0},{"damage":9.0,"enemies":"Chosen","floor":18.0,"turns":6.0},{"damage":0.0,"enemies":"Book of Stabbing","floor":24.0,"turns":6.0},{"damage":3.0,"enemies":"Shell Parasite","floor":25.0,"turns":4.0},{"damage":8.0,"enemies":"Shelled Parasite and Fungi","floor":27.0,"turns":5.0},{"damage":0.0,"enemies":"Cultist and Chosen","floor":28.0,"turns":8.0},{"damage":28.0,"enemies":"Slavers","floor":29.0,"turns":2.0},{"damage":0.0,"enemies":"Gremlin Leader","floor":31.0,"turns":7.0},{"damage":18.0,"enemies":"Collector","floor":33.0,"turns":8.0},{"damage":0.0,"enemies":"3 Darklings","floor":35.0,"turns":2.0},{"damage":0.0,"enemies":"3 Shapes","floor":36.0,"turns":4.0},{"damage":0.0,"enemies":"Sphere and 2 Shapes","floor":38.0,"turns":9.0},{"damage":18.0,"enemies":"Spire Growth","floor":39.0,"turns":5.0},{"damage":0.0,"enemies":"Nemesis","floor":40.0,"turns":7.0},{"damage":27.0,"enemies":"Reptomancer","floor":42.0,"turns":6.0},{"damage":0.0,"enemies":"Maw","floor":45.0,"turns":8.0},{"damage":4.0,"enemies":"Writhing Mass","floor":46.0,"turns":10.0},{"damage":2.0,"enemies":"Giant Head","floor":47.0,"turns":8.0},{"damage":0.0,"enemies":"3 Darklings","floor":48.0,"turns":4.0},{"damage":78.0,"enemies":"Awakened One","floor":50.0,"turns":17.0},{"damage":80.0,"enemies":"Time Eater","floor":51.0,"turns":24.0},{"damage":75.0,"enemies":"Shield and Spear","floor":55.0,"turns":17.0},{"damage":104,"enemies":"The Heart","floor":56,"turns":12}],"seed_played":"-5842124291440353073","potions_obtained":[{"floor":7.0,"key":"Block Potion"},{"floor":8.0,"key":"LiquidBronze"},{"floor":16.0,"key":"SteroidPotion"},{"floor":27.0,"key":"SpeedPotion"},{"floor":31.0,"key":"SkillPotion"},{"floor":39.0,"key":"LiquidMemories"},{"floor":47.0,"key":"Ancient Potion"}],"is_trial":false,"path_per_floor":["M","M","?","?","M","R","E","M","T","R","M","M","E","M","R","B",null,"M","?","$","?","$","R","E","M","T","M","M","E","R","E","R","B",null,"M","M","$","M","M","E","?","E","T","R","M","M","E","M","R","B","B",null,"R","$","E","B"],"character_chosen":"IRONCLAD","items_purchased":["Orichalcum"],"campfire_rested":0,"item_purchase_floors":[20],"current_hp_per_floor":[68,49,14,85,85,85,53,53,53,53,46,46,54,54,54,22,77,74,74,74,74,74,74,80,83,83,81,95,95,95,95,95,77,91,91,95,95,95,95,95,95,94,94,94,95,95,95,95,95,95,95,95,95,95,95,0,0],"gold":28,"neow_bonus":"BOSS_RELIC","is_daily":false,"chose_seed":false,"campfire_upgraded":8,"win_rate":0.0,"timestamp":1613499441,"path_taken":["M","M","?","?","?","R","E","M","T","R","?","M","E","M","R","BOSS","M","?","?","?","$","R","E","M","T","M","M","E","R","E","R","BOSS","M","M","?","M","M","E","?","E","T","R","?","M","E","M","R","BOSS","BOSS","R","$","E","BOSS"],"items_purchased_type":["Relic"],"build_version":"2020-12-22","purchased_purges":2,"victory":false,"max_hp_per_floor":[75,75,75,85,85,85,85,85,85,85,85,85,95,95,95,95,95,95,95,95,95,95,95,95,95,95,95,95,95,95,95,95,95,95,95,95,95,95,95,95,95,95,95,95,95,95,95,95,95,95,95,95,95,95,95,95,95],"relic_stats":{"Happy Flower":[54],"Gremlin Horn":[4,7],"counters":[32,210],"Bag of Preparation":[56],"Whetstone":["Reaper","Whirlwind"],"War Paint":["Sentinel","Warcry"],"Orichalcum":[84],"Nunchaku":[23],"Ornamental Fan":[132],"Pandora\u0027s Box":["Exhume","Dual Wield","Sever Soul","Whirlwind","Reckless Charge","Sentinel","Flex","Warcry","Warcry"],"Ectoplasm":447,"Art of War":[58],"Kunai":[2],"obtain_stats":[{"Pear":13,"Happy Flower":26,"Gremlin Horn":42,"Bag of Preparation":7,"Whetstone":31,"War Paint":9,"Orichalcum":20,"Burning Blood":0,"Nunchaku":24,"CaptainsWheel":40,"Ornamental Fan":29,"Pandora\u0027s Box":0,"Ectoplasm":17,"Mark of Pain":34,"Art of War":3,"Bag of Marbles":47,"Kunai":55},{"Pear":8,"Happy Flower":13,"Gremlin Horn":24,"Bag of Preparation":4,"Whetstone":17,"War Paint":5,"Orichalcum":11,"Burning Blood":0,"Nunchaku":12,"CaptainsWheel":23,"Ornamental Fan":16,"Pandora\u0027s Box":0,"Ectoplasm":10,"Mark of Pain":18,"Art of War":2,"Bag of Marbles":27,"Kunai":31},{"Pear":20,"Happy Flower":47,"Gremlin Horn":110,"Bag of Preparation":10,"Whetstone":69,"War Paint":11,"Orichalcum":37,"Burning Blood":0,"Nunchaku":43,"CaptainsWheel":104,"Ornamental Fan":62,"Pandora\u0027s Box":0,"Ectoplasm":31,"Mark of Pain":77,"Art of War":4,"Bag of Marbles":136,"Kunai":198}]},"card_choices":[{"not_picked":["Armaments","Headbutt","Dual Wield"],"picked":"SKIP","floor":1.0},{"not_picked":["Armaments","Warcry","Combust"],"picked":"SKIP","floor":2.0},{"not_picked":["Seeing Red","Clash"],"picked":"Second Wind","floor":5.0},{"not_picked":["Intimidate","Headbutt"],"picked":"Metallicize","floor":7.0},{"not_picked":["True Grit","Havoc","Combust"],"picked":"SKIP","floor":8.0},{"not_picked":["Blood for Blood","Reckless Charge","Rampage"],"picked":"SKIP","floor":11.0},{"not_picked":["Bloodletting","Intimidate","Second Wind"],"picked":"SKIP","floor":12.0},{"not_picked":["Burning Pact","Clash"],"picked":"Metallicize","floor":13.0},{"not_picked":["Rage","Sword Boomerang","Anger"],"picked":"SKIP","floor":14.0},{"not_picked":["Juggernaut","Corruption"],"picked":"Reaper","floor":16.0},{"not_picked":["Anger","Heavy Blade"],"picked":"Power Through","floor":18.0},{"not_picked":["Sever Soul","Uppercut"],"picked":"Wild Strike+1","floor":24.0},{"not_picked":["Disarm","Thunderclap"],"picked":"Battle Trance","floor":25.0},{"not_picked":["Clothesline","Combust","Armaments"],"picked":"SKIP","floor":27.0},{"not_picked":["Clash","Uppercut"],"picked":"Spot Weakness","floor":28.0},{"not_picked":["Rampage","Wild Strike"],"picked":"Barricade","floor":29.0},{"not_picked":["Wild Strike","Fiend Fire"],"picked":"Body Slam+1","floor":31.0},{"not_picked":["Brutality","Double Tap"],"picked":"Exhume","floor":33.0},{"not_picked":["Flex","Rampage","Armaments"],"picked":"SKIP","floor":35.0},{"not_picked":["Flex","Twin Strike","Disarm"],"picked":"SKIP","floor":36.0},{"not_picked":["Reckless Charge","Pommel Strike+1","True Grit+1"],"picked":"SKIP","floor":38.0},{"not_picked":["Infernal Blade","Clothesline"],"picked":"Shrug It Off+1","floor":39.0},{"not_picked":["Reckless Charge+1","Body Slam","Juggernaut"],"picked":"SKIP","floor":40.0},{"not_picked":["Armaments","Carnage","Thunderclap+1"],"picked":"SKIP","floor":42.0},{"not_picked":["Armaments","Carnage","Thunderclap+1"],"picked":"SKIP","floor":42.0},{"not_picked":["Sword Boomerang","Fire Breathing+1"],"picked":"Clothesline","floor":45.0},{"not_picked":["Thunderclap","Armaments"],"picked":"True Grit+1","floor":46.0},{"not_picked":["Wild Strike","Pommel Strike","Double Tap"],"picked":"SKIP","floor":47.0},{"not_picked":["Wild Strike","Pommel Strike","Double Tap"],"picked":"SKIP","floor":47.0},{"not_picked":["True Grit","Clash"],"picked":"Feel No Pain","floor":48.0},{"not_picked":["Perfected Strike","Pummel+1"],"picked":"Warcry","floor":55.0}],"player_experience":944311,"relics_obtained":[{"floor":7.0,"key":"Bag of Preparation"},{"floor":9.0,"key":"War Paint"},{"floor":13.0,"key":"Pear"},{"floor":24.0,"key":"Nunchaku"},{"floor":26.0,"key":"Happy Flower"},{"floor":29.0,"key":"Ornamental Fan"},{"floor":31.0,"key":"Whetstone"},{"floor":40.0,"key":"CaptainsWheel"},{"floor":42.0,"key":"Gremlin Horn"},{"floor":47.0,"key":"Bag of Marbles"},{"floor":55.0,"key":"Kunai"}],"event_choices":[{"damage_healed":0.0,"max_hp_gain":0.0,"max_hp_loss":0.0,"gold_gain":0.0,"event_name":"Scrap Ooze","player_choice":"Success","floor":3.0,"gold_loss":0.0,"damage_taken":35.0,"relics_obtained":["Art of War"]},{"cards_removed":["Exhume"],"damage_healed":61.0,"max_hp_gain":10.0,"max_hp_loss":0.0,"gold_gain":0.0,"event_name":"Bonfire Elementals","player_choice":"Offered Rare","floor":4.0,"gold_loss":0.0,"damage_taken":0.0},{"damage_healed":0.0,"max_hp_gain":0.0,"max_hp_loss":0.0,"gold_gain":0.0,"event_name":"Match and Keep!","player_choice":"1 cards matched","floor":19.0,"gold_loss":0.0,"damage_taken":0.0,"cards_obtained":["Evolve"]},{"cards_removed":["Flex"],"damage_healed":0.0,"max_hp_gain":0.0,"max_hp_loss":0.0,"gold_gain":0.0,"event_name":"Purifier","player_choice":"Purged","floor":21.0,"gold_loss":0.0,"damage_taken":0.0},{"damage_healed":0.0,"max_hp_gain":0.0,"max_hp_loss":0.0,"gold_gain":0.0,"event_name":"Match and Keep!","player_choice":"1 cards matched","floor":41.0,"gold_loss":0.0,"damage_taken":0.0,"cards_obtained":["Anger"]}],"is_beta":false,"boss_relics":[{"not_picked":["Tiny House","Snecko Eye"],"picked":"Ectoplasm"},{"not_picked":["Empty Cage","Black Star"],"picked":"Mark of Pain"}],"items_purged_floors":[20,22],"is_endless":false,"potions_floor_spawned":[7,8,12,14,16,24,27,28,31,33,36,39,42,45,47],"killed_by":"The Heart","ascension_level":20}}