{"host":"kwyq3wo3fj8d4s27","time":1613513872,"event":{"mods":["AchievementEnabler","BaseMod","Colored Map","Highlight Path","Minty Spire (QoL Compilation)","StSLib"],"gold_per_floor":[118,132,207,4597,4610,4610,4630,4630,4630,4656,4656,4656,4656,3879,3879,3975,3975,3975,3975],"floor_reached":18,"language":"ENG","playtime":506,"items_purged":["Strike_P","Strike_P"],"score":282,"play_id":"2e22e0dd-9d2c-4692-95f5-b884ce2b6054","local_time":"20210216141752","is_ascension_mode":true,"campfire_choices":[{"data":"Prostrate","floor":6,"key":"SMITH"},{"floor":8,"key":"RECALL"},{"data":"Vigilance","floor":13,"key":"SMITH"},{"data":"PathToVictory","floor":15,"key":"SMITH"}],"circlet_count":0,"master_deck":["Strike_P","Strike_P","Defend_P","Defend_P","Defend_P","Defend_P","Eruption","Vigilance+1","Prostrate+1","Madness","PathToVictory+1"],"relics":["PureWater","NeowsBlessing","Meat on the Bone","Juzu Bracelet","Medical Kit","Pear","Prayer Wheel","HandDrill","Pantograph","Centennial Puzzle","Sozu"],"acts_visited":["Exordium","TheCity"],"potions_floor_usage":[],"damage_taken":[{"damage":0,"enemies":"Small Slimes","floor":1,"turns":2},{"damage":0,"enemies":"Jaw Worm","floor":2,"turns":1},{"damage":0,"enemies":"2 Louse","floor":5,"turns":1},{"damage":8,"enemies":"Blue Slaver","floor":7,"turns":4},{"damage":66,"enemies":"Lagavulin","floor":10,"turns":6},{"damage":48,"enemies":"Hexaghost","floor":16,"turns":14},{"damage":0,"enemies":"2 Thieves","floor":18,"turns":1}],"seed_played":"-2483528973975422568","potions_obtained":[{"floor":2,"key":"BottledMiracle"},{"floor":7,"key":"Fire Potion"},{"floor":10,"key":"EntropicBrew"}],"is_trial":false,"path_per_floor":["M","M","?","$","M","R","M","R","T","E","T","?","R","$","R","B",null,"M"],"character_chosen":"WATCHER","items_purchased":["Meat on the Bone","Juzu Bracelet","Medical Kit","HandDrill","Pantograph","Centennial Puzzle","Madness","PathToVictory"],"campfire_rested":0,"item_purchase_floors":[4,4,4,14,14,14,14,14],"current_hp_per_floor":[72,72,61,61,61,61,53,53,63,46,46,51,51,51,51,40,87,87,87],"gold":3975,"neow_bonus":"THREE_ENEMY_KILL","is_daily":false,"chose_seed":false,"campfire_upgraded":3,"win_rate":0.0,"timestamp":1613513872,"path_taken":["M","M","?","$","M","R","M","R","T","E","?","?","R","?","R","BOSS","M"],"items_purchased_type":["Relic","Relic","Relic","Relic","Relic","Relic","Card","Card"],"build_version":"2020-12-22","purchased_purges":2,"victory":false,"max_hp_per_floor":[72,72,72,72,72,72,72,72,82,82,82,87,87,87,87,87,87,87,87],"card_choices":[{"not_picked":["Halt","EmptyMind"],"picked":"Prostrate","floor":1},{"not_picked":["FollowUp","ReachHeaven","FlyingSleeves"],"picked":"SKIP","floor":2},{"not_picked":["Evaluate","ThirdEye","FlurryOfBlows"],"picked":"SKIP","floor":5},{"not_picked":["CrushJoints","Consecrate","FlyingSleeves"],"picked":"SKIP","floor":7},{"not_picked":["EmptyFist","FollowUp","CrushJoints"],"picked":"SKIP","floor":10}],"player_experience":39177,"relics_obtained":[{"floor":9,"key":"Pear"},{"floor":10,"key":"Prayer Wheel"}],"event_choices":[{"damage_healed":0,"gold_gain":75,"player_choice":"Gather Gold","damage_taken":11,"max_hp_gain":0,"max_hp_loss":0,"event_name":"World of Goop","floor":3,"gold_loss":0},{"damage_healed":0,"gold_gain":0,"player_choice":"Donut","damage_taken":0,"max_hp_gain":5,"max_hp_loss":0,"event_name":"Big Fish","floor":12,"gold_loss":0}],"is_beta":false,"boss_relics":[{"not_picked":["Runic Dome","Snecko Eye"],"picked":"Sozu"}],"items_purged_floors":[4,14],"is_endless":false,"potions_floor_spawned":[2,7,10],"killed_by":"2 Thieves","ascension_level":3}}