{"host":"1eshbq9n813iloto","time":1613491490,"event":{"mods":["Astrologer","BaseMod","Better Third Choice","Hermit","Hubris","Infinite Spire","Minty Spire (QoL Compilation)","StSLib","The Cursed","TheBandit"],"gold_per_floor":[115,0,11,11,30,30,62,62,62,91,16,29,39,58,58,58,58],"floor_reached":16,"language":"ENG","playtime":1363,"items_purged":["Strike_R"],"score":112,"play_id":"30fe32a3-6643-4845-a213-43d5b59e47a1","local_time":"20210216110450","is_ascension_mode":false,"campfire_choices":[{"data":"Armaments","floor":6,"key":"SMITH"},{"data":"Bash","floor":8,"key":"SMITH"},{"floor":15,"key":"REST"}],"circlet_count":0,"master_deck":["Strike_R","Strike_R","Strike_R","Strike_R","Defend_R","Defend_R","Defend_R+1","Defend_R+1","Bash+1","Enlightenment","Sword Boomerang","Armaments+1","Spot Weakness","Pummel","Carnage"],"relics":["Burning Blood","NeowsBlessing","CultistMask","infinitespire:Eraser","War Paint","Vajra"],"acts_visited":["Exordium"],"potions_floor_usage":[10,10,12,14],"damage_taken":[{"damage":0,"enemies":"2 Louse","floor":1,"turns":1},{"damage":0,"enemies":"Jaw Worm","floor":3,"turns":1},{"damage":0,"enemies":"Cultist","floor":5,"turns":1},{"damage":44,"enemies":"3 Sentries","floor":7,"turns":10},{"damage":31,"enemies":"Lagavulin","floor":10,"turns":6},{"damage":14,"enemies":"Large Slime","floor":12,"turns":8},{"damage":8,"enemies":"Gremlin Gang","floor":13,"turns":5},{"damage":0,"enemies":"Blue Slaver","floor":14,"turns":3},{"damage":45,"enemies":"The Guardian","floor":16,"turns":10}],"seed_played":"7841256559963625212","potions_obtained":[{"floor":3,"key":"DistilledChaos"},{"floor":5,"key":"Ancient Potion"},{"floor":10,"key":"Dexterity Potion"},{"floor":13,"key":"DistilledChaos"}],"is_trial":false,"path_per_floor":["M","?","M","?","M","R","E","R","T","E","$","M","M","M","R","B"],"character_chosen":"IRONCLAD","items_purchased":[],"campfire_rested":1,"item_purchase_floors":[],"current_hp_per_floor":[80,86,86,86,86,86,48,48,48,23,23,15,13,19,44,0,0],"gold":58,"neow_bonus":"THREE_ENEMY_KILL","is_daily":false,"chose_seed":false,"campfire_upgraded":2,"win_rate":0.0,"timestamp":1613491490,"path_taken":["M","?","M","?","?","R","E","R","T","E","$","M","M","M","R","BOSS"],"items_purchased_type":[],"build_version":"2020-12-13","purchased_purges":1,"victory":false,"max_hp_per_floor":[80,86,86,86,86,86,86,86,86,86,86,86,86,86,86,86,86],"card_choices":[{"not_picked":["Fire Breathing","Feel No Pain","Body Slam"],"picked":"SKIP","floor":1},{"not_picked":["Warcry","Anger"],"picked":"Sword Boomerang","floor":3},{"not_picked":["Clash","Twin Strike"],"picked":"Armaments","floor":5},{"not_picked":["Perfected Strike","Pummel"],"picked":"Spot Weakness","floor":7},{"not_picked":["Infernal Blade","Iron Wave","Clothesline"],"picked":"SKIP","floor":10},{"not_picked":["Pommel Strike","Searing Blow","Flex"],"picked":"SKIP","floor":12},{"not_picked":["Battle Trance","Limit Break"],"picked":"Pummel","floor":13},{"not_picked":["Flex","Rampage"],"picked":"Carnage","floor":14}],"player_experience":25183,"relics_obtained":[{"floor":7,"key":"infinitespire:Eraser"},{"floor":9,"key":"War Paint"},{"floor":10,"key":"Vajra"}],"event_choices":[{"damage_healed":0,"gold_gain":0,"player_choice":"RENOUNCE","damage_taken":115,"max_hp_gain":0,"max_hp_loss":0,"event_name":"betterThird:BetterSerpent","floor":2,"gold_loss":115,"cards_obtained":["Enlightenment"]},{"damage_healed":0,"gold_gain":0,"player_choice":"Trade","damage_taken":0,"relics_obtained":["CultistMask"],"max_hp_gain":0,"max_hp_loss":0,"event_name":"FaceTrader","floor":4,"gold_loss":0}],"is_beta":false,"boss_relics":[],"items_purged_floors":[11],"is_endless":false,"potions_floor_spawned":[3,5,10,13],"killed_by":"The Guardian","ascension_level":0}}