{"host":"p9vmbvw2hh2n16dn","time":1613476453,"event":{"mods":["AchievementEnabler","BaseMod","Block Reminder","Minty Spire (QoL Compilation)","Relic Stats","SuperFastMode"],"gold_per_floor":[115,115,127,127,150,150,185,203,228,240,1,29,42,56,56,56,56],"floor_reached":16,"language":"ENG","playtime":499,"items_purged":["Regret"],"score":218,"play_id":"31383de7-7889-4f2d-abc2-4b4594ade812","local_time":"20210216125413","is_ascension_mode":true,"campfire_choices":[{"data":"True Grit","floor":6.0,"key":"SMITH"},{"data":"Disarm","floor":15.0,"key":"SMITH"}],"circlet_count":0,"master_deck":["AscendersBane","Strike_R","Strike_R","Strike_R","Strike_R+1","Strike_R","Defend_R+1","Defend_R","Defend_R+1","Defend_R+1","Bash","True Grit+1","Shrug It Off","Dropkick","Flame Barrier","Disarm+1"],"relics":["Burning Blood","Bag of Marbles","Singing Bowl","Ancient Tea Set","Nunchaku","War Paint","Red Skull","Strawberry"],"acts_visited":["Exordium"],"potions_floor_usage":[16,16],"damage_taken":[{"damage":1.0,"enemies":"Cultist","floor":1.0,"turns":3.0},{"damage":16.0,"enemies":"Small Slimes","floor":3.0,"turns":3.0},{"damage":25.0,"enemies":"3 Sentries","floor":7.0,"turns":9.0},{"damage":1.0,"enemies":"Jaw Worm","floor":8.0,"turns":3.0},{"damage":13.0,"enemies":"Red Slaver","floor":10.0,"turns":5.0},{"damage":3.0,"enemies":"Gremlin Nob","floor":12.0,"turns":3.0},{"damage":0.0,"enemies":"Large Slime","floor":13.0,"turns":3.0},{"damage":3.0,"enemies":"3 Louse","floor":14.0,"turns":2.0},{"damage":64,"enemies":"Hexaghost","floor":16,"turns":16}],"seed_played":"-3337375076109406752","potions_obtained":[{"floor":3.0,"key":"Explosive Potion"},{"floor":7.0,"key":"Energy Potion"},{"floor":10.0,"key":"Dexterity Potion"},{"floor":12.0,"key":"BloodPotion"}],"is_trial":false,"path_per_floor":["M","?","M","?","T","R","E","M","T","M","$","E","M","M","R","B"],"character_chosen":"IRONCLAD","items_purchased":["Red Skull"],"campfire_rested":0,"item_purchase_floors":[11],"current_hp_per_floor":[73,73,63,40,40,40,23,30,30,25,25,35,41,44,44,0,0],"gold":56,"neow_bonus":"RANDOM_COMMON_RELIC","is_daily":false,"chose_seed":false,"campfire_upgraded":2,"win_rate":0.0,"timestamp":1613476453,"path_taken":["M","?","M","?","?","R","E","M","T","M","$","E","M","M","R","BOSS"],"items_purchased_type":["Relic"],"build_version":"2020-12-22","purchased_purges":1,"victory":false,"max_hp_per_floor":[75,75,75,75,75,75,77,79,79,81,81,88,88,88,88,88,88],"relic_stats":{"Nunchaku":[5],"Singing Bowl":6,"counters":[9,47],"War Paint":["Defend_R","Defend_R"],"obtain_stats":[{"Nunchaku":7,"Singing Bowl":2,"Strawberry":12,"Bag of Marbles":0,"War Paint":9,"Ancient Tea Set":5,"Burning Blood":0,"Red Skull":11},{"Nunchaku":3,"Singing Bowl":1,"Strawberry":6,"Bag of Marbles":0,"War Paint":4,"Ancient Tea Set":2,"Burning Blood":0,"Red Skull":5},{"Nunchaku":15,"Singing Bowl":3,"Strawberry":26,"Bag of Marbles":0,"War Paint":18,"Ancient Tea Set":6,"Burning Blood":0,"Red Skull":23}],"Burning Blood":48},"card_choices":[{"not_picked":["Dual Wield","Pummel"],"picked":"True Grit","floor":1.0},{"not_picked":["Battle Trance","Thunderclap"],"picked":"Shrug It Off","floor":3.0},{"not_picked":["Warcry","Perfected Strike","Brutality"],"picked":"Singing Bowl","floor":7.0},{"not_picked":["Heavy Blade","Second Wind","Feel No Pain"],"picked":"Singing Bowl","floor":8.0},{"not_picked":["Headbutt","Second Wind","Armaments"],"picked":"Singing Bowl","floor":10.0},{"not_picked":["Uppercut","Battle Trance"],"picked":"Dropkick","floor":12.0},{"not_picked":["Carnage","Shrug It Off"],"picked":"Flame Barrier","floor":13.0},{"not_picked":["Twin Strike","Perfected Strike"],"picked":"Disarm","floor":14.0}],"player_experience":342775,"relics_obtained":[{"floor":5.0,"key":"Ancient Tea Set"},{"floor":7.0,"key":"Nunchaku"},{"floor":9.0,"key":"War Paint"},{"floor":12.0,"key":"Strawberry"}],"event_choices":[{"damage_healed":0.0,"max_hp_gain":0.0,"max_hp_loss":0.0,"gold_gain":0.0,"event_name":"Big Fish","player_choice":"Box","floor":2.0,"gold_loss":0.0,"damage_taken":0.0,"relics_obtained":["Singing Bowl"],"cards_obtained":["Regret"]},{"damage_healed":0.0,"max_hp_gain":0.0,"max_hp_loss":0.0,"gold_gain":0.0,"event_name":"Shining Light","player_choice":"Entered Light","floor":4.0,"gold_loss":0.0,"damage_taken":23.0,"cards_upgraded":["Defend_R","Strike_R"]}],"is_beta":false,"boss_relics":[],"items_purged_floors":[11],"is_endless":false,"potions_floor_spawned":[3,7,10,12],"killed_by":"Hexaghost","ascension_level":19}}