{"host":"prxrhpgaxnj4om9r","time":1613445052,"event":{"mods":["AchievementEnabler","BaseMod","Colored Map","DeckTracker","Minty Spire (QoL Compilation)"],"gold_per_floor":[115,134,28,38,38,71,71,94,94,94,94,127,150,169,169,289,289,302,302,302],"floor_reached":19,"language":"KOR","playtime":809,"items_purged":[],"score":215,"play_id":"25da5b8e-a485-4763-a95c-51e311fe5e0a","local_time":"20210216121052","is_ascension_mode":true,"campfire_choices":[{"data":"Fire Breathing","floor":7,"key":"SMITH"},{"floor":11,"key":"REST"},{"data":"Whirlwind","floor":15,"key":"SMITH"}],"circlet_count":0,"master_deck":["Strike_R","Strike_R","Strike_R","Strike_R","Strike_R","Defend_R","Defend_R","Defend_R","Defend_R","Bash+1","Cleave","Heavy Blade","Fire Breathing+1","Searing Blow","Clash","Injury","Ghostly Armor","Whirlwind+1","Flex","Rage","Dark Embrace","Corruption","CurseOfTheBell","Heavy Blade+1"],"relics":["Burning Blood","Golden Idol","Strawberry","Meat on the Bone","Paper Frog","Calling Bell","Tiny Chest","Sundial","Girya"],"acts_visited":["Exordium","TheCity"],"potions_floor_usage":[12,13,14,18],"damage_taken":[{"damage":6,"enemies":"Cultist","floor":1,"turns":3},{"damage":14,"enemies":"Jaw Worm","floor":2,"turns":3},{"damage":0,"enemies":"Small Slimes","floor":4,"turns":2},{"damage":35,"enemies":"3 Sentries","floor":6,"turns":5},{"damage":25,"enemies":"Exordium Wildlife","floor":8,"turns":4},{"damage":45,"enemies":"Lagavulin","floor":12,"turns":6},{"damage":12,"enemies":"2 Fungi Beasts","floor":13,"turns":2},{"damage":21,"enemies":"Large Slime","floor":14,"turns":4},{"damage":38,"enemies":"Slime Boss","floor":16,"turns":8},{"damage":67,"enemies":"Shell Parasite","floor":18,"turns":9},{"damage":56,"enemies":"Masked Bandits","floor":19,"turns":3}],"seed_played":"-2784024350699356166","potions_obtained":[{"floor":8,"key":"ColorlessPotion"},{"floor":12,"key":"GamblersBrew"},{"floor":13,"key":"BlessingOfTheForge"},{"floor":16,"key":"SpeedPotion"}],"is_trial":false,"path_per_floor":["M","M","$","M","?","E","R","M","T","?","R","E","M","M","R","B",null,"M","?"],"character_chosen":"IRONCLAD","items_purchased":["Fire Breathing","Searing Blow"],"campfire_rested":1,"item_purchase_floors":[3,3],"current_hp_per_floor":[80,72,72,78,78,56,56,37,37,42,69,42,48,45,45,25,92,43,0,0],"gold":302,"neow_bonus":"UPGRADE_CARD","is_daily":false,"chose_seed":false,"campfire_upgraded":2,"win_rate":0.0,"timestamp":1613445052,"path_taken":["M","?","?","M","?","E","R","M","T","?","R","E","M","?","R","BOSS","M","?"],"items_purchased_type":["Card","Card"],"build_version":"2020-12-22","purchased_purges":0,"victory":false,"max_hp_per_floor":[80,80,80,80,80,87,87,87,87,92,92,92,92,92,92,92,92,92,92,92],"card_choices":[{"not_picked":["Warcry","Sentinel"],"picked":"Cleave","floor":1},{"not_picked":["Wild Strike","Clash"],"picked":"Heavy Blade","floor":2},{"not_picked":["Brutality","Shockwave"],"picked":"Clash","floor":4},{"not_picked":["Headbutt","Heavy Blade"],"picked":"Ghostly Armor","floor":6},{"not_picked":["Warcry","Iron Wave"],"picked":"Whirlwind","floor":8},{"not_picked":["Pommel Strike","Combust"],"picked":"Flex","floor":12},{"not_picked":["Iron Wave","True Grit"],"picked":"Rage","floor":13},{"not_picked":["Thunderclap","Pommel Strike"],"picked":"Dark Embrace","floor":14},{"not_picked":["Brutality","Exhume"],"picked":"Corruption","floor":16},{"not_picked":["Headbutt","Clash+1"],"picked":"Heavy Blade+1","floor":18}],"player_experience":472125,"relics_obtained":[{"floor":6,"key":"Strawberry"},{"floor":9,"key":"Meat on the Bone"},{"floor":12,"key":"Paper Frog"},{"floor":17,"key":"Tiny Chest"},{"floor":17,"key":"Sundial"},{"floor":17,"key":"Girya"}],"event_choices":[{"damage_healed":0,"gold_gain":0,"player_choice":"Take Wound","damage_taken":0,"relics_obtained":["Golden Idol"],"max_hp_gain":0,"max_hp_loss":0,"event_name":"Golden Idol","floor":5,"gold_loss":0,"cards_obtained":["Injury"]},{"damage_healed":0,"gold_gain":0,"player_choice":"Donut","damage_taken":0,"max_hp_gain":5,"max_hp_loss":0,"event_name":"Big Fish","floor":10,"gold_loss":0},{"damage_healed":0,"gold_gain":0,"player_choice":"Fought Bandits","damage_taken":0,"max_hp_gain":0,"max_hp_loss":0,"event_name":"Masked Bandits","floor":19,"gold_loss":0}],"is_beta":false,"boss_relics":[{"not_picked":["Fusion Hammer","Astrolabe"],"picked":"Calling Bell"}],"items_purged_floors":[],"is_endless":false,"potions_floor_spawned":[8,12,13,16],"killed_by":"Masked Bandits","ascension_level":4}}