{"host":"pj7egx7jkoz18hom","time":1613453526,"event":{"mods":["AchievementEnabler","BaseMod","Keyboard Shortcuts","Minty Spire (QoL Compilation)","SuperFastMode"],"gold_per_floor":[113,130,145,159,159,192,203,230,242,254,284,306,336,360,372,481,493,518,530,205,218,235,235,235,235],"floor_reached":24,"language":"KOR","playtime":886,"items_purged":[],"score":257,"play_id":"6d0f32d0-24ce-4511-a805-2487cd2ecd19","local_time":"20210216143206","is_ascension_mode":true,"campfire_choices":[{"data":"Armaments","floor":10,"key":"SMITH"},{"data":"Armaments","floor":15,"key":"SMITH"},{"data":"True Grit","floor":23,"key":"SMITH"}],"circlet_count":0,"master_deck":["Strike_R","Strike_R","Strike_R","Strike_R","Strike_R","Defend_R","Defend_R","Defend_R","Defend_R","Bash","Immolate+1","Pommel Strike","Anger","Thunderclap","Armaments+1","Carnage","True Grit+1","Armaments+1","Ghostly Armor","Juggernaut","Iron Wave","Seeing Red","Burning Pact"],"relics":["Burning Blood","White Beast Statue","MawBank","Calipers","Cursed Key","Champion Belt"],"acts_visited":["Exordium","TheCity"],"potions_floor_usage":[6,7,8,16,16,22,24],"damage_taken":[{"damage":5,"enemies":"2 Louse","floor":1,"turns":2},{"damage":7,"enemies":"Cultist","floor":2,"turns":3},{"damage":1,"enemies":"Small Slimes","floor":3,"turns":3},{"damage":18,"enemies":"Blue Slaver","floor":4,"turns":4},{"damage":18,"enemies":"3 Sentries","floor":6,"turns":3},{"damage":0,"enemies":"Exordium Thugs","floor":7,"turns":1},{"damage":14,"enemies":"Gremlin Nob","floor":8,"turns":3},{"damage":11,"enemies":"Large Slime","floor":11,"turns":5},{"damage":9,"enemies":"Blue Slaver","floor":12,"turns":3},{"damage":16,"enemies":"Red Slaver","floor":13,"turns":2},{"damage":2,"enemies":"Looter","floor":14,"turns":2},{"damage":36,"enemies":"The Guardian","floor":16,"turns":12},{"damage":15,"enemies":"2 Thieves","floor":18,"turns":4},{"damage":16,"enemies":"Spheric Guardian","floor":21,"turns":4},{"damage":14,"enemies":"Centurion and Healer","floor":22,"turns":5},{"damage":60,"enemies":"Gremlin Leader","floor":24,"turns":4}],"seed_played":"4990951169116057958","potions_obtained":[{"floor":1,"key":"LiquidMemories"},{"floor":4,"key":"Explosive Potion"},{"floor":7,"key":"BlessingOfTheForge"},{"floor":8,"key":"DistilledChaos"},{"floor":11,"key":"Ancient Potion"},{"floor":12,"key":"HeartOfIron"},{"floor":13,"key":"BlessingOfTheForge"},{"floor":16,"key":"ElixirPotion"},{"floor":18,"key":"ColorlessPotion"},{"floor":22,"key":"FearPotion"}],"is_trial":false,"path_per_floor":["M","M","M","M","?","E","M","E","T","R","M","M","M","M","R","B",null,"M","?","$","M","M","R","E"],"character_chosen":"IRONCLAD","items_purchased":["Champion Belt","Seeing Red"],"campfire_rested":0,"item_purchase_floors":[20,20],"current_hp_per_floor":[80,79,80,68,68,56,62,54,54,54,49,46,36,40,40,10,80,71,71,71,61,53,53,0,0],"gold":235,"neow_bonus":"THREE_RARE_CARDS","is_daily":false,"chose_seed":false,"campfire_upgraded":3,"win_rate":0.0,"timestamp":1613453526,"path_taken":["M","M","M","M","?","E","?","E","T","R","M","M","M","M","R","BOSS","M","?","$","?","M","R","E"],"items_purchased_type":["Relic","Card"],"build_version":"2020-12-22","purchased_purges":0,"victory":false,"max_hp_per_floor":[80,80,80,80,80,80,80,80,80,80,80,80,80,80,80,80,80,80,80,80,80,80,80,80,80],"card_choices":[{"not_picked":["Limit Break","Impervious"],"picked":"Immolate","floor":0},{"not_picked":["Havoc","Sword Boomerang"],"picked":"Pommel Strike","floor":1},{"not_picked":["Body Slam","Clash"],"picked":"Anger","floor":2},{"not_picked":["Sword Boomerang","Uppercut","Clash"],"picked":"SKIP","floor":3},{"not_picked":["Shockwave","Havoc"],"picked":"Thunderclap","floor":4},{"not_picked":["Thunderclap","Clash","Dark Embrace"],"picked":"SKIP","floor":6},{"not_picked":["Flex","Offering"],"picked":"Armaments","floor":7},{"not_picked":["Havoc","Rampage"],"picked":"Carnage","floor":8},{"not_picked":["Carnage","Bloodletting"],"picked":"True Grit","floor":11},{"not_picked":["Clothesline","Havoc","Iron Wave"],"picked":"SKIP","floor":12},{"not_picked":["Warcry","True Grit"],"picked":"Armaments","floor":13},{"not_picked":["Blood for Blood","Rampage"],"picked":"Ghostly Armor","floor":14},{"not_picked":["Brutality","Limit Break"],"picked":"Juggernaut","floor":16},{"not_picked":["Pommel Strike+1","Heavy Blade"],"picked":"Iron Wave","floor":18},{"not_picked":["Disarm","Evolve+1","Havoc"],"picked":"SKIP","floor":21},{"not_picked":["Inflame","Twin Strike+1"],"picked":"Burning Pact","floor":22}],"player_experience":96101,"relics_obtained":[{"floor":6,"key":"White Beast Statue"},{"floor":8,"key":"MawBank"},{"floor":9,"key":"Calipers"}],"event_choices":[{"damage_healed":0,"gold_gain":0,"player_choice":"Upgraded","damage_taken":0,"max_hp_gain":0,"max_hp_loss":0,"event_name":"Upgrade Shrine","floor":5,"gold_loss":0,"cards_upgraded":["Immolate"]},{"cards_removed":["Pain"],"damage_healed":0,"gold_gain":0,"player_choice":"Purged","damage_taken":0,"max_hp_gain":0,"max_hp_loss":0,"event_name":"Purifier","floor":19,"gold_loss":0}],"is_beta":false,"boss_relics":[{"not_picked":["Ectoplasm","SacredBark"],"picked":"Cursed Key"}],"items_purged_floors":[],"is_endless":false,"potions_floor_spawned":[1,4,7,8,11,12,13,14,16,18,21,22],"killed_by":"Gremlin Leader","ascension_level":4}}