{"host":"350rh84kbmtekt58","time":1613503683,"event":{"mods":["AchievementEnabler","Act Like it!","BaseMod","Better Synergies","Block Reminder","CapriCore","Challenge The Spire","Colored Map","Colored Powertips","Communication Mod","Downfall","Energized Spire","Friendly Minions","GifTheSpireLib","Highlight Path","Minty Spire (QoL Compilation)","Quick Restart","Replay The Spire","Shop Mod","StSLib","The Animator","The Disciple","The Immortal","The Marked","The Runesmith","The Servant 0.9.4","The Wild Card","Transform Curses","yUi"],"gold_per_floor":[111,111,111,111,128,153,169,188,267,300,300,325,340,64,64,168,168,183,35,85,85,161,161,196,196,221,221,248,258,268,279,279,383,383,403,2,2,16,31,31,31],"floor_reached":40,"language":"ENG","playtime":5086,"items_purged":[],"score":592,"play_id":"292e700f-8745-45ae-9d48-0c24a79a76f2","local_time":"20210216132803","is_ascension_mode":true,"campfire_choices":[{"floor":11,"key":"REST"},{"floor":15,"key":"DIG"},{"floor":23,"key":"REST"},{"floor":27,"key":"REST"},{"floor":32,"key":"REST"}],"circlet_count":0,"master_deck":["Strike_B","Strike_B","Defend_B","Defend_B","Zap","Dualcast","Self Repair","Rip and Tear+1","BasicCrystalCard","Ball Lightning","Turbo","Double Energy","ReplaySolidLightProjector","Hologram","FIFO Queue","FIFO Queue","FIFO Queue","Recycle","Pot Of Greed","Pot Of Greed","Echo Form","Injury","Clumsy","Pot Of Greed","Leap+1","Sweeping Beam+1","Consume","Core Surge+1","Go for the Eyes+1","ReplayTheSpireMod:Calculation Training","BasicCrystalCard+1","White Noise","Creative AI","Hologram+1","Biased Cognition+1","ReplayTheSpireMod:Omega Cannon+1","Pot Of Greed","Static Discharge","Cold Snap+1","Gash+1","Stack","Blizzard+1"],"relics":["Cracked Core","NeowsBlessing","Incense Burner","Sundial","Replay:Mystery Machine","Bag of Preparation","Boot","Grinning Jar","Replay:Ancient Bell","Runesmith:AutoHammer","Cables","Ice Cream","Replay:Antivirus Software","Molten Egg 2","Enchiridion","Iron Hammer","Omamori","ReplayTheSpireMod:Ring of Collecting","ReplayTheSpireMod:Ring of Addiction","Toy Ornithopter","SacredBark","Ring of Fury","Nunchaku","Turnip","Astrolabe","Du-Vu Doll"],"acts_visited":["Exordium","TheCity","TheBeyond"],"potions_floor_usage":[8,16,18,24,28,28,28,30,40],"damage_taken":[{"damage":0,"enemies":"Cultist","floor":1,"turns":1},{"damage":0,"enemies":"2 Louse","floor":5,"turns":1},{"damage":0,"enemies":"Gremlin Nob","floor":6,"turns":1},{"damage":0,"enemies":"Jaw Worm","floor":7,"turns":1},{"damage":16,"enemies":"2 Fungi Beasts","floor":8,"turns":3},{"damage":31,"enemies":"3 Sentries","floor":10,"turns":6},{"damage":18,"enemies":"Gremlin Nob","floor":12,"turns":4},{"damage":0,"enemies":"Looter","floor":13,"turns":3},{"damage":33,"enemies":"Slime Boss","floor":16,"turns":11},{"damage":26,"enemies":"3 Byrds","floor":18,"turns":5},{"damage":48,"enemies":"Slavers","floor":24,"turns":5},{"damage":21,"enemies":"Book of Stabbing","floor":28,"turns":3},{"damage":28,"enemies":"Shell Parasite","floor":29,"turns":4},{"damage":11,"enemies":"Snecko","floor":30,"turns":4},{"damage":20,"enemies":"Centurion and Healer","floor":31,"turns":4},{"damage":16,"enemies":"Champ","floor":33,"turns":9},{"damage":34,"enemies":"3 Shapes","floor":35,"turns":3},{"damage":22,"enemies":"3 Darklings","floor":38,"turns":3},{"damage":11,"enemies":"4 Shapes","floor":39,"turns":4},{"damage":39,"enemies":"Reptomancer","floor":40,"turns":4}],"seed_played":"-7966303802804752272","potions_obtained":[{"floor":7,"key":"Fruit Juice"},{"floor":8,"key":"Strength Potion"},{"floor":10,"key":"Reflective Coating"},{"floor":18,"key":"DistilledChaos"},{"floor":25,"key":"PowerPotion"},{"floor":25,"key":"Death Potion"},{"floor":25,"key":"LifebloodPotion"},{"floor":29,"key":"Adrenaline Potion"},{"floor":38,"key":"LiquidMemories"}],"is_trial":false,"path_per_floor":["M","$","?","?","M","E","M","M","T","E","R","E","M","$","R_BF","B",null,"M","$","?","?","T","R","E","?","T","R","E","M","M","M","R","B",null,"M","$","?","M","M","E"],"character_chosen":"DEFECT","items_purchased":["Boot","FIFO Queue","Recycle","Replay:Antivirus Software","Du-Vu Doll","Cold Snap+1","Gash+1"],"campfire_rested":4,"item_purchase_floors":[14,14,14,19,36,36,36],"current_hp_per_floor":[75,75,75,75,75,75,75,71,71,47,71,60,67,67,67,41,80,68,68,68,52,52,76,28,28,28,52,60,32,36,23,47,45,78,51,51,51,29,28,0,0],"gold":31,"neow_bonus":"THREE_ENEMY_KILL","is_daily":false,"chose_seed":false,"campfire_upgraded":0,"win_rate":0.0,"timestamp":1613503683,"path_taken":["M","$","?","?","M","E","M","M","T","E","R","E","M","?","R_BF","BOSS","M","$","?","?","?","R","E","?","T","R","E","M","?","M","R","BOSS","M","$","?","M","?","E"],"items_purchased_type":["Relic","Card","Card","Relic","Relic","Card","Card"],"build_version":"2020-12-22","purchased_purges":0,"victory":false,"max_hp_per_floor":[75,75,75,75,75,75,75,80,80,80,80,80,80,80,80,80,80,80,80,80,80,80,80,80,80,80,80,80,80,80,80,80,80,78,78,78,76,76,76,74,74],"card_choices":[{"not_picked":["Barrage","Rebound"],"picked":"Self Repair","floor":1},{"not_picked":["Coolheaded","Turbo"],"picked":"BasicCrystalCard","floor":5},{"not_picked":["ReplayTheSpireMod:Repulse","Steam Power"],"picked":"Ball Lightning","floor":6},{"not_picked":["Steam Power","ReplayTheSpireMod:Reroute Power"],"picked":"Turbo","floor":7},{"not_picked":["Conserve Battery","BasicCrystalCard"],"picked":"Double Energy","floor":8},{"not_picked":["Rebound","Ball Lightning"],"picked":"ReplaySolidLightProjector","floor":10},{"not_picked":["Time Bomb","Turbo"],"picked":"Hologram","floor":12},{"not_picked":["Sunder","FTL"],"picked":"FIFO Queue","floor":13},{"not_picked":["Meteor Strike","ReplayRNGCard"],"picked":"Echo Form","floor":16},{"not_picked":["Amnesia","Languid"],"picked":"Injury","floor":17},{"not_picked":["Spreading Infection","downfall:Malfunctioning"],"picked":"Clumsy","floor":17},{"not_picked":["Spreading Infection","ReplayTheSpireMod:Restless Dread"],"picked":"Languid","floor":17},{"not_picked":["BasicCrystalCard","FIFO Queue"],"picked":"Leap+1","floor":18},{"not_picked":["Go for the Eyes+1","Leap"],"picked":"Sweeping Beam+1","floor":20},{"not_picked":["Cold Snap+1","Stack"],"picked":"Consume","floor":20},{"not_picked":["Recycle+1","Conserve Battery"],"picked":"Core Surge+1","floor":24},{"not_picked":["Rip and Tear+1","Gash+1"],"picked":"Go for the Eyes+1","floor":28},{"not_picked":["Streamline+1","BasicCrystalCard"],"picked":"ReplayTheSpireMod:Calculation Training","floor":29},{"not_picked":["Ball Lightning+1","Hologram"],"picked":"BasicCrystalCard+1","floor":30},{"not_picked":["Hello World","BasicCrystalCard+1"],"picked":"White Noise","floor":31},{"not_picked":["Seek","ReplayRNGCard"],"picked":"Creative AI","floor":33},{"not_picked":["Turbo+1","ReplaySolidLightProjector"],"picked":"Static Discharge","floor":35},{"not_picked":["Go for the Eyes+1","Recycle"],"picked":"Stack","floor":38},{"not_picked":["Beam Cell+1","Chill"],"picked":"Blizzard+1","floor":39}],"player_experience":259056,"relics_obtained":[{"floor":6,"key":"Incense Burner"},{"floor":9,"key":"Sundial"},{"floor":10,"key":"Replay:Mystery Machine"},{"floor":12,"key":"Bag of Preparation"},{"floor":15,"key":"Grinning Jar"},{"floor":20,"key":"Molten Egg 2"},{"floor":21,"key":"Enchiridion"},{"floor":22,"key":"Iron Hammer"},{"floor":24,"key":"Omamori"},{"floor":25,"key":"ReplayTheSpireMod:Ring of Collecting"},{"floor":25,"key":"ReplayTheSpireMod:Ring of Addiction"},{"floor":25,"key":"Toy Ornithopter"},{"floor":25,"key":"SacredBark"},{"floor":26,"key":"Ring of Fury"},{"floor":26,"key":"Nunchaku"},{"floor":28,"key":"Turnip"}],"event_choices":[{"damage_healed":0,"gold_gain":0,"player_choice":"Leave","damage_taken":0,"max_hp_gain":0,"max_hp_loss":0,"event_name":"The Cleric","floor":4,"gold_loss":0},{"damage_healed":0,"gold_gain":0,"player_choice":"Obtained Book","damage_taken":16,"max_hp_gain":0,"max_hp_loss":0,"event_name":"Cursed Tome","floor":21,"gold_loss":0},{"cards_removed":["Languid"],"damage_healed":0,"gold_gain":0,"player_choice":"Purged","damage_taken":0,"max_hp_gain":0,"max_hp_loss":0,"event_name":"Purifier","floor":37,"gold_loss":0}],"is_beta":false,"boss_relics":[{"not_picked":["energizedSpire:RedRose","Coffee Dripper"],"picked":"Replay:Ancient Bell"},{"not_picked":["Ancient Tea Set","ReplayFunnel"],"picked":"Runesmith:AutoHammer"},{"not_picked":["Onion Ring","White Beast Statue"],"picked":"Cables"},{"not_picked":["Replay:Multitool","Prayer Wheel"],"picked":"Ice Cream"},{"not_picked":["Runic Dome","Kintsugi"],"picked":"Astrolabe"}],"items_purged_floors":[],"is_endless":false,"potions_floor_spawned":[7,8,10,18,29,38],"killed_by":"Reptomancer","ascension_level":1}}