{"host":"BK","time":1613434336,"event":{"mods":["BaseMod","Highlight Path","Minty Spire (QoL Compilation)","StSLib"],"gold_per_floor":[115,115,129,129,25,25,66,87,87,87,87,126,42,66,66,155,155,176,219,239,253,93,93,93,93],"floor_reached":24,"language":"ENG","playtime":998,"items_purged":["Strike_G"],"score":408,"play_id":"fa7bc095-1acf-4e62-89be-c8eb17da2a7e","local_time":"20210215171216","is_ascension_mode":true,"campfire_choices":[{"data":"Skewer","floor":6.0,"key":"SMITH"},{"floor":10.0,"key":"REST"},{"data":"Catalyst","floor":15.0,"key":"SMITH"},{"floor":23.0,"key":"REST"}],"circlet_count":0,"master_deck":["AscendersBane","Strike_G+1","Strike_G","Strike_G","Strike_G+1","Defend_G","Defend_G","Defend_G","Defend_G","Defend_G","Survivor","Neutralize","Skewer+1","Leg Sweep","Deadly Poison","Dagger Spray","Catalyst+1","Blade Dance","Burst","Backflip+1","Backflip","Leg Sweep"],"relics":["Cursed Key","Golden Idol","Whetstone","Pear","Fusion Hammer","Red Mask","PreservedInsect"],"acts_visited":["Exordium","TheCity"],"potions_floor_usage":[24],"damage_taken":[{"damage":7.0,"enemies":"Small Slimes","floor":1.0,"turns":5.0},{"damage":1.0,"enemies":"2 Louse","floor":3.0,"turns":3.0},{"damage":15.0,"enemies":"3 Sentries","floor":7.0,"turns":10.0},{"damage":0.0,"enemies":"Jaw Worm","floor":8.0,"turns":3.0},{"damage":6.0,"enemies":"Lagavulin","floor":12.0,"turns":6.0},{"damage":0.0,"enemies":"2 Fungi Beasts","floor":14.0,"turns":3.0},{"damage":19.0,"enemies":"The Guardian","floor":16.0,"turns":11.0},{"damage":11.0,"enemies":"2 Thieves","floor":18.0,"turns":3.0},{"damage":12.0,"enemies":"Masked Bandits","floor":19.0,"turns":3.0},{"damage":12.0,"enemies":"Spheric Guardian","floor":20.0,"turns":7.0},{"damage":18.0,"enemies":"Shelled Parasite and Fungi","floor":21.0,"turns":8.0},{"damage":34,"enemies":"Chosen and Byrds","floor":24,"turns":5}],"seed_played":"-3426710922173548001","potions_obtained":[{"floor":1.0,"key":"Regen Potion"},{"floor":7.0,"key":"Explosive Potion"},{"floor":16.0,"key":"BlessingOfTheForge"},{"floor":19.0,"key":"FearPotion"}],"is_trial":false,"path_per_floor":["M","?","M","?","$","R","E","M","T","R","?","E","$","M","R","B",null,"M","?","M","M","$","R","M"],"character_chosen":"THE_SILENT","items_purchased":["Deadly Poison","Catalyst","PreservedInsect"],"campfire_rested":2,"item_purchase_floors":[5,13,22],"current_hp_per_floor":[52,52,51,51,51,51,36,36,36,54,43,61,61,61,61,42,63,52,40,28,10,10,31,0,0],"gold":93,"neow_bonus":"BOSS_RELIC","is_daily":false,"chose_seed":false,"campfire_upgraded":2,"win_rate":0.0,"timestamp":1613434336,"path_taken":["M","?","M","?","$","R","E","M","T","R","?","E","?","M","R","BOSS","M","?","M","M","$","R","M"],"items_purchased_type":["Card","Card","Relic"],"build_version":"2020-12-18","purchased_purges":1,"victory":false,"max_hp_per_floor":[66,66,66,60,60,60,60,60,60,60,60,70,70,70,70,70,70,70,70,70,70,70,70,70,70],"card_choices":[{"not_picked":["Well Laid Plans","Blade Dance"],"picked":"Skewer","floor":1.0},{"not_picked":["Underhanded Strike","Terror"],"picked":"Leg Sweep","floor":3.0},{"not_picked":["Flying Knee","Skewer"],"picked":"Dagger Spray","floor":7.0},{"not_picked":["Quick Slash","Eviscerate","Finisher"],"picked":"SKIP","floor":8.0},{"not_picked":["Slice","Flying Knee","Calculated Gamble"],"picked":"SKIP","floor":12.0},{"not_picked":["Dodge and Roll","Dagger Throw"],"picked":"Blade Dance","floor":14.0},{"not_picked":["Bullet Time","Night Terror"],"picked":"Burst","floor":16.0},{"not_picked":["Underhanded Strike","Infinite Blades","Dagger Spray"],"picked":"SKIP","floor":18.0},{"not_picked":["Cloak And Dagger","Catalyst"],"picked":"Backflip+1","floor":19.0},{"not_picked":["Blade Dance","Deflect+1"],"picked":"Backflip","floor":20.0},{"not_picked":["Prepared","Expertise"],"picked":"Leg Sweep","floor":21.0}],"player_experience":2579795,"relics_obtained":[{"floor":7.0,"key":"Whetstone"},{"floor":12.0,"key":"Pear"},{"floor":19.0,"key":"Red Mask"}],"event_choices":[{"damage_healed":0.0,"max_hp_gain":0.0,"max_hp_loss":0.0,"gold_gain":0.0,"event_name":"The Cleric","player_choice":"Leave","floor":2.0,"gold_loss":0.0,"damage_taken":0.0},{"damage_healed":0.0,"max_hp_gain":0.0,"max_hp_loss":6.0,"gold_gain":0.0,"event_name":"Golden Idol","player_choice":"Lose Max HP","floor":4.0,"gold_loss":0.0,"damage_taken":0.0,"relics_obtained":["Golden Idol"]},{"damage_healed":0.0,"max_hp_gain":0.0,"max_hp_loss":0.0,"gold_gain":0.0,"event_name":"Scrap Ooze","player_choice":"Fled","floor":11.0,"gold_loss":0.0,"damage_taken":11.0},{"damage_healed":0.0,"max_hp_gain":0.0,"max_hp_loss":0.0,"gold_gain":0.0,"event_name":"Masked Bandits","player_choice":"Fought Bandits","floor":19.0,"gold_loss":0.0,"damage_taken":0.0}],"is_beta":true,"boss_relics":[{"not_picked":["Coffee Dripper","Ectoplasm"],"picked":"Fusion Hammer"}],"items_purged_floors":[5],"is_endless":false,"potions_floor_spawned":[1,7,16,18,19,20],"killed_by":"Chosen and Byrds","ascension_level":20}}