{"host":"l3lzhw5qete3bz2v","time":1613487344,"event":{"mods":["BaseMod","Colored Map","Colored Powertips","Minty Spire (QoL Compilation)","StSLib","SuperFastMode","The Disciple"],"gold_per_floor":[115,131,142,154,79,29,29,29,29,29,29,63,76,105,105,208,208,228,228,278,122,104,104,134,160,160,160,160],"floor_reached":27,"language":"JPN","playtime":3003,"items_purged":["Strike_Br"],"score":316,"play_id":"d09116c5-6848-40f7-a0d2-86bdd2d6fa70","local_time":"20210216235544","is_ascension_mode":false,"campfire_choices":[{"data":"SecondHand","floor":8.0,"key":"SMITH"},{"data":"PrimeTime","floor":11.0,"key":"SMITH"},{"data":"ReapSow","floor":15.0,"key":"SMITH"},{"data":"LockedBlood","floor":23,"key":"SMITH"}],"circlet_count":0,"master_deck":["Strike_Br","Strike_Br","Defend_Br","Defend_Br","Defend_Br","Defend_Br","SecondHand+1","PatternShift","PrimeTime+1","LockedBlood+1","LockedThread","FormalWear+1","LockedBell","ReapSow+11","BlueShift","Pendulum","VestedLegacy","BiteCommand","WindUp","Recurrance"],"relics":["Chronometer","Mango","White Beast Statue","MysticCrockPot","HangingClock","Pen Nib","Orichalcum","WaitingRoom"],"acts_visited":["Exordium","TheCity"],"potions_floor_usage":[22],"damage_taken":[{"damage":0.0,"enemies":"Small Slimes","floor":1.0,"turns":5.0},{"damage":1.0,"enemies":"Jaw Worm","floor":2.0,"turns":5.0},{"damage":1.0,"enemies":"Cultist","floor":3.0,"turns":4.0},{"damage":27.0,"enemies":"Exordium Thugs","floor":4.0,"turns":6.0},{"damage":0.0,"enemies":"Lagavulin","floor":12.0,"turns":7.0},{"damage":2.0,"enemies":"Red Slaver","floor":13.0,"turns":7.0},{"damage":10.0,"enemies":"Gremlin Nob","floor":14.0,"turns":8.0},{"damage":15.0,"enemies":"Hexaghost","floor":16.0,"turns":11.0},{"damage":0.0,"enemies":"3 Byrds","floor":18.0,"turns":6.0},{"damage":20,"enemies":"2 Thieves","floor":22,"turns":4},{"damage":21,"enemies":"Centurion and Healer","floor":24,"turns":10},{"damage":14,"enemies":"Gremlin Leader","floor":25,"turns":8},{"damage":5,"enemies":"Chosen and Byrds","floor":27,"turns":7}],"seed_played":"7250219358906767251","potions_obtained":[{"floor":4.0,"key":"CultistPotion"},{"floor":13.0,"key":"SkillPotion"},{"floor":14.0,"key":"Explosive Potion"},{"floor":16.0,"key":"LiquidMemories"},{"floor":18.0,"key":"SteroidPotion"},{"floor":22,"key":"Ancient Potion"}],"is_trial":false,"path_per_floor":["M","M","M","M","$","?","?","R","T","?","R","E","M","E","R","B",null,"M","?","?","$","M","R","M","E","T","M"],"character_chosen":"CHRONO_CLASS","items_purchased":["Pen Nib"],"campfire_rested":0,"item_purchase_floors":[21],"current_hp_per_floor":[71,70,71,50,50,50,55,55,69,69,69,75,79,75,75,66,90,90,72,72,72,52,52,40,35,35,39,39],"gold":160,"neow_bonus":"TEN_PERCENT_HP_BONUS","is_daily":false,"chose_seed":false,"campfire_upgraded":4,"win_rate":0.0,"timestamp":1613487344,"path_taken":["M","M","M","M","$","?","?","R","T","?","R","E","M","E","R","BOSS","M","?","?","$","M","R","M","E","T","?"],"items_purchased_type":["Relic"],"build_version":"2020-12-22","purchased_purges":1,"victory":false,"max_hp_per_floor":[71,71,71,71,71,71,76,76,90,90,90,90,90,90,90,90,90,90,95,95,95,95,95,95,95,95,95,95],"card_choices":[{"not_picked":["BiteCommand","HandsUpB"],"picked":"PrimeTime","floor":1.0},{"not_picked":["ReapSow","Tempo"],"picked":"LockedBlood","floor":2.0},{"not_picked":["BiteCommand","LockedMedicine"],"picked":"LockedThread","floor":3.0},{"not_picked":["Tempo","ShortSighted"],"picked":"FormalWear","floor":4.0},{"not_picked":["LockedBlood","LockedOrichalcum"],"picked":"LockedBell","floor":12.0},{"not_picked":["LockedTurtyl","AlternateTimeline"],"picked":"ReapSow","floor":13.0},{"not_picked":["LockedTornado","WakeUpCall"],"picked":"BlueShift","floor":14.0},{"not_picked":["LockedFlame","OracleForm"],"picked":"Pendulum","floor":16.0},{"not_picked":["LockedScales","BlueShift"],"picked":"VestedLegacy","floor":18.0},{"not_picked":["Echoward+1","LockedBlood"],"picked":"BiteCommand","floor":22},{"not_picked":["Parity","Tempo"],"picked":"WindUp","floor":24},{"not_picked":["TiringSlam","Engulf"],"picked":"Recurrance","floor":25}],"player_experience":110596,"relics_obtained":[{"floor":9.0,"key":"Mango"},{"floor":12.0,"key":"White Beast Statue"},{"floor":14.0,"key":"MysticCrockPot"},{"floor":25,"key":"Orichalcum"},{"floor":26,"key":"WaitingRoom"}],"event_choices":[{"cards_removed":["Strike_Br"],"damage_healed":0.0,"max_hp_gain":0.0,"max_hp_loss":0.0,"gold_gain":0.0,"event_name":"The Cleric","player_choice":"Card Removal","floor":6.0,"gold_loss":50.0,"damage_taken":0.0},{"damage_healed":0.0,"max_hp_gain":5.0,"max_hp_loss":0.0,"gold_gain":0.0,"event_name":"Big Fish","player_choice":"Donut","floor":7.0,"gold_loss":0.0,"damage_taken":0.0},{"damage_healed":0.0,"max_hp_gain":0.0,"max_hp_loss":0.0,"gold_gain":0.0,"event_name":"Living Wall","player_choice":"Grow","floor":10.0,"gold_loss":0.0,"damage_taken":0.0,"cards_upgraded":["FormalWear"]},{"damage_healed":0.0,"max_hp_gain":5.0,"max_hp_loss":0.0,"gold_gain":0.0,"event_name":"Forgotten Altar","player_choice":"Shed Blood","floor":19.0,"gold_loss":0.0,"damage_taken":23.0},{"damage_healed":0.0,"max_hp_gain":0.0,"max_hp_loss":0.0,"gold_gain":100.0,"event_name":"The Joust","player_choice":"Bet on Murderer","floor":20.0,"gold_loss":50.0,"damage_taken":0.0}],"is_beta":false,"boss_relics":[{"not_picked":["Calling Bell","Fusion Hammer"],"picked":"HangingClock"}],"items_purged_floors":[5],"is_endless":false,"potions_floor_spawned":[4,13,14,16,18,22,24,25],"killed_by":"Chosen and Byrds","ascension_level":0}}