{"host":"egwexuw5uvnxf11j","time":1613497659,"event":{"mods":["2.2 Compatiblity","Aspiration","BaseMod","Better Note","Better Sensory Stone","Better Third Choice","Displayed Cursed Tome","Downfall","Hermit","Key Reminder","Koishi","Marisa????????","Minty Spire (QoL Compilation)","Quick Restart","Shade Mod","Spicy Shops","StSLib","The Construct","The Cursed","The Runesmith","The Senshi","The Servant 0.9.4","Transform Curses"],"gold_per_floor":[218,24,38,38,38,105,105,130,130,197,197,226,92,125,125,296,296,323,323,30,60,72,72,142,167,219,219,252,252,312,353,353,533,533,544,77,77,111,161,195,195,215,240,240,253,285,298,329,329,329,329],"floor_reached":50,"language":"ENG","playtime":2897,"items_purged":[],"score":850,"play_id":"87b972bc-d13a-4bfa-b14a-755e3c856d84","local_time":"20210216124739","is_ascension_mode":true,"campfire_choices":[{"floor":7,"key":"REST"},{"floor":11,"key":"REST"},{"data":"hermit:DeadOrAlive","floor":15,"key":"SMITH"},{"data":"Apotheosis","floor":23,"key":"SMITH"},{"floor":27,"key":"REST"},{"floor":32,"key":"REST"},{"floor":41,"key":"REST"},{"floor":49,"key":"REST"}],"circlet_count":0,"master_deck":["hermit:Strike_Hermit+1","hermit:Strike_Hermit+1","hermit:Strike_Hermit","hermit:Strike_Hermit","hermit:Defend_Hermit+1","hermit:Defend_Hermit","hermit:Defend_Hermit","hermit:Defend_Hermit+1","hermit:Snapshot","hermit:Covet","hermit:Desperado","hermit:Brawl","hermit:Deadeye","CurseOfTheBell","CurseOfTheBell","Writhe","hermit:DeadOrAlive","downfall:Aged","Regret","hermit:Snipe","hermit:Headshot","hermit:DeadOrAlive+1","hermit:Misfire","hermit:LowProfile+1","hermit:Headshot","hermit:TakeAim","hermit:Horror","hermit:Roughhouse","hermit:Grudge","Apotheosis+1","hermit:Dive","hermit:Spite+1","hermit:Feint","hermit:Gestalt","hermit:PistolWhip","hermit:Virtue+1","hermit:NoHoldsBarred","hermit:RoundhouseKick","hermit:EyeOfTheStorm+1","hermit:Misfire","hermit:NoHoldsBarred","Madness","Madness","hermit:LowProfile+1","hermit:Coalescence","hermit:Vantage+1","downfall:Malfunctioning","Wraith","hermit:CalledShot+1","hermit:Maintenance+1","hermit:Quickdraw+1","hermit:ShadowCloak+1"],"relics":["hermit:Momento","aspiration:ChemicalBlood","downfall:ExtraCursedBell","Runesmith:AutoHammer","aspiration:FetidBarrel","construct:RocketBooster","Pocketwatch","theSenshi:SuperSailorFukuRelic","Meat on the Bone","Ginger","keyreminder:keyreminder","Cursed Key","Sundial","Pear","Akabeko","aspiration:HummingbirdHeart","The Courier","SlaversCollar","ClockworkSouvenir","CaptainsWheel","Calipers","PreservedInsect"],"acts_visited":["Exordium","TheCity","TheBeyond"],"potions_floor_usage":[6,6,10,16,16,24,24,28,31,33,33,33,33,40,40,50,50],"damage_taken":[{"damage":0,"enemies":"2 Louse","floor":1,"turns":2},{"damage":13,"enemies":"Jaw Worm","floor":3,"turns":4},{"damage":26,"enemies":"Lagavulin","floor":6,"turns":5},{"damage":0,"enemies":"Small Slimes","floor":8,"turns":3},{"damage":16,"enemies":"3 Sentries","floor":10,"turns":6},{"damage":0,"enemies":"2 Fungi Beasts","floor":12,"turns":3},{"damage":0,"enemies":"Large Slime","floor":14,"turns":3},{"damage":0,"enemies":"Slime Boss","floor":16,"turns":7},{"damage":7,"enemies":"Shell Parasite","floor":18,"turns":5},{"damage":7,"enemies":"2 Thieves","floor":21,"turns":4},{"damage":6,"enemies":"Snake Plant","floor":22,"turns":4},{"damage":47,"enemies":"Slavers","floor":24,"turns":6},{"damage":0,"enemies":"Sentry and Sphere","floor":25,"turns":4},{"damage":24,"enemies":"Book of Stabbing","floor":28,"turns":5},{"damage":0,"enemies":"Slavers","floor":30,"turns":4},{"damage":0,"enemies":"Shelled Parasite and Fungi","floor":31,"turns":5},{"damage":21,"enemies":"Champ","floor":33,"turns":11},{"damage":0,"enemies":"Orb Walker","floor":35,"turns":3},{"damage":14,"enemies":"3 Shapes","floor":38,"turns":3},{"damage":0,"enemies":"Mind Bloom Boss Battle","floor":39,"turns":5},{"damage":15,"enemies":"Nemesis","floor":40,"turns":7},{"damage":0,"enemies":"Spire Growth","floor":42,"turns":4},{"damage":1,"enemies":"Maw","floor":45,"turns":7},{"damage":0,"enemies":"Jaw Worm Horde","floor":46,"turns":2},{"damage":9,"enemies":"Spire Growth","floor":47,"turns":5},{"damage":21,"enemies":"Writhing Mass","floor":48,"turns":7},{"damage":77,"enemies":"Awakened One","floor":50,"turns":4}],"seed_played":"4680459606165558046","potions_obtained":[{"floor":6,"key":"Dexterity Potion"},{"floor":12,"key":"Energy Potion"},{"floor":14,"key":"SteroidPotion"},{"floor":22,"key":"hermit:Eclipse"},{"floor":24,"key":"Swift Potion"},{"floor":31,"key":"LiquidBronze"},{"floor":33,"key":"LiquidBronze"},{"floor":35,"key":"SpeedPotion"},{"floor":40,"key":"bronze:BurnAndBuffPotion"},{"floor":45,"key":"BlessingOfTheForge"}],"is_trial":false,"path_per_floor":["M","$","M","?","?","E","R","M","T","E","R","M","$","M","R","B",null,"M","?","$","M","M","R","E","M","T","R","E","?","E","M","R","B",null,"M","$","?","M","?","E","R","M","T","?","M","M","M","M","R","B"],"character_chosen":"HERMIT","items_purchased":["hermit:Brawl","aspiration:ChemicalBlood","hermit:LowProfile","hermit:Headshot","hermit:TakeAim","Apotheosis","Sundial","ClockworkSouvenir","hermit:Misfire","hermit:NoHoldsBarred","CaptainsWheel"],"campfire_rested":6,"item_purchase_floors":[2,2,13,13,13,20,20,36,36,36,36],"current_hp_per_floor":[75,75,62,67,67,41,65,65,65,49,73,73,73,73,73,73,80,73,73,73,66,60,60,35,47,47,74,50,50,50,50,77,56,90,90,90,79,65,65,50,77,77,77,77,76,76,67,46,73,0,0],"gold":329,"neow_bonus":"HUNDRED_GOLD","is_daily":false,"chose_seed":false,"campfire_upgraded":2,"win_rate":0.0,"timestamp":1613497659,"path_taken":["M","$","M","?","?","E","R","M","T","E","R","?","$","M","R","BOSS","M","?","$","M","M","R","E","M","T","R","E","?","E","M","R","BOSS","M","$","?","M","?","E","R","M","T","?","M","?","M","M","R","BOSS"],"items_purchased_type":["Card","Relic","Card","Card","Card","Card","Relic","Relic","Card","Card","Relic"],"build_version":"2020-12-22","purchased_purges":0,"victory":false,"max_hp_per_floor":[75,75,75,80,80,80,80,80,80,80,80,80,80,80,80,80,80,80,80,80,80,80,80,90,90,90,90,90,90,90,90,90,90,90,90,90,90,90,90,90,90,90,90,90,90,90,90,90,90,90,90],"card_choices":[{"not_picked":["hermit:CalledShot","hermit:FullyLoaded"],"picked":"hermit:Desperado","floor":1},{"not_picked":["hermit:Dive","hermit:Grudge"],"picked":"hermit:Deadeye","floor":3},{"not_picked":["hermit:NoHoldsBarred","hermit:ItchyTrigger"],"picked":"hermit:Snipe","floor":6},{"not_picked":["hermit:NoHoldsBarred","hermit:Dive"],"picked":"hermit:Headshot","floor":8},{"not_picked":["hermit:WideOpen","hermit:Combo"],"picked":"hermit:DeadOrAlive","floor":10},{"not_picked":["hermit:Dive","hermit:Brawl"],"picked":"hermit:Misfire","floor":12},{"not_picked":["hermit:CalledShot","hermit:CursedWeapon"],"picked":"hermit:Horror","floor":14},{"not_picked":["hermit:Magnum","hermit:RoundhouseKick"],"picked":"hermit:Roughhouse","floor":16},{"not_picked":["hermit:Vantage","hermit:CalledShot"],"picked":"hermit:Grudge","floor":18},{"not_picked":["hermit:HighCaliber","hermit:BodyArmor+1"],"picked":"hermit:Dive","floor":21},{"not_picked":["hermit:Snipe","hermit:CalledShot"],"picked":"hermit:Spite","floor":22},{"not_picked":["hermit:CalledShot","hermit:LowProfile+1"],"picked":"hermit:Feint","floor":24},{"not_picked":["hermit:CalledShot+1","hermit:Misfire"],"picked":"hermit:Gestalt","floor":25},{"not_picked":["hermit:Snipe+1","hermit:Feint"],"picked":"hermit:PistolWhip","floor":28},{"not_picked":["hermit:Gestalt","hermit:Roulette"],"picked":"hermit:Virtue+1","floor":30},{"not_picked":["hermit:GhostlyPresence","hermit:CursedWeapon+1"],"picked":"hermit:NoHoldsBarred","floor":31},{"not_picked":["hermit:Gambit","hermit:FromBeyond"],"picked":"hermit:RoundhouseKick","floor":33},{"not_picked":["hermit:CalledShot","hermit:ItchyTrigger+1"],"picked":"hermit:EyeOfTheStorm+1","floor":35},{"not_picked":["hermit:Deadeye","hermit:HoleUp+1"],"picked":"hermit:LowProfile+1","floor":38},{"not_picked":["hermit:OverwhelmingPower","hermit:Desperado+1"],"picked":"hermit:Coalescence","floor":40},{"not_picked":["hermit:Enervate+1","hermit:Feint+1"],"picked":"hermit:Vantage+1","floor":42},{"not_picked":["hermit:Snipe+1","hermit:Cheat+1"],"picked":"hermit:CalledShot+1","floor":45},{"not_picked":["hermit:LowProfile+1","hermit:HighCaliber"],"picked":"hermit:Maintenance+1","floor":46},{"not_picked":["hermit:Ricochet","hermit:DeadOrAlive"],"picked":"hermit:Quickdraw+1","floor":47},{"not_picked":["hermit:TrackingShot+1","hermit:Roulette"],"picked":"hermit:ShadowCloak+1","floor":48}],"player_experience":2088825,"relics_obtained":[{"floor":4,"key":"Runesmith:AutoHammer"},{"floor":4,"key":"aspiration:FetidBarrel"},{"floor":4,"key":"construct:RocketBooster"},{"floor":6,"key":"theSenshi:SuperSailorFukuRelic"},{"floor":9,"key":"Meat on the Bone"},{"floor":10,"key":"Ginger"},{"floor":24,"key":"Pear"},{"floor":26,"key":"Akabeko"},{"floor":28,"key":"aspiration:HummingbirdHeart"},{"floor":30,"key":"The Courier"},{"floor":39,"key":"Calipers"},{"floor":40,"key":"PreservedInsect"}],"event_choices":[{"damage_healed":0,"gold_gain":0,"player_choice":"Box","damage_taken":0,"relics_obtained":["Pocketwatch"],"max_hp_gain":0,"max_hp_loss":0,"event_name":"Big Fish","floor":5,"gold_loss":0,"cards_obtained":["Regret"]},{"cards_removed":["downfall:Bewildered"],"damage_healed":0,"gold_gain":0,"player_choice":"Elegance","damage_taken":0,"max_hp_gain":0,"max_hp_loss":0,"event_name":"betterThird:BetterWriting","floor":29,"gold_loss":0},{"damage_healed":0,"gold_gain":0,"player_choice":"Embrace Madness","damage_taken":11,"max_hp_gain":0,"max_hp_loss":0,"event_name":"Winding Halls","floor":37,"gold_loss":0,"cards_obtained":["Madness","Madness"]},{"damage_healed":0,"gold_gain":0,"player_choice":"Fight","damage_taken":0,"max_hp_gain":0,"max_hp_loss":0,"event_name":"MindBloom","floor":39,"gold_loss":0},{"damage_healed":0,"gold_gain":0,"player_choice":"Ignored","damage_taken":0,"max_hp_gain":0,"max_hp_loss":0,"event_name":"OrinTheCat","floor":44,"gold_loss":0}],"is_beta":false,"boss_relics":[{"not_picked":["hermit:DentedPlate","Astrolabe"],"picked":"Cursed Key"},{"not_picked":["Tiny House","aspiration:PoetsPen_weak"],"picked":"SlaversCollar"}],"items_purged_floors":[],"is_endless":false,"potions_floor_spawned":[6,10,12,14,22,24,31,33,35,40,45,46,48],"killed_by":"Awakened One","ascension_level":1}}