{"host":"o6j8h35axmoodbwy","time":1613473939,"event":{"mods":["2.2 Compatiblity","Act Like it!","BaseMod","Colored Map","Colored Powertips","Faster Ascension Climbing","MarisaÅiñ∂âJÅ@ñÇóùçπÅj","Minty Spire (QoL Compilation)","Prisma Mod","Quick Restart","Shop Mod","StSLib","SuperFastMode","Td1madao Mod"],"gold_per_floor":[112,112,187,29,47,91,117,141,166,166,202,202,240,269,269,352,352,376,108,108,127,49,65,92,92,92],"floor_reached":25,"language":"JPN","playtime":1035,"items_purged":["Strike_R"],"score":467,"play_id":"547f8a47-d32b-4b68-9cd9-b568a249d004","local_time":"20210216201219","is_ascension_mode":true,"campfire_choices":[{"data":"Whirlwind","floor":10,"key":"SMITH"},{"data":"Barricade","floor":12,"key":"SMITH"},{"floor":15,"key":"REST"}],"circlet_count":0,"master_deck":["AscendersBane","Strike_R","Strike_R","Strike_R","Defend_R","Defend_R","Defend_R","Defend_R","Bash","Intimidate","Inflame","Warcry","Cleave","Whirlwind+1","Barricade+1","Pommel Strike","Battle Trance","Impervious","Shockwave","Ghostly Armor","Impervious","Thunderclap+1","Flame Barrier","Ghostly","Ghostly","Ghostly"],"relics":["Burning Blood","NeowsBlessing","OrangePellets","CeramicFish","Ancient Tea Set","Akabeko","InkBottle","Busted Crown","DollysMirror","Enchiridion"],"acts_visited":["Exordium","TheCity"],"potions_floor_usage":[11,18,21,23],"damage_taken":[{"damage":0,"enemies":"2 Louse","floor":1,"turns":1},{"damage":0,"enemies":"Jaw Worm","floor":5,"turns":1},{"damage":0,"enemies":"Lagavulin","floor":6,"turns":1},{"damage":8,"enemies":"Small Slimes","floor":7,"turns":4},{"damage":6,"enemies":"Blue Slaver","floor":8,"turns":5},{"damage":8,"enemies":"Gremlin Nob","floor":11,"turns":3},{"damage":30,"enemies":"Lagavulin","floor":13,"turns":7},{"damage":11,"enemies":"Looter","floor":14,"turns":2},{"damage":75,"enemies":"Slime Boss","floor":16,"turns":10},{"damage":36,"enemies":"2 Thieves","floor":18,"turns":4},{"damage":0,"enemies":"Spheric Guardian","floor":21,"turns":4},{"damage":0,"enemies":"Centurion and Healer","floor":23,"turns":3},{"damage":34,"enemies":"Book of Stabbing","floor":25,"turns":8}],"seed_played":"963739774690420214","potions_obtained":[{"floor":1,"key":"Explosive Potion"},{"floor":5,"key":"FairyPotion"},{"floor":14,"key":"GamblersBrew"},{"floor":16,"key":"SpeedPotion"},{"floor":21,"key":"Regen Potion"}],"is_trial":false,"path_per_floor":["M","?","?","$","M","E","M","M","T","R","E","R","E","M","R","B",null,"M","$","?","M","$","M","?","E"],"character_chosen":"IRONCLAD","items_purchased":["OrangePellets","Ghostly Armor","DollysMirror","Flame Barrier"],"campfire_rested":1,"item_purchase_floors":[4,19,19,22],"current_hp_per_floor":[74,67,56,56,62,68,66,66,66,66,64,64,40,35,57,18,61,31,31,10,16,16,31,31,0,0],"gold":92,"neow_bonus":"THREE_ENEMY_KILL","is_daily":false,"chose_seed":false,"campfire_upgraded":2,"win_rate":0.0,"timestamp":1613473939,"path_taken":["M","?","?","?","M","E","M","M","T","R","E","R","E","M","R","BOSS","M","$","?","M","$","M","?","E"],"items_purchased_type":["Relic","Card","Relic","Card"],"build_version":"2020-12-22","purchased_purges":1,"victory":false,"max_hp_per_floor":[75,75,75,75,75,75,75,75,75,75,75,75,75,75,75,75,75,75,75,75,75,75,75,37,37,37],"card_choices":[{"not_picked":["Uppercut","Heavy Blade"],"picked":"Intimidate","floor":1},{"not_picked":["Headbutt","Intimidate"],"picked":"Inflame","floor":5},{"not_picked":["Dual Wield","Anger"],"picked":"Warcry","floor":6},{"not_picked":["Flex","Anger"],"picked":"Cleave","floor":7},{"not_picked":["Twin Strike","Blood for Blood"],"picked":"Whirlwind","floor":8},{"not_picked":["Entrench","Burning Pact"],"picked":"Barricade","floor":11},{"not_picked":["Anger","Cleave"],"picked":"Pommel Strike","floor":13},{"not_picked":["Sentinel","Wild Strike"],"picked":"Battle Trance","floor":14},{"not_picked":["Juggernaut","Fiend Fire"],"picked":"Impervious","floor":16},{"not_picked":[],"picked":"Shockwave","floor":18},{"not_picked":[],"picked":"Thunderclap+1","floor":21},{"not_picked":["Warcry"],"picked":"SKIP","floor":23}],"player_experience":434734,"relics_obtained":[{"floor":6,"key":"CeramicFish"},{"floor":9,"key":"Ancient Tea Set"},{"floor":11,"key":"Akabeko"},{"floor":13,"key":"InkBottle"},{"floor":20,"key":"Enchiridion"}],"event_choices":[{"cards_removed":["Strike_R"],"damage_healed":0,"gold_gain":0,"player_choice":"Card Removal","damage_taken":7,"max_hp_gain":0,"max_hp_loss":0,"event_name":"Golden Wing","floor":2,"gold_loss":0},{"damage_healed":0,"gold_gain":75,"player_choice":"Gather Gold","damage_taken":11,"max_hp_gain":0,"max_hp_loss":0,"event_name":"World of Goop","floor":3,"gold_loss":0},{"damage_healed":0,"gold_gain":0,"player_choice":"Obtained Book","damage_taken":21,"max_hp_gain":0,"max_hp_loss":0,"event_name":"Cursed Tome","floor":20,"gold_loss":0},{"damage_healed":0,"gold_gain":0,"player_choice":"Became a Ghost","damage_taken":0,"max_hp_gain":0,"max_hp_loss":38,"event_name":"Ghosts","floor":24,"gold_loss":0,"cards_obtained":["Ghostly","Ghostly","Ghostly"]}],"is_beta":false,"boss_relics":[{"not_picked":["Empty Cage","Runic Cube"],"picked":"Busted Crown"}],"items_purged_floors":[19],"is_endless":false,"potions_floor_spawned":[1,5,6,14,16,21],"killed_by":"Book of Stabbing","ascension_level":18}}