{"host":"2l5k2wp87eek7qja","time":1613498994,"event":{"mods":["BaseMod","Colored Map","Minty Spire (QoL Compilation)","Relic Stats"],"gold_per_floor":[109,56,131,141,141,175,175,175,202,202,215,242,258,278,278,278,278],"floor_reached":16,"language":"ENG","playtime":422,"items_purged":[],"score":270,"play_id":"398038c8-2090-42b5-895d-387156a62eaf","local_time":"20210216200954","is_ascension_mode":true,"campfire_choices":[{"data":"Cloak And Dagger","floor":7,"key":"SMITH"},{"data":"Poisoned Stab","floor":10,"key":"SMITH"},{"data":"Bouncing Flask","floor":15,"key":"SMITH"}],"circlet_count":0,"master_deck":["AscendersBane","Strike_G","Strike_G+1","Strike_G","Strike_G","Strike_G","Defend_G","Defend_G","Defend_G","Defend_G+1","Defend_G","Survivor","Neutralize","Cloak And Dagger+1","Poisoned Stab+1","Caltrops","Backstab","Poisoned Stab","Night Terror","Bouncing Flask+1"],"relics":["Ring of the Snake","NeowsBlessing","Mummified Hand","Mango"],"acts_visited":["Exordium"],"potions_floor_usage":[12,16,16],"damage_taken":[{"damage":0,"enemies":"Cultist","floor":1,"turns":1},{"damage":0,"enemies":"Jaw Worm","floor":4,"turns":1},{"damage":0,"enemies":"Lagavulin","floor":6,"turns":1},{"damage":1,"enemies":"2 Louse","floor":11,"turns":3},{"damage":10,"enemies":"3 Sentries","floor":12,"turns":9},{"damage":0,"enemies":"Blue Slaver","floor":13,"turns":3},{"damage":1,"enemies":"Large Slime","floor":14,"turns":6},{"damage":42,"enemies":"The Guardian","floor":16,"turns":6}],"seed_played":"-8703353590140555625","potions_obtained":[{"floor":4,"key":"Dexterity Potion"},{"floor":6,"key":"PowerPotion"},{"floor":12,"key":"Regen Potion"}],"is_trial":false,"path_per_floor":["M","$","?","M","?","E","R","?","T","R","M","E","M","M","R","B"],"character_chosen":"THE_SILENT","items_purchased":["Cloak And Dagger"],"campfire_rested":0,"item_purchase_floors":[2],"current_hp_per_floor":[59,59,48,48,28,28,28,28,28,28,27,31,31,30,30,0,0],"gold":278,"neow_bonus":"THREE_ENEMY_KILL","is_daily":false,"chose_seed":false,"campfire_upgraded":3,"win_rate":0.0,"timestamp":1613498994,"path_taken":["M","$","?","M","?","E","R","?","T","R","M","E","M","M","R","BOSS"],"items_purchased_type":["Card"],"build_version":"2020-12-22","purchased_purges":0,"victory":false,"max_hp_per_floor":[66,66,66,66,66,66,66,66,66,66,66,80,80,80,80,80,80],"relic_stats":{"counters":[8,30],"Mummified Hand":[3],"obtain_stats":[{"NeowsBlessing":0,"Mummified Hand":6,"Mango":12,"Ring of the Snake":0},{"NeowsBlessing":0,"Mummified Hand":3,"Mango":5,"Ring of the Snake":0},{"NeowsBlessing":0,"Mummified Hand":3,"Mango":15,"Ring of the Snake":0}],"Ring of the Snake":[16]},"card_choices":[{"not_picked":["PiercingWail","Setup","Choke"],"picked":"SKIP","floor":1},{"not_picked":["Bane","Dodge and Roll"],"picked":"Poisoned Stab","floor":4},{"not_picked":["Dodge and Roll","Slice"],"picked":"Caltrops","floor":6},{"not_picked":["Caltrops","Blade Dance"],"picked":"Backstab","floor":11},{"not_picked":["Endless Agony","Concentrate"],"picked":"Poisoned Stab","floor":12},{"not_picked":["Terror","Quick Slash"],"picked":"Night Terror","floor":13},{"not_picked":["Cloak And Dagger","Poisoned Stab"],"picked":"Bouncing Flask","floor":14}],"player_experience":795275,"relics_obtained":[{"floor":6,"key":"Mummified Hand"},{"floor":12,"key":"Mango"}],"event_choices":[{"damage_healed":0,"gold_gain":75,"player_choice":"Gather Gold","damage_taken":11,"max_hp_gain":0,"max_hp_loss":0,"event_name":"World of Goop","floor":3,"gold_loss":0},{"damage_healed":0,"gold_gain":0,"player_choice":"Entered Light","damage_taken":20,"max_hp_gain":0,"max_hp_loss":0,"event_name":"Shining Light","floor":5,"gold_loss":0,"cards_upgraded":["Defend_G","Strike_G"]},{"damage_healed":0,"gold_gain":0,"player_choice":"Ignored","damage_taken":0,"max_hp_gain":0,"max_hp_loss":0,"event_name":"Liars Game","floor":8,"gold_loss":0}],"is_beta":false,"boss_relics":[],"items_purged_floors":[],"is_endless":false,"potions_floor_spawned":[4,6,12],"killed_by":"The Guardian","ascension_level":20}}