{"host":"8a72fthmlk1o8pdb","time":1613507258,"event":{"mods":["AchievementEnabler","Aspiration","Astrologer","Bard","BaseMod","Beaked The Cultist","Better Sensory Stone","Better Skull","Better Third Choice","ChefMod","Colored Map","Colored Powertips","Dark Map","Downfall","Friendly Minions","GifTheSpireLib","Googly Eyes","Gremlin Mod","Hermit","Hubris","JesterMod","Jorbs\u0027s Wanderer Trilogy","Marisa????????","Minty Spire (QoL Compilation)","Permanent Neow","Random Character Button","Rare Cards Sparkle","Relic Stats","Reliquary","Robot Space Explorer","Shade Mod","Shop Mod","Somnambulant","StSLib","The Animator","The Blue Laboratory","The Construct","The Cursed","The Disciple","The Hayseed","The Hierophant","The Jungle","The Marked","The Mystic","The Necromancer","The Poker Player","The Problem Sleuth","The Runesmith","thorton"],"gold_per_floor":[116,126,137,137,23,23,54,54,54,81,81,93,107,207,207,308,308,318,167,242,252,26,26,54,54,54,54,68,84,101,101,101],"floor_reached":31,"language":"ENG","playtime":2025,"items_purged":["Runesmith:Strike_RS","Runesmith:Strike_RS"],"score":315,"play_id":"19de9acc-4178-4ad7-a65f-5d948720d625","local_time":"20210216122738","is_ascension_mode":false,"campfire_choices":[{"data":"Runesmith:PerfectChisel","floor":6,"key":"SMITH"},{"data":"Runesmith:LightningRod","floor":8,"key":"SMITH"},{"data":"Runesmith:EnergizedChisel","floor":11,"key":"SMITH"},{"floor":15,"key":"REST"},{"data":"Runesmith:ChaoticBlast","floor":23,"key":"SMITH"},{"data":"Runesmith:BackupBattery","floor":25,"key":"SMITH"},{"data":"Runesmith:Repurpose","floor":27,"key":"SMITH"}],"circlet_count":0,"master_deck":["Runesmith:Strike_RS","Runesmith:Defend_RS","Runesmith:Defend_RS","Runesmith:Defend_RS","Runesmith:Defend_RS","Runesmith:CraftFirestone","Runesmith:Fortify","Runesmith:Overpower","Runesmith:Overpower","Runesmith:EnergizedChisel+1","Runesmith:PerfectChisel+1","Runesmith:LightningRod+1","Runesmith:HeatedChisel","Runesmith:CraftMagma","Runesmith:GoWithTheFlow","Runesmith:Supernova","Runesmith:UnstableHammer+1","Runesmith:Repurpose+1","Runesmith:RuneHurl","Runesmith:ChaoticBlast+1","Runesmith:BackupBattery+1","Runesmith:CraftProtectio","Runesmith:CraftMagma"],"relics":["Runesmith:BrokenRuby","Bag of Preparation","TheSimpletonMod:PicklingJar","reliquary:WritOfMandamus","ClockworkSouvenir","reliquary:JackalopeAntler","Ancient Tea Set"],"acts_visited":["Exordium","TheCity"],"potions_floor_usage":[10,12,31,31],"damage_taken":[{"damage":1,"enemies":"Jaw Worm","floor":1,"turns":3},{"damage":0,"enemies":"Small Slimes","floor":2,"turns":4},{"damage":0,"enemies":"Cultist","floor":3,"turns":3},{"damage":13,"enemies":"3 Sentries","floor":7,"turns":6},{"damage":6,"enemies":"Gremlin Nob","floor":10,"turns":4},{"damage":12,"enemies":"Gremlin Gang","floor":12,"turns":5},{"damage":5,"enemies":"Exordium Thugs","floor":13,"turns":4},{"damage":0,"enemies":"Slime Boss","floor":16,"turns":9},{"damage":2,"enemies":"Chosen","floor":18,"turns":3},{"damage":17,"enemies":"3 Byrds","floor":21,"turns":7},{"damage":18,"enemies":"Book of Stabbing","floor":24,"turns":4},{"damage":0,"enemies":"Snake Plant","floor":28,"turns":3},{"damage":10,"enemies":"Centurion and Healer","floor":29,"turns":5},{"damage":12,"enemies":"Cultist and Chosen","floor":30,"turns":5},{"damage":11,"enemies":"Slavers","floor":31,"turns":2}],"seed_played":"-184173008860850134","potions_obtained":[{"floor":3,"key":"blueLaboratory:PhilterOfMotion"},{"floor":10,"key":"blueLaboratory:EmptyBottle"},{"floor":24,"key":"Energy Potion"},{"floor":29,"key":"Block Potion"}],"is_trial":false,"path_per_floor":["M","M","M","?","$","R","E","R","T","E","R","M","M","?","R","B",null,"M","$","?","M","$","R","E","R","T","R","M","M","M","E"],"character_chosen":"RUNESMITH_CLASS","items_purchased":["Runesmith:PerfectChisel","Runesmith:Repurpose","Runesmith:ChaoticBlast","ClockworkSouvenir"],"campfire_rested":1,"item_purchase_floors":[5,19,22,22],"current_hp_per_floor":[76,76,76,69,69,69,56,56,56,50,50,38,33,33,56,56,77,75,75,68,51,51,51,33,33,33,33,33,23,11,0,0],"gold":101,"neow_bonus":"TEN_PERCENT_HP_BONUS","is_daily":false,"chose_seed":false,"campfire_upgraded":6,"win_rate":0.0,"timestamp":1613507258,"path_taken":["M","M","M","?","$","R","E","R","T","E","R","M","M","?","R","BOSS","M","$","?","M","$","R","E","R","T","R","M","?","?","E"],"items_purchased_type":["Card","Card","Card","Relic"],"build_version":"2020-12-22","purchased_purges":2,"victory":false,"max_hp_per_floor":[77,77,77,77,77,77,77,77,77,77,77,77,77,77,77,77,77,77,77,77,77,77,77,77,77,77,77,77,77,77,77,77],"relic_stats":{"counters":[15,67],"Bag of Preparation":[22],"obtain_stats":[{"reliquary:JackalopeAntler":24,"Runesmith:BrokenRuby":0,"Bag of Preparation":7,"reliquary:WritOfMandamus":17,"Ancient Tea Set":26,"TheSimpletonMod:PicklingJar":10,"ClockworkSouvenir":22},{"reliquary:JackalopeAntler":11,"Runesmith:BrokenRuby":0,"Bag of Preparation":4,"reliquary:WritOfMandamus":8,"Ancient Tea Set":11,"TheSimpletonMod:PicklingJar":5,"ClockworkSouvenir":10},{"reliquary:JackalopeAntler":52,"Runesmith:BrokenRuby":0,"Bag of Preparation":16,"reliquary:WritOfMandamus":38,"Ancient Tea Set":52,"TheSimpletonMod:PicklingJar":20,"ClockworkSouvenir":48}]},"card_choices":[{"not_picked":["Runesmith:HammerThrow","Runesmith:ElementalConversion"],"picked":"Runesmith:Overpower","floor":1},{"not_picked":["Runesmith:RuneHurl","aspiration:UnbridledHammer"],"picked":"Runesmith:Overpower","floor":2},{"not_picked":["Runesmith:ChiselStab","Runesmith:MakeshiftArmor"],"picked":"Runesmith:EnergizedChisel","floor":3},{"not_picked":["Runesmith:RuneHurl","Runesmith:ShiftingStrike"],"picked":"Runesmith:LightningRod","floor":7},{"not_picked":["Runesmith:UnlimitedPower","Runesmith:PoweredAnvil"],"picked":"Runesmith:HeatedChisel","floor":10},{"not_picked":["Runesmith:Electrocute","Runesmith:Attraction"],"picked":"Runesmith:CraftMagma","floor":12},{"not_picked":["Runesmith:Grindstone","Runesmith:MakeshiftArmor"],"picked":"Runesmith:GoWithTheFlow","floor":13},{"not_picked":["Runesmith:CreatorForm","Runesmith:UnlimitedPower"],"picked":"Runesmith:Supernova","floor":16},{"not_picked":["Runesmith:Overpower","Runesmith:EarthShield"],"picked":"Runesmith:UnstableHammer+1","floor":18},{"not_picked":["Runesmith:HeatedChisel","Runesmith:EarthShield"],"picked":"Runesmith:RuneHurl","floor":21},{"not_picked":["Runesmith:CraftProtectio","Runesmith:ShiftingStrike"],"picked":"Runesmith:BackupBattery","floor":24},{"not_picked":["Runesmith:Supernova","Runesmith:Firewall"],"picked":"Runesmith:CraftProtectio","floor":28},{"not_picked":["Runesmith:Electrocute+1","Runesmith:Reinforce+1","Runesmith:StaticCage"],"picked":"SKIP","floor":29},{"not_picked":["Runesmith:Repurpose","Runesmith:StaticCage"],"picked":"Runesmith:CraftMagma","floor":30}],"player_experience":210486,"relics_obtained":[{"floor":7,"key":"Bag of Preparation"},{"floor":10,"key":"TheSimpletonMod:PicklingJar"},{"floor":24,"key":"reliquary:JackalopeAntler"},{"floor":26,"key":"Ancient Tea Set"}],"event_choices":[{"cards_removed":["Runesmith:Strike_RS"],"damage_healed":0,"gold_gain":0,"player_choice":"Card Removal","damage_taken":7,"max_hp_gain":0,"max_hp_loss":0,"event_name":"Golden Wing","floor":4,"gold_loss":0},{"damage_healed":0,"gold_gain":100,"player_choice":"Pray","damage_taken":0,"max_hp_gain":0,"max_hp_loss":0,"event_name":"Golden Shrine","floor":14,"gold_loss":0},{"damage_healed":0,"gold_gain":75,"player_choice":"Touch","damage_taken":7,"max_hp_gain":0,"max_hp_loss":0,"event_name":"FaceTrader","floor":20,"gold_loss":0}],"is_beta":false,"boss_relics":[{"not_picked":["Ectoplasm","Snecko Eye"],"picked":"reliquary:WritOfMandamus"}],"items_purged_floors":[5,19],"is_endless":false,"potions_floor_spawned":[3,10,24,29],"killed_by":"Slavers","ascension_level":0}}