{"host":"nlbr7nnijupf3yfg","time":1613443654,"event":{"mods":["AchievementEnabler","BaseMod","BetterRewards","Colored Powertips","DeckTracker","Downfall","Hermit","Hubris","Infinite Spire","Minty Spire (QoL Compilation)","Quick Restart","Replay The Spire","StSLib","SuperFastMode","The Servant 0.9.4"],"gold_per_floor":[114,389,405,405,418,418,418,450,499,499,509,528,545,556,556,661,661,677,677,185,204,0,0,33,33,113,113,132,132,132],"floor_reached":29,"language":"ENG","playtime":589,"items_purged":["Strike_R","Strike_R"],"score":552,"play_id":"f68f0dda-2f84-42b2-bccb-5b0eca6d5264","local_time":"20210215214734","is_ascension_mode":true,"campfire_choices":[{"data":"Carnage","floor":6,"key":"SMITH"},{"floor":15,"key":"REST"},{"floor":27,"key":"REST"}],"circlet_count":0,"master_deck":["Defend_R","Defend_R+1","Defend_R+1","Defend_R","Bash","Carnage","Carnage+1","Iron Wave","Spot Weakness","Anger","Body Slam","Eclipse","Corruption","ReplayTheSpireMod:Faulty Equipment","Replay:Undeath\u0027s Touch","Carnage","Metallicize","Rage","Purity","Slimebound:Tackle+1","hubris:DuctTapeCard","Infernal Blade","Flame Barrier"],"relics":["Burning Blood","Chemical X","Happy Flower","infinitespire:CursedDice","War Paint","MealTicket","Replay:Ancient Bell","Lantern","HornCleat","hubris:Zylophone","Strange Spoon","Meat on the Bone","BargainBundle","hubris:DuctTape","Mercury Hourglass"],"acts_visited":["Exordium","TheCity"],"potions_floor_usage":[12,16,16,24,28],"damage_taken":[{"damage":12,"enemies":"Jaw Worm","floor":1,"turns":4},{"damage":6,"enemies":"Cultist","floor":3,"turns":3},{"damage":9,"enemies":"Small Slimes","floor":5,"turns":4},{"damage":52,"enemies":"Gremlin Nob","floor":8,"turns":5},{"damage":6,"enemies":"2 Fungi Beasts","floor":11,"turns":4},{"damage":32,"enemies":"Exordium Wildlife","floor":12,"turns":4},{"damage":4,"enemies":"Red Slaver","floor":13,"turns":3},{"damage":17,"enemies":"Looter","floor":14,"turns":3},{"damage":32,"enemies":"Slime Boss","floor":16,"turns":10},{"damage":25,"enemies":"Shell Parasite","floor":18,"turns":6},{"damage":16,"enemies":"Spheric Guardian","floor":21,"turns":4},{"damage":70,"enemies":"Slavers","floor":24,"turns":7},{"damage":22,"enemies":"Centurion and Healer","floor":28,"turns":4},{"damage":56,"enemies":"Cultist and Chosen","floor":29,"turns":6}],"seed_played":"7532072299135911982","potions_obtained":[{"floor":8,"key":"LiquidMemories"},{"floor":13,"key":"Explosive Potion"},{"floor":16,"key":"BloodPotion"},{"floor":21,"key":"sneckomod:MuddlingPotion"}],"is_trial":false,"path_per_floor":["M","?","M","?","M","R","?","E","T","?","M","M","M","M","R","B",null,"M","?","$","M","$","?","E","$","T","R","M","M"],"character_chosen":"IRONCLAD","items_purchased":["Chemical X","Happy Flower","Strange Spoon","Meat on the Bone","BargainBundle","Carnage","Metallicize","Rage","BlessingOfTheForge","Purity"],"campfire_rested":2,"item_purchase_floors":[0,0,20,20,22,22,22,22,22,22],"current_hp_per_floor":[66,66,66,66,63,63,63,17,17,17,17,35,37,26,50,40,70,51,51,66,56,71,71,19,34,34,58,54,0,0],"gold":132,"neow_bonus":"","is_daily":false,"chose_seed":false,"campfire_upgraded":1,"win_rate":0.0,"timestamp":1613443654,"path_taken":["M","?","?","?","M","R","?","E","T","?","M","?","M","M","R","BOSS","M","?","$","?","$","?","E","?","T","R","M","M"],"items_purchased_type":["Relic","Relic","Relic","Relic","Relic","Card","Card","Card","Potion","Card"],"build_version":"2020-12-22","purchased_purges":2,"victory":false,"max_hp_per_floor":[80,80,80,80,80,80,80,80,80,80,80,80,80,80,80,80,80,80,80,80,80,80,80,80,80,80,80,80,80,80],"card_choices":[{"not_picked":["Body Slam","Havoc"],"picked":"Carnage","floor":1},{"not_picked":["Intimidate","Body Slam","Wild Strike"],"picked":"SKIP","floor":3},{"not_picked":["Heavy Blade","Twin Strike"],"picked":"Carnage","floor":5},{"not_picked":["Headbutt","Perfected Strike"],"picked":"Iron Wave","floor":8},{"not_picked":["Pommel Strike","Headbutt"],"picked":"Spot Weakness","floor":11},{"not_picked":["Rupture","Blood for Blood"],"picked":"Anger","floor":12},{"not_picked":["Pommel Strike","Searing Blow"],"picked":"Body Slam","floor":13},{"not_picked":["Cleave","Sever Soul"],"picked":"Eclipse","floor":14},{"not_picked":["Offering","hubris:StunningStrike"],"picked":"Corruption","floor":16},{"not_picked":["Shame","Languid"],"picked":"Clumsy","floor":17},{"not_picked":["downfall:Malfunctioning","Looming Evil"],"picked":"ReplayTheSpireMod:Faulty Equipment","floor":17},{"not_picked":["Languid","Overencumbered"],"picked":"Injury","floor":17},{"not_picked":["Searing Blow","Flex","Spot Weakness"],"picked":"SKIP","floor":18},{"not_picked":["Bloodletting","Reckless Charge+1"],"picked":"Replay:Undeath\u0027s Touch","floor":21},{"not_picked":["Anger","Corruption"],"picked":"Infernal Blade","floor":24},{"not_picked":["Perfected Strike","Defy Death"],"picked":"Flame Barrier","floor":28}],"player_experience":82571,"relics_obtained":[{"floor":8,"key":"War Paint"},{"floor":9,"key":"MealTicket"},{"floor":24,"key":"hubris:DuctTape"},{"floor":26,"key":"Mercury Hourglass"}],"event_choices":[{"damage_healed":0,"gold_gain":275,"player_choice":"Desecrate","damage_taken":0,"max_hp_gain":0,"max_hp_loss":0,"event_name":"Golden Shrine","floor":2,"gold_loss":0,"cards_obtained":["Regret"]},{"damage_healed":0,"gold_gain":0,"player_choice":"Box","damage_taken":0,"relics_obtained":["infinitespire:CursedDice"],"max_hp_gain":0,"max_hp_loss":0,"event_name":"Big Fish","floor":7,"gold_loss":0,"cards_obtained":["Regret"]},{"cards_removed":["Injury","ReplayTheSpireMod:Faulty Equipment","Clumsy","Regret","downfall:Aged","Regret"],"damage_healed":0,"gold_gain":0,"player_choice":"Removed Curses","damage_taken":0,"max_hp_gain":0,"max_hp_loss":0,"event_name":"Fountain of Cleansing","floor":19,"gold_loss":0}],"is_beta":false,"boss_relics":[{"not_picked":["Replay:Bronze Core","Astrolabe"],"picked":"Replay:Ancient Bell"},{"not_picked":["Blue Doll","ReplayTheSpireMod:TigerMarble"],"picked":"Lantern"},{"not_picked":["hubris:SphereOfDissonance","Garlic"],"picked":"HornCleat"},{"not_picked":["Gambling Chip","Replay:Multitool"],"picked":"hubris:Zylophone"}],"items_purged_floors":[20,22],"is_endless":false,"potions_floor_spawned":[8,13,16,21],"killed_by":"Cultist and Chosen","ascension_level":12}}