{"host":"vxgtqwpb0ulpisda","time":1613507075,"event":{"mods":["BaseMod","Bestiary","Minty Spire (QoL Compilation)","Relic Stats"],"gold_per_floor":[116,116,127,45,60,86,86,115,115,115,115,35,35,65,65,65,65],"floor_reached":16,"language":"ENG","playtime":837,"items_purged":[],"score":151,"play_id":"8ecac55f-a1e7-4505-a45d-c5b0f5846cdf","local_time":"20210216152435","is_ascension_mode":true,"campfire_choices":[{"data":"Terror","floor":7,"key":"SMITH"},{"floor":10,"key":"REST"},{"floor":13,"key":"REST"},{"data":"Wraith Form v2","floor":15,"key":"SMITH"}],"circlet_count":0,"master_deck":["Strike_G","Strike_G","Strike_G","Strike_G","Defend_G","Defend_G","Defend_G","Defend_G","Defend_G","Survivor","Neutralize","Dash","Dodge and Roll","Terror+1","Finisher","Acrobatics","Backflip","Noxious Fumes","Wraith Form v2+1"],"relics":["Ring of the Snake","FaceOfCleric","Oddly Smooth Stone","Prayer Wheel","Ornamental Fan","Shuriken"],"acts_visited":["Exordium"],"potions_floor_usage":[14],"damage_taken":[{"damage":1,"enemies":"Small Slimes","floor":1,"turns":6},{"damage":0,"enemies":"Cultist","floor":3,"turns":4},{"damage":0,"enemies":"2 Louse","floor":5,"turns":2},{"damage":25,"enemies":"3 Sentries","floor":6,"turns":9},{"damage":26,"enemies":"Gremlin Nob","floor":8,"turns":5},{"damage":18,"enemies":"3 Sentries","floor":14,"turns":6},{"damage":49,"enemies":"The Guardian","floor":16,"turns":9}],"seed_played":"-2103632825176888832","potions_obtained":[{"floor":3,"key":"ColorlessPotion"},{"floor":14,"key":"LiquidMemories"}],"is_trial":false,"path_per_floor":["M","?","M","$","M","E","R","E","T","R","?","$","R","E","R","B"],"character_chosen":"THE_SILENT","items_purchased":["Terror","Noxious Fumes"],"campfire_rested":2,"item_purchase_floors":[4,12],"current_hp_per_floor":[69,69,70,70,71,47,47,22,22,46,39,39,63,46,46,0,0],"gold":65,"neow_bonus":"TEN_PERCENT_HP_BONUS","is_daily":false,"chose_seed":false,"campfire_upgraded":2,"win_rate":0.0,"timestamp":1613507075,"path_taken":["M","?","?","$","M","E","R","E","T","R","?","$","R","E","R","BOSS"],"items_purchased_type":["Card","Card"],"build_version":"2020-12-22","purchased_purges":0,"victory":false,"max_hp_per_floor":[77,77,78,78,79,80,80,81,81,81,81,81,81,82,82,82,82],"relic_stats":{"FaceOfCleric":5,"counters":[7,41],"Ornamental Fan":[8],"Shuriken":[2],"Prayer Wheel":0,"obtain_stats":[{"FaceOfCleric":2,"Ornamental Fan":9,"Shuriken":14,"Oddly Smooth Stone":6,"Prayer Wheel":8,"Ring of the Snake":0},{"FaceOfCleric":1,"Ornamental Fan":5,"Shuriken":6,"Oddly Smooth Stone":4,"Prayer Wheel":5,"Ring of the Snake":0},{"FaceOfCleric":6,"Ornamental Fan":26,"Shuriken":32,"Oddly Smooth Stone":21,"Prayer Wheel":26,"Ring of the Snake":0}],"Ring of the Snake":[14]},"card_choices":[{"not_picked":["Acrobatics","Leg Sweep"],"picked":"Dash","floor":1},{"not_picked":["Caltrops","Poisoned Stab"],"picked":"Dodge and Roll","floor":3},{"not_picked":["Riddle With Holes","Deflect"],"picked":"Finisher","floor":5},{"not_picked":["Bane","Poisoned Stab"],"picked":"Acrobatics","floor":6},{"not_picked":["Prepared","Dagger Spray"],"picked":"Backflip","floor":8},{"not_picked":["Predator","Leg Sweep"],"picked":"Wraith Form v2","floor":14}],"player_experience":405378,"relics_obtained":[{"floor":6,"key":"Oddly Smooth Stone"},{"floor":8,"key":"Prayer Wheel"},{"floor":9,"key":"Ornamental Fan"},{"floor":14,"key":"Shuriken"}],"event_choices":[{"damage_healed":0,"gold_gain":0,"player_choice":"Trade","damage_taken":0,"relics_obtained":["FaceOfCleric"],"max_hp_gain":0,"max_hp_loss":0,"event_name":"FaceTrader","floor":2,"gold_loss":0},{"cards_removed":["Strike_G"],"damage_healed":0,"gold_gain":0,"player_choice":"Card Removal","damage_taken":7,"max_hp_gain":0,"max_hp_loss":0,"event_name":"Golden Wing","floor":11,"gold_loss":0}],"is_beta":false,"boss_relics":[],"items_purged_floors":[],"is_endless":false,"potions_floor_spawned":[3,14],"killed_by":"The Guardian","ascension_level":6}}