{"host":"niv6bi8ufjzyofbf","time":1613471268,"event":{"mods":["ATMod(∞¢Ë™Mod)","Act Like it!","BaseMod","Colored Powertips","Conspire","Gensokyo","Hermit","Mad Scientist","Marisa£®ÏF”Í°°ƒß¿Ì…≥£©","Minty Spire (QoL Compilation)","Quick Restart","Rare Cards Sparkle","Reimu£®≤©¿ˆ¡È√Œ£©","Relic Filter Mod","Reliquary","Replay The Spire","Shop Mod","Spicy Shops","StSLib","SuperFastMode","The Cursed","The Servant 0.9.4","Youmu£®ªÍ∆«—˝√Œ£©","°æ“≈ŒÔø®≈∆°øREMEMod","≤–¡Ù÷ÆŒÔ"],"gold_per_floor":[233333,233351,231839,231839,230455,230455,230465,230497,230550,230563,230588,230601,230551,230580,230580,230673,230673,230684,228754,228768,228768,228786,228817,228829,228857,228857,228875,228875,227490,227509,227520,227520,227593,227593,227604,227620,227639,227653,226390,226447,226497,226497,226524,226524,226632,226026,226081,226252,226312,226337,226362],"floor_reached":52,"language":"ZHS","playtime":3287,"items_purged":["Defend_R","Defend_R","conspire:SpireCoStock","Strike_R","Strike_R","Defend_R","Defend_R"],"score":2129,"play_id":"f66ba8d9-4d0d-4563-b7bd-0f036bef0153","local_time":"20210216182748","is_ascension_mode":true,"campfire_choices":[{"data":"Bloodletting","floor":6.0,"key":"SMITH"},{"floor":15.0,"key":"REST"},{"data":"Armaments","floor":28.0,"key":"SMITH"},{"data":"Heavy Blade","floor":32.0,"key":"SMITH"},{"data":"Limit Break","floor":42.0,"key":"SMITH"}],"circlet_count":0,"master_deck":["AscendersBane","Strike_R+1","Strike_R+1","Bash","Pummel","Sentinel","Burning Pact","Clash","Bloodletting+1","Violence","Whirlwind","Heavy Blade+1","Hemokinesis","AT_IchimonjiDouble","Offering","Flex+1","Limit Break","Offering","Burning Pact","Armaments+1","Heavy Blade","Shrug It Off","Flex+1","Inflame","Demon Form","Infernal Blade+1","Demon Form","Demon Form","Limit Break+1","Headbutt+1"],"relics":["Black Blood","REME_ComplimentaryCards","AT_ATBox","Bronze Scales","Mastiff:ReiMu","Anchor","OrangePellets","AT_Kusabimaru","MerchantsRug","reliquary:CitrusReamer","ReplayTheSpireMod:Ninjato","AT_BellDemon","Frozen Eye","Whetstone","AT_BladeRuinedKing","AT_ChloranthyRing","Replay:PocketPolymizer","Lantern","Boot","Centennial Puzzle","reliquary:TridentHead","Omamori","conspire:DeflatedDodgeball","AT_RedTearstoneRing","REME_PuzzleBoxRelic","Replay:Ancient Bell","reliquary:PartyBalloon","reliquary:JackalopeAntler","Mango","TungstenRod","reliquary:Aerogel","Snack Pack","Medical Kit","Toolbox","Vajra","PlaceholderMod:DaolothFragment","Mummified Hand","Blue Doll","reliquary:Vitrine","Incense Burner","Blood Vial","Mercury Hourglass","reliquary:MedicineBall","reliquary:Crutches","reliquary:Stiletto","Kunai","Quantum Egg","Toy Ornithopter","Orrery","REME_CardOfGreed","Question Card","reliquary:Boomerang","reliquary:HotPoker","AT_SunfireAegis","ReplayTheSpireMod:TigerMarble","AT_ArchangelStaff","AT_MibuBalloonWealth","Lee\u0027s Waffle","Iron Hammer","conspire:GlowingRock","HornCleat","Membership Card","Eternal Feather","Unceasing Top","REME_HandOfSuture","reliquary:Knoch","Red Skull","ReplayTheSpireMod:Lightbulb","Letter Opener","Bag of Marbles","TentaclePot:ReiMu","Potion Belt","REME_OnlineShoppingPlatform","PlaceholderMod:DeVermisMysteriis","Onion Ring","CatCart","ReplayFunnel"],"acts_visited":["Exordium","TheCity","TheBeyond"],"potions_floor_usage":[],"damage_taken":[{"damage":12.0,"enemies":"Jaw Worm","floor":1.0,"turns":2.0},{"damage":21.0,"enemies":"Small Slimes","floor":2.0,"turns":4.0},{"damage":12.0,"enemies":"conspire:RoseBush","floor":7.0,"turns":2.0},{"damage":33.0,"enemies":"Lagavulin","floor":8.0,"turns":3.0},{"damage":3.0,"enemies":"Gremlin Gang","floor":10.0,"turns":1.0},{"damage":4.0,"enemies":"Replay:BlueRogue","floor":11.0,"turns":1.0},{"damage":0.0,"enemies":"Exordium Wildlife","floor":12.0,"turns":2.0},{"damage":4.0,"enemies":"Lagavulin","floor":14.0,"turns":2.0},{"damage":48.0,"enemies":"Fading Forest","floor":16.0,"turns":13.0},{"damage":9.0,"enemies":"2 Thieves","floor":18.0,"turns":1.0},{"damage":1.0,"enemies":"Shell Parasite","floor":20.0,"turns":1.0},{"damage":5.0,"enemies":"3 Cultists","floor":22.0,"turns":1.0},{"damage":10.0,"enemies":"Book of Stabbing","floor":23.0,"turns":2.0},{"damage":32.0,"enemies":"Snake Plant","floor":24.0,"turns":2.0},{"damage":21.0,"enemies":"Replay:Snechameleon","floor":25.0,"turns":2.0},{"damage":2.0,"enemies":"conspire:HollyBat","floor":27.0,"turns":5.0},{"damage":2.0,"enemies":"Centurion and Healer","floor":30.0,"turns":1.0},{"damage":5.0,"enemies":"Sentry and Sphere","floor":31.0,"turns":1.0},{"damage":2.0,"enemies":"Champ","floor":33.0,"turns":2.0},{"damage":0.0,"enemies":"3 Darklings","floor":35.0,"turns":1.0},{"damage":0.0,"enemies":"Orb Walker","floor":36.0,"turns":1.0},{"damage":15.0,"enemies":"4 Shapes","floor":37.0,"turns":1.0},{"damage":0.0,"enemies":"Spire Growth","floor":38.0,"turns":1.0},{"damage":5.0,"enemies":"R_Hoarder","floor":40.0,"turns":2.0},{"damage":2.0,"enemies":"conspire:MimicChest","floor":41.0,"turns":2.0},{"damage":5.0,"enemies":"Reptomancer","floor":45.0,"turns":1.0},{"damage":2,"enemies":"R_Hoarder","floor":47,"turns":2},{"damage":12,"enemies":"Orin","floor":48,"turns":2},{"damage":2,"enemies":"Time Eater","floor":50,"turns":2},{"damage":7,"enemies":"Replay:Hell Engine","floor":51,"turns":1}],"seed_played":"955452895003183353","potions_obtained":[{"floor":7.0,"key":"Swift Potion"},{"floor":16.0,"key":"ColorlessPotion"},{"floor":20.0,"key":"Strength Potion"},{"floor":27.0,"key":"PowerPotion"},{"floor":37.0,"key":"SteroidPotion"}],"is_trial":false,"path_per_floor":["M","M","$","?","$","R","M","E","T","M","E","M","?","E","R","B",null,"M","$","M","?","M","E","M","E","T","M","R","$","M","M","R","B",null,"M","M","M","M","$","E","?","R","T","?","E","$","E","?","R","B","B",null],"character_chosen":"IRONCLAD","items_purchased":["Bronze Scales","Mastiff:ReiMu","Anchor","OrangePellets","AT_Kusabimaru","Burning Pact","MerchantsRug","Clash","DistilledChaos","Fire Potion","reliquary:CitrusReamer","ReplayTheSpireMod:Ninjato","AT_BellDemon","Frozen Eye","Bloodletting","Violence","Whetstone","Limit Break","Offering","reliquary:Aerogel","Snack Pack","Medical Kit","Toolbox","Vajra","PlaceholderMod:DaolothFragment","reliquary:Stiletto","Kunai","Quantum Egg","Toy Ornithopter","Orrery","Flex+1","REME_CardOfGreed","Lee\u0027s Waffle","Iron Hammer","conspire:GlowingRock","HornCleat","Membership Card","Demon Form","Letter Opener","Bag of Marbles","TentaclePot:ReiMu","Potion Belt","REME_OnlineShoppingPlatform"],"campfire_rested":1,"item_purchase_floors":[3,3,3,3,3,3,3,3,3,3,5,5,5,5,5,5,5,19,19,19,19,19,19,19,19,29,29,29,29,29,29,29,39,39,39,39,39,39,46,46,46,46,46],"current_hp_per_floor":[69,54,54,54,54,54,48,21,21,24,26,32,32,34,58,24,82,79,79,86,86,89,87,63,52,52,65,65,65,73,78,78,91,95,96,96,93,96,103,103,103,103,103,103,106,106,106,106,106,106,106],"gold":226362,"neow_bonus":"TEN_PERCENT_HP_BONUS","is_daily":false,"chose_seed":false,"campfire_upgraded":4,"win_rate":0.0,"timestamp":1613471268,"path_taken":["M","M","$","?","$","R","M","E","T","M","E","M","?","E","R","BOSS","M","$","M","?","M","E","M","E","T","M","R","$","?","M","R","BOSS","M","?","M","M","$","E","?","R","T","?","E","$","E","?","R","BOSS","BOSS"],"items_purchased_type":["Relic","Relic","Relic","Relic","Relic","Card","Relic","Card","Potion","Potion","Relic","Relic","Relic","Relic","Card","Card","Relic","Card","Card","Relic","Relic","Relic","Relic","Relic","Relic","Relic","Relic","Relic","Relic","Relic","Card","Relic","Relic","Relic","Relic","Relic","Relic","Card","Relic","Relic","Relic","Relic","Relic"],"build_version":"2020-12-22","purchased_purges":7,"victory":true,"max_hp_per_floor":[82,82,82,82,82,82,82,82,82,82,82,82,82,82,82,82,96,96,96,96,96,96,96,96,96,96,96,96,96,96,96,96,96,96,96,96,96,96,103,103,103,103,103,103,106,106,106,106,106,106,106],"card_choices":[{"not_picked":["Anger","Warcry"],"picked":"Pummel","floor":1.0},{"not_picked":["Cleave","Perfected Strike"],"picked":"Sentinel","floor":2.0},{"not_picked":["Clothesline","Second Wind"],"picked":"Whirlwind","floor":7.0},{"not_picked":["Hemokinesis","REME_SingleHolding"],"picked":"Heavy Blade","floor":8.0},{"not_picked":["Replay:Undeath\u0027s Touch","Pommel Strike"],"picked":"Hemokinesis","floor":10.0},{"not_picked":["Bloodletting","Hemogenesis","Berserk"],"picked":"SKIP","floor":11.0},{"not_picked":["Pommel Strike","Clothesline"],"picked":"AT_IchimonjiDouble","floor":12.0},{"not_picked":["Cleave","ReplayTheSpireMod:Strike From Hell","Shrug It Off"],"picked":"SKIP","floor":14.0},{"not_picked":["Hemogenesis","REME_Fury"],"picked":"Offering","floor":16.0},{"not_picked":["Poor:ReiMu","Replay:Sluggish"],"picked":"ReplayTheSpireMod:Restless Dread","floor":17.0},{"not_picked":["ReplayTheSpireMod:Faulty Equipment","Overencumbered"],"picked":"CurseOfTheBell","floor":17.0},{"not_picked":["Looming Evil","Wraith"],"picked":"Injury","floor":17.0},{"not_picked":["Armaments","Anger"],"picked":"Flex+1","floor":18.0},{"not_picked":["Wild Strike","Carnage","Bludgeon"],"picked":"SKIP","floor":20.0},{"not_picked":["Twin Strike","REME_FearOfPain"],"picked":"Burning Pact","floor":22.0},{"not_picked":["Havoc","Clash+1","AT_DrawKnifeCut"],"picked":"SKIP","floor":23.0},{"not_picked":["ReplayTheSpireMod:LeadingStrike","ReplayReversal","Twin Strike"],"picked":"SKIP","floor":24.0},{"not_picked":["Heavy Blade","Wild Strike","ReplayTheSpireMod:Strike From Hell"],"picked":"SKIP","floor":25.0},{"not_picked":["Sever Soul","Eclipse"],"picked":"Armaments","floor":27.0},{"not_picked":["Clothesline","Sword Boomerang"],"picked":"Heavy Blade","floor":29.0},{"not_picked":["Havoc","Anger"],"picked":"Shrug It Off","floor":29.0},{"not_picked":["Run Through","Defy Death"],"picked":"Inflame","floor":30.0},{"not_picked":["Pommel Strike","ReplayTheSpireMod:LeadingStrike","Sword Boomerang","ReplayTheSpireMod:Corrosion Curse"],"picked":"SKIP","floor":31.0},{"not_picked":["AT_Dispersion","Fiend Fire","Impervious"],"picked":"Demon Form","floor":33.0},{"not_picked":["Shrug It Off","conspire:Charge+1","AT_BodySlamDance","Wild Strike"],"picked":"SKIP","floor":35.0},{"not_picked":["True Grit+1","Headbutt","Armaments+1"],"picked":"Infernal Blade+1","floor":36.0},{"not_picked":["Replay:Undeath\u0027s Touch","Shrug It Off","Combust","AT_GerminateFire"],"picked":"SKIP","floor":37.0},{"not_picked":["Abandon","Shrug It Off+1","Iron Wave+1","Wild Strike"],"picked":"SKIP","floor":38.0},{"not_picked":["Flame Barrier","Pummel","Thunderclap"],"picked":"Limit Break","floor":40.0},{"not_picked":["Searing Blow","Run Through","ReplayTheSpireMod:Corrosion Curse","AT_BodySlamDance"],"picked":"SKIP","floor":45.0},{"not_picked":["Wild Strike","ReplayTheSpireMod:LeadingStrike","Run Through","REME_SingleHolding+1"],"picked":"SKIP","floor":47},{"not_picked":["Metallicize","ReplayTheSpireMod:Strike From Hell+1","Clash"],"picked":"Headbutt+1","floor":48}],"player_experience":632598,"relics_obtained":[{"floor":7.0,"key":"AT_BladeRuinedKing"},{"floor":8.0,"key":"AT_ChloranthyRing"},{"floor":8.0,"key":"Replay:PocketPolymizer"},{"floor":9.0,"key":"Lantern"},{"floor":10.0,"key":"Boot"},{"floor":11.0,"key":"Centennial Puzzle"},{"floor":11.0,"key":"reliquary:TridentHead"},{"floor":12.0,"key":"Omamori"},{"floor":14.0,"key":"conspire:DeflatedDodgeball"},{"floor":14.0,"key":"AT_RedTearstoneRing"},{"floor":16.0,"key":"REME_PuzzleBoxRelic"},{"floor":18.0,"key":"TungstenRod"},{"floor":20.0,"key":"Mummified Hand"},{"floor":22.0,"key":"Blue Doll"},{"floor":23.0,"key":"reliquary:Vitrine"},{"floor":23.0,"key":"Incense Burner"},{"floor":24.0,"key":"Blood Vial"},{"floor":25.0,"key":"Mercury Hourglass"},{"floor":26.0,"key":"reliquary:MedicineBall"},{"floor":27.0,"key":"reliquary:Crutches"},{"floor":30.0,"key":"Question Card"},{"floor":31.0,"key":"reliquary:Boomerang"},{"floor":33.0,"key":"reliquary:HotPoker"},{"floor":35.0,"key":"AT_SunfireAegis"},{"floor":36.0,"key":"ReplayTheSpireMod:TigerMarble"},{"floor":37.0,"key":"AT_ArchangelStaff"},{"floor":38.0,"key":"AT_MibuBalloonWealth"},{"floor":40.0,"key":"Eternal Feather"},{"floor":40.0,"key":"Unceasing Top"},{"floor":41.0,"key":"REME_HandOfSuture"},{"floor":41.0,"key":"reliquary:Knoch"},{"floor":45.0,"key":"Red Skull"},{"floor":45.0,"key":"ReplayTheSpireMod:Lightbulb"},{"floor":47,"key":"PlaceholderMod:DeVermisMysteriis"},{"floor":47,"key":"Onion Ring"},{"floor":48,"key":"CatCart"},{"floor":48,"key":"ReplayFunnel"}],"event_choices":[{"damage_healed":0.0,"max_hp_gain":0.0,"max_hp_loss":0.0,"gold_gain":0.0,"event_name":"conspire:Investor","player_choice":"Invest 1","floor":13.0,"gold_loss":0.0,"damage_taken":0.0},{"cards_removed":["Injury"],"damage_healed":0.0,"max_hp_gain":0.0,"max_hp_loss":0.0,"gold_gain":0.0,"event_name":"Fountain of Cleansing","player_choice":"Removed Curses","floor":21.0,"gold_loss":0.0,"damage_taken":0.0},{"damage_healed":0,"gold_gain":0,"player_choice":"Fight","damage_taken":0,"max_hp_gain":0,"max_hp_loss":0,"event_name":"OrinTheCat","floor":48,"gold_loss":0}],"is_beta":false,"boss_relics":[{"not_picked":["Honey Jar","Fusion Hammer"],"picked":"Replay:Ancient Bell"},{"not_picked":["reliquary:SilkGlove","reliquary:SharkskinSheath"],"picked":"reliquary:PartyBalloon"},{"not_picked":["AT_DeathDance","AT_ImmortalShieldbow"],"picked":"reliquary:JackalopeAntler"},{"not_picked":["Bird Faced Urn","AT_RabadonDeathcap"],"picked":"Mango"},{"not_picked":["Runic Dome","Electric Blood"],"picked":"Black Blood"}],"items_purged_floors":[3,5,19,29,39,46,46],"is_endless":false,"potions_floor_spawned":[2,7,8,10,16,20,27,30,33,37,40,41,47],"ascension_level":20}}