{"host":"xi8yg1ddhptuxb9d","time":1613511717,"event":{"mods":["AchievementEnabler","BaseMod","Block Reminder","Minty Spire (QoL Compilation)","Relic Sorter","StSLib"],"gold_per_floor":[110,127,146,146,169,169,203,203,228,306,353,353,376,403,403,403,403],"floor_reached":16,"language":"ENG","playtime":685,"items_purged":[],"score":202,"play_id":"9fff6166-4950-4a78-8e4d-f739f920db43","local_time":"20210216164157","is_ascension_mode":true,"campfire_choices":[{"data":"Bash","floor":6.0,"key":"SMITH"},{"floor":8.0,"key":"REST"},{"floor":15.0,"key":"REST"}],"circlet_count":0,"master_deck":["AscendersBane","Strike_R+1","Strike_R","Strike_R","Strike_R","Strike_R+1","Defend_R","Defend_R","Defend_R","Defend_R","Bash+1","Clothesline","Cleave","Injury","Ghostly Armor","Battle Trance","Dark Embrace+1","Ghostly Armor","Feel No Pain"],"relics":["Philosopher\u0027s Stone","Golden Idol","Whetstone","CeramicFish","Bag of Preparation","Bottled Tornado"],"acts_visited":["Exordium"],"potions_floor_usage":[16],"damage_taken":[{"damage":6.0,"enemies":"Small Slimes","floor":1.0,"turns":3.0},{"damage":0.0,"enemies":"2 Louse","floor":2.0,"turns":3.0},{"damage":0.0,"enemies":"Cultist","floor":3.0,"turns":3.0},{"damage":7.0,"enemies":"3 Louse","floor":5.0,"turns":4.0},{"damage":22.0,"enemies":"Lagavulin","floor":7.0,"turns":7.0},{"damage":18.0,"enemies":"3 Sentries","floor":10.0,"turns":5.0},{"damage":20.0,"enemies":"3 Sentries","floor":11.0,"turns":6.0},{"damage":4.0,"enemies":"Looter","floor":13.0,"turns":3.0},{"damage":4.0,"enemies":"Blue Slaver","floor":14.0,"turns":5.0},{"damage":31,"enemies":"The Guardian","floor":16,"turns":11}],"seed_played":"-4685177485078376657","potions_obtained":[{"floor":1.0,"key":"Ancient Potion"},{"floor":5.0,"key":"SteroidPotion"},{"floor":11.0,"key":"ColorlessPotion"}],"is_trial":false,"path_per_floor":["M","M","M","?","M","R","E","R","T","?","E","?","M","M","R","B"],"character_chosen":"IRONCLAD","items_purchased":[],"campfire_rested":2,"item_purchase_floors":[],"current_hp_per_floor":[62,62,62,62,55,55,33,55,55,37,17,17,13,9,31,0,0],"gold":403,"neow_bonus":"BOSS_RELIC","is_daily":false,"chose_seed":false,"campfire_upgraded":1,"win_rate":0.0,"timestamp":1613511717,"path_taken":["M","M","M","?","M","R","E","R","T","?","E","?","?","M","R","BOSS"],"items_purchased_type":[],"build_version":"2020-12-22","purchased_purges":0,"victory":false,"max_hp_per_floor":[75,75,75,75,75,75,75,75,75,75,75,75,75,75,75,75,75],"card_choices":[{"not_picked":["Sentinel","Twin Strike"],"picked":"Clothesline","floor":1.0},{"not_picked":["Clash","Heavy Blade"],"picked":"Cleave","floor":2.0},{"not_picked":["Dual Wield","Perfected Strike","Berserk"],"picked":"SKIP","floor":3.0},{"not_picked":["Anger","Havoc"],"picked":"Ghostly Armor","floor":5.0},{"not_picked":["Wild Strike","Infernal Blade"],"picked":"Battle Trance","floor":7.0},{"not_picked":["Rampage","Clothesline"],"picked":"Dark Embrace","floor":10.0},{"not_picked":["Dropkick","Perfected Strike"],"picked":"Ghostly Armor","floor":11.0},{"not_picked":["Body Slam","Entrench","Flex"],"picked":"SKIP","floor":13.0},{"not_picked":["Infernal Blade","Sword Boomerang"],"picked":"Feel No Pain","floor":14.0}],"player_experience":715614,"relics_obtained":[{"floor":7.0,"key":"Whetstone"},{"floor":9.0,"key":"CeramicFish"},{"floor":10.0,"key":"Bag of Preparation"},{"floor":11.0,"key":"Bottled Tornado"}],"event_choices":[{"damage_healed":0.0,"max_hp_gain":0.0,"max_hp_loss":0.0,"gold_gain":0.0,"event_name":"Golden Idol","player_choice":"Take Wound","floor":4.0,"gold_loss":0.0,"damage_taken":0.0,"relics_obtained":["Golden Idol"],"cards_obtained":["Injury"]},{"damage_healed":0.0,"max_hp_gain":0.0,"max_hp_loss":0.0,"gold_gain":0.0,"event_name":"Dead Adventurer","player_choice":"Searched \u00272\u0027 times","floor":10.0,"gold_loss":0.0,"damage_taken":0.0},{"damage_healed":0.0,"max_hp_gain":0.0,"max_hp_loss":0.0,"gold_gain":0.0,"event_name":"Upgrade Shrine","player_choice":"Upgraded","floor":12.0,"gold_loss":0.0,"damage_taken":0.0,"cards_upgraded":["Dark Embrace"]}],"is_beta":false,"boss_relics":[],"items_purged_floors":[],"is_endless":false,"potions_floor_spawned":[1,5,11],"killed_by":"The Guardian","ascension_level":16}}