{"host":"5dk97cf2ubw2v967","time":1613481976,"event":{"mods":["AlwaysNeverKeys","BaseMod","Better Altar","Better Vampires","Block Reminder","Card Filter","Colored Powertips","Downfall","Googly Eyes","Highlight Path","Minty Spire (QoL Compilation)","Permanent Neow","Potion Indicator Mod","Quick Restart","Relic Filter","Relic Stats","Say the Spire","Spicy Shops","StSLib","Waifu the Spire","everything is the same but u backflip on backflip"],"gold_per_floor":[16,33,33,51,351,381,381,54,133,133,153,171,202,216,216,288,288,302,6,26,38,51,51,128,128,198,198,198],"floor_reached":27,"language":"ENG","playtime":986,"items_purged":["Strike_R","Defend_R","Strike_R"],"score":540,"play_id":"ead85bb9-0e5f-40ca-98b8-74d794b9e4b1","local_time":"20210216132616","is_ascension_mode":true,"campfire_choices":[{"data":"Apotheosis","floor":7,"key":"SMITH"},{"data":"Metallicize","floor":10,"key":"SMITH"},{"floor":15,"key":"RECALL"},{"data":"Offering","floor":23,"key":"SMITH"},{"floor":25,"key":"REST"}],"circlet_count":0,"master_deck":["AscendersBane","Strike_R","Strike_R","Strike_R","Defend_R","Defend_R+1","Bash","Apotheosis+1","Metallicize+1","Flex","Havoc","Flex","Offering+1","Iron Wave","Dropkick","Shrug It Off","Double Tap","Cleave","True Grit+1","Bloodletting","Seeing Red","Evolve"],"relics":["Burning Blood","Old Coin","Akabeko","Paper Frog","Torii","Runic Cube","Omamori","Tiny House","Meat on the Bone"],"acts_visited":["Exordium","TheCity"],"potions_floor_usage":[6,21,24,27],"damage_taken":[{"damage":6,"enemies":"Cultist","floor":1,"turns":3},{"damage":4,"enemies":"Jaw Worm","floor":2,"turns":3},{"damage":0,"enemies":"2 Louse","floor":4,"turns":3},{"damage":5,"enemies":"Gremlin Nob","floor":6,"turns":3},{"damage":13,"enemies":"Exordium Thugs","floor":11,"turns":5},{"damage":10,"enemies":"Blue Slaver","floor":12,"turns":2},{"damage":6,"enemies":"Lagavulin","floor":13,"turns":3},{"damage":1,"enemies":"2 Fungi Beasts","floor":14,"turns":3},{"damage":10,"enemies":"The Guardian","floor":16,"turns":9},{"damage":22,"enemies":"Shell Parasite","floor":18,"turns":2},{"damage":6,"enemies":"Chosen","floor":20,"turns":2},{"damage":7,"enemies":"Centurion and Healer","floor":21,"turns":4},{"damage":18,"enemies":"3 Cultists","floor":22,"turns":3},{"damage":25,"enemies":"Book of Stabbing","floor":24,"turns":5},{"damage":39,"enemies":"Slavers","floor":27,"turns":3}],"seed_played":"1169011790278885366","potions_obtained":[{"floor":2,"key":"AttackPotion"},{"floor":6,"key":"LiquidBronze"},{"floor":12,"key":"Fire Potion"},{"floor":20,"key":"ColorlessPotion"},{"floor":21,"key":"BlessingOfTheForge"},{"floor":24,"key":"ColorlessPotion"}],"is_trial":false,"path_per_floor":["M","M","?","M","T","E","R","$","T","R","M","M","E","M","R","B",null,"M","$","M","M","M","R","E","R","T","E"],"character_chosen":"IRONCLAD","items_purchased":["Flex","Omamori"],"campfire_rested":1,"item_purchase_floors":[8,19],"current_hp_per_floor":[68,70,70,75,75,75,75,75,75,75,68,64,64,69,69,65,73,57,57,57,56,44,44,30,54,54,15,15],"gold":198,"neow_bonus":"RANDOM_COLORLESS_2","is_daily":false,"chose_seed":false,"campfire_upgraded":3,"win_rate":0.0,"timestamp":1613481976,"path_taken":["M","M","?","M","?","E","R","$","T","R","?","M","E","M","R","BOSS","M","$","M","M","M","R","E","R","T","E"],"items_purchased_type":["Card","Relic"],"build_version":"2020-12-22","purchased_purges":3,"victory":false,"max_hp_per_floor":[75,75,75,75,75,75,75,75,75,75,75,75,75,75,75,75,75,75,75,75,75,75,75,80,80,80,80,80],"relic_stats":{"Torii":17,"counters":[15,53],"obtain_stats":[{"Tiny House":24,"Torii":13,"Omamori":19,"Burning Blood":0,"Akabeko":6,"Old Coin":5,"Paper Frog":9,"Runic Cube":17,"Meat on the Bone":26},{"Tiny House":14,"Torii":7,"Omamori":10,"Burning Blood":0,"Akabeko":4,"Old Coin":3,"Paper Frog":4,"Runic Cube":9,"Meat on the Bone":14},{"Tiny House":50,"Torii":22,"Omamori":36,"Burning Blood":0,"Akabeko":12,"Old Coin":9,"Paper Frog":12,"Runic Cube":34,"Meat on the Bone":50}],"Burning Blood":82,"Runic Cube":[19],"Meat on the Bone":0},"card_choices":[{"not_picked":["Violence","The Bomb"],"picked":"Apotheosis","floor":0},{"not_picked":["Heavy Blade","Wild Strike"],"picked":"Metallicize","floor":1},{"not_picked":["Pommel Strike","Heavy Blade"],"picked":"Flex","floor":2},{"not_picked":["Perfected Strike","Armaments"],"picked":"Havoc","floor":4},{"not_picked":["Wild Strike","Headbutt","Sever Soul"],"picked":"SKIP","floor":6},{"not_picked":["Rage","Shrug It Off"],"picked":"Offering","floor":11},{"not_picked":["Perfected Strike","Headbutt"],"picked":"Iron Wave","floor":12},{"not_picked":["Infernal Blade","Combust"],"picked":"Dropkick","floor":13},{"not_picked":["Ghostly Armor","Heavy Blade"],"picked":"Shrug It Off","floor":14},{"not_picked":["Impervious","Immolate"],"picked":"Double Tap","floor":16},{"not_picked":["Shrug It Off","Flame Barrier"],"picked":"Cleave","floor":18},{"not_picked":["Pommel Strike","Clothesline+1"],"picked":"True Grit+1","floor":20},{"not_picked":["Warcry","Twin Strike"],"picked":"Bloodletting","floor":21},{"not_picked":["Iron Wave","Anger+1"],"picked":"Seeing Red","floor":22},{"not_picked":["Corruption","Clothesline"],"picked":"Evolve","floor":24}],"player_experience":1325751,"relics_obtained":[{"floor":5,"key":"Old Coin"},{"floor":6,"key":"Akabeko"},{"floor":9,"key":"Paper Frog"},{"floor":13,"key":"Torii"},{"floor":24,"key":"Tiny House"},{"floor":26,"key":"Meat on the Bone"}],"event_choices":[{"cards_removed":["Defend_R"],"damage_healed":0,"gold_gain":0,"player_choice":"Forget","damage_taken":0,"max_hp_gain":0,"max_hp_loss":0,"event_name":"Living Wall","floor":3,"gold_loss":0}],"is_beta":false,"boss_relics":[{"not_picked":["Coffee Dripper","Snecko Eye"],"picked":"Runic Cube"}],"items_purged_floors":[8,8,19],"is_endless":false,"potions_floor_spawned":[2,6,12,13,20,21,24],"killed_by":"Slavers","ascension_level":20}}