{"host":"1ooxfz79hmpvpehx","time":1613434768,"event":{"mods":["BaseMod","Better Altar","Better Match","Better Note","Better Sensory Stone","Better Skull","Better Third Choice","Infinite Spire","Marked Mod","Minty Spire (QoL Compilation)","Quick Restart","RNG Fix","Replay The Spire","StSLib","SuperFastMode"],"gold_per_floor":[112,62,74,74,74,104,104,123,123,123,153,153,164,184,184,287,287,302,302,418,418,418,418,418,418,428,441,467,477,477,477],"floor_reached":30,"language":"ENG","playtime":450,"items_purged":[],"score":263,"play_id":"7dc29520-8c87-469b-9030-5cfa240742db","local_time":"20210215211928","is_ascension_mode":false,"campfire_choices":[{"data":"Machine Learning","floor":7.0,"key":"SMITH"},{"data":"Hologram","floor":10.0,"key":"SMITH"},{"data":"Zap","floor":12.0,"key":"SMITH"},{"data":"Defend_B","floor":15.0,"key":"PURGE"},{"floor":23.0,"key":"REST"}],"circlet_count":0,"master_deck":["Strike_B","Strike_B+1","Defend_B","Defend_B+1","Zap+1","Hologram+1","Machine Learning+1","Lockon+1","Amplify+1","Go for the Eyes+1","Go for the Eyes+1","Ball Lightning+1","Defragment","Streamline+1","Double Energy"],"relics":["Cracked Core","NeowsBlessing","Lantern","Pantograph","Emotion Chip","Astrolabe","Simple Rune"],"acts_visited":["Exordium","TheCity"],"potions_floor_usage":[29,30],"damage_taken":[{"damage":0.0,"enemies":"Jaw Worm","floor":1.0,"turns":1.0},{"damage":0.0,"enemies":"2 Louse","floor":3.0,"turns":1.0},{"damage":0.0,"enemies":"3 Sentries","floor":6.0,"turns":1.0},{"damage":1.0,"enemies":"Cultist","floor":8.0,"turns":3.0},{"damage":31.0,"enemies":"Lagavulin","floor":11.0,"turns":5.0},{"damage":5.0,"enemies":"Looter","floor":13.0,"turns":3.0},{"damage":6.0,"enemies":"2 Fungi Beasts","floor":14.0,"turns":3.0},{"damage":41.0,"enemies":"Hexaghost","floor":16.0,"turns":5.0},{"damage":20.0,"enemies":"2 Thieves","floor":18.0,"turns":3.0},{"damage":1.0,"enemies":"Chosen","floor":26.0,"turns":3.0},{"damage":26.0,"enemies":"Snake Plant","floor":27.0,"turns":3.0},{"damage":8,"enemies":"Snecko","floor":29,"turns":3},{"damage":5,"enemies":"Chosen and Byrds","floor":30,"turns":1}],"seed_played":"3271624932600160572","potions_obtained":[{"floor":3.0,"key":"PowerPotion"},{"floor":6.0,"key":"CultistPotion"},{"floor":11.0,"key":"FocusPotion"},{"floor":18.0,"key":"Swift Potion"},{"floor":29,"key":"Adrenaline Potion"}],"is_trial":false,"path_per_floor":["M","?","M","$","$","E","R","M","T","R","E","R","M","M","R","B",null,"M","?","?","?","T","R","PTL","PTL","M","M","T","M","M"],"character_chosen":"DEFECT","items_purchased":[],"campfire_rested":1,"item_purchase_floors":[],"current_hp_per_floor":[75,75,75,75,75,75,75,74,74,74,43,43,38,32,32,16,75,55,55,18,18,18,40,40,40,39,13,13,5,0,0],"gold":477,"neow_bonus":"THREE_ENEMY_KILL","is_daily":false,"chose_seed":false,"campfire_upgraded":3,"win_rate":0.0,"timestamp":1613434768,"path_taken":["M","?","M","?","$","E","R","?","T","R","E","R","M","M","R","BOSS","M","?","?","?","?","R","PTL","PTL","M","M","T","M","M"],"items_purchased_type":[],"build_version":"2020-12-22","purchased_purges":0,"victory":false,"max_hp_per_floor":[75,75,75,75,75,75,75,75,75,75,75,75,75,75,75,75,75,75,75,75,75,75,75,75,75,75,75,75,75,75,75],"card_choices":[{"not_picked":["Gash","Rebound"],"picked":"Hologram","floor":1.0},{"not_picked":["Glacier","Cold Snap","Leap"],"picked":"SKIP","floor":3.0},{"not_picked":["Chill","Hello World"],"picked":"Machine Learning","floor":6.0},{"not_picked":["Beam Cell","Steam","BootSequence"],"picked":"SKIP","floor":8.0},{"not_picked":["Coolheaded","Gash"],"picked":"Lockon","floor":11.0},{"not_picked":["Glacier","BasicCrystalCard","Go for the Eyes"],"picked":"SKIP","floor":13.0},{"not_picked":["Chill","Genetic Algorithm","Steam"],"picked":"SKIP","floor":14.0},{"not_picked":["Fission","Multi-Cast"],"picked":"Amplify","floor":16.0},{"not_picked":["Turbo+1","Redo"],"picked":"Defragment","floor":18.0},{"not_picked":["Barrage","Streamline","Redo"],"picked":"SKIP","floor":26.0},{"not_picked":["Redo","Beam Cell"],"picked":"Streamline+1","floor":27.0},{"not_picked":["Crystallizer","Static Discharge"],"picked":"Double Energy","floor":29}],"player_experience":39423,"relics_obtained":[{"floor":6.0,"key":"Lantern"},{"floor":9.0,"key":"Pantograph"},{"floor":11.0,"key":"Emotion Chip"},{"floor":28.0,"key":"Simple Rune"}],"event_choices":[{"cards_removed":["Strike_B"],"damage_healed":0.0,"max_hp_gain":0.0,"max_hp_loss":0.0,"gold_gain":0.0,"event_name":"The Cleric","player_choice":"Card Removal","floor":2.0,"gold_loss":50.0,"damage_taken":0.0},{"cards_removed":["Strike_B"],"damage_healed":0.0,"max_hp_gain":0.0,"max_hp_loss":0.0,"gold_gain":0.0,"event_name":"betterNote:BetterNote","player_choice":"Give","floor":19.0,"gold_loss":0.0,"damage_taken":0.0,"cards_obtained":["Dualcast"]},{"damage_healed":0.0,"max_hp_gain":0.0,"max_hp_loss":0.0,"gold_gain":116.0,"event_name":"betterSkull:BetterSkull","player_choice":"UP UP GO ","floor":20.0,"gold_loss":0.0,"damage_taken":42.0,"cards_upgraded":["Lockon","Amplify"],"relics_obtained":[]}],"is_beta":false,"boss_relics":[{"not_picked":["Honey Jar","Snecko Eye"],"picked":"Astrolabe"}],"items_purged_floors":[],"is_endless":false,"potions_floor_spawned":[3,6,11,18,29],"killed_by":"Chosen and Byrds","ascension_level":0}}