{"host":"8vqkh0x3c7vpgzzm","time":1613478989,"event":{"mods":["AchievementEnabler","BaseMod","Colored Map","Colored Powertips","Curses Come First","DeckTracker","Highlight Path","Minty Spire (QoL Compilation)","Permanent Neow","Quick Restart","Random Character Mod","Rare Cards Sparkle","Relic Sorter","Relic Stats","StSLib","SuperFastMode","Unceasing Turn Reminder","egg","everything is the same but u backflip on backflip"],"gold_per_floor":[118,43,62,62,75,103,103,3,3,3,24,24,42,57,57,185,185,209,229,254,274,149,149,199,199,224,243,263,113,129,170,170,170,170],"floor_reached":33,"language":"ENG","playtime":1053,"items_purged":["Strike_R","Strike_R","Strike_R","Defend_R"],"score":271,"play_id":"3e3d7d84-714f-435b-af26-a51a14bd03e1","local_time":"20210216133629","is_ascension_mode":false,"campfire_choices":[{"data":"Bash","floor":12.0,"key":"SMITH"},{"data":"Dropkick","floor":15,"key":"SMITH"},{"data":"Dual Wield","floor":23,"key":"SMITH"},{"data":"Defend_R","floor":25,"key":"SMITH"},{"floor":32,"key":"REST"}],"circlet_count":0,"master_deck":["Strike_R","Strike_R","Defend_R","Defend_R+1","Bash+1","Dropkick+1","Dual Wield+1"],"relics":["Burning Blood","Thread and Needle","Golden Idol","Gremlin Horn","Philosopher\u0027s Stone","Blood Vial","Ginger"],"acts_visited":["Exordium","TheCity"],"potions_floor_usage":[16,16,20,27,31,33,33],"damage_taken":[{"damage":6.0,"enemies":"Jaw Worm","floor":1.0,"turns":4.0},{"damage":1.0,"enemies":"Cultist","floor":3.0,"turns":4.0},{"damage":1.0,"enemies":"2 Louse","floor":5.0,"turns":3.0},{"damage":26.0,"enemies":"Gremlin Nob","floor":6.0,"turns":4.0},{"damage":2.0,"enemies":"Lots of Slimes","floor":11.0,"turns":5.0},{"damage":0.0,"enemies":"Gremlin Gang","floor":13.0,"turns":4.0},{"damage":8,"enemies":"Blue Slaver","floor":14,"turns":4},{"damage":52,"enemies":"The Guardian","floor":16,"turns":13},{"damage":0,"enemies":"Chosen","floor":18,"turns":4},{"damage":8,"enemies":"2 Thieves","floor":19,"turns":3},{"damage":26,"enemies":"3 Cultists","floor":20,"turns":6},{"damage":20,"enemies":"Chosen and Byrds","floor":21,"turns":4},{"damage":14,"enemies":"Snake Plant","floor":27,"turns":3},{"damage":13,"enemies":"Shelled Parasite and Fungi","floor":28,"turns":4},{"damage":0,"enemies":"Chosen and Byrds","floor":30,"turns":3},{"damage":34,"enemies":"Slavers","floor":31,"turns":6},{"damage":51,"enemies":"Automaton","floor":33,"turns":6}],"seed_played":"2344901849056569488","potions_obtained":[{"floor":1.0,"key":"PowerPotion"},{"floor":10.0,"key":"GamblersBrew"},{"floor":10.0,"key":"SpeedPotion"},{"floor":10.0,"key":"ColorlessPotion"},{"floor":11.0,"key":"PowerPotion"},{"floor":14,"key":"Dexterity Potion"},{"floor":16,"key":"Weak Potion"},{"floor":20,"key":"Fire Potion"},{"floor":30,"key":"Strength Potion"},{"floor":31,"key":"FearPotion"}],"is_trial":false,"path_per_floor":["M","$","M","$","M","E","?","$","T","?","M","R","M","M","R","B",null,"M","M","M","M","$","R","?","R","T","M","M","$","M","E","R","B"],"character_chosen":"IRONCLAD","items_purchased":[],"campfire_rested":1,"item_purchase_floors":[],"current_hp_per_floor":[80,80,80,80,80,60,60,60,60,60,64,64,70,68,68,22,74,74,72,52,38,38,38,38,38,38,32,27,27,35,9,31,0,0],"gold":170,"neow_bonus":"REMOVE_CARD","is_daily":false,"chose_seed":false,"campfire_upgraded":4,"win_rate":0.0,"timestamp":1613478989,"path_taken":["M","$","M","$","M","E","?","$","T","?","M","R","?","M","R","BOSS","M","M","M","M","$","R","?","R","T","?","M","$","M","E","R","BOSS"],"items_purchased_type":[],"build_version":"2020-12-22","purchased_purges":4,"victory":false,"max_hp_per_floor":[80,80,80,80,80,80,74,74,74,74,74,74,74,74,74,74,74,74,74,74,74,74,74,74,74,74,74,74,74,74,74,74,74,74],"relic_stats":{"Blood Vial":10,"Gremlin Horn":[17,17],"counters":[17,80],"Golden Idol":74,"Ginger":[0],"obtain_stats":[{"Blood Vial":26,"Gremlin Horn":9,"Golden Idol":7,"Thread and Needle":6,"Philosopher\u0027s Stone":17,"Ginger":31,"Burning Blood":0},{"Blood Vial":12,"Gremlin Horn":4,"Golden Idol":4,"Thread and Needle":4,"Philosopher\u0027s Stone":8,"Ginger":16,"Burning Blood":0},{"Blood Vial":58,"Gremlin Horn":15,"Golden Idol":15,"Thread and Needle":15,"Philosopher\u0027s Stone":41,"Ginger":74,"Burning Blood":0}],"Burning Blood":80},"card_choices":[{"not_picked":["Power Through","Thunderclap","Hemokinesis"],"picked":"SKIP","floor":1.0},{"not_picked":["Body Slam","Perfected Strike"],"picked":"Dropkick","floor":3.0},{"not_picked":["Iron Wave","Reckless Charge"],"picked":"Dual Wield","floor":5.0},{"not_picked":["Clash","Twin Strike","Sever Soul"],"picked":"SKIP","floor":6.0},{"not_picked":["Flex","Carnage","Fire Breathing"],"picked":"SKIP","floor":11.0},{"not_picked":["Body Slam","Reaper","Burning Pact"],"picked":"SKIP","floor":13.0},{"not_picked":["Blood for Blood","Cleave","Clash"],"picked":"SKIP","floor":14},{"not_picked":["Dark Embrace+1","Havoc","Wild Strike+1"],"picked":"SKIP","floor":18},{"not_picked":["Iron Wave+1","Clash","Searing Blow"],"picked":"SKIP","floor":19},{"not_picked":["True Grit","Inflame+1","Shrug It Off"],"picked":"SKIP","floor":20},{"not_picked":["Clash","Flex","Anger+1"],"picked":"SKIP","floor":21},{"not_picked":["Flex","Feel No Pain","Iron Wave"],"picked":"SKIP","floor":27},{"not_picked":["Shrug It Off","Inflame","Iron Wave"],"picked":"SKIP","floor":28},{"not_picked":["Clothesline","Pommel Strike","Combust+1"],"picked":"SKIP","floor":30},{"not_picked":["Cleave","Sword Boomerang","Power Through+1"],"picked":"SKIP","floor":31}],"player_experience":562807,"relics_obtained":[{"floor":6.0,"key":"Thread and Needle"},{"floor":9.0,"key":"Gremlin Horn"},{"floor":26,"key":"Blood Vial"},{"floor":31,"key":"Ginger"}],"event_choices":[{"damage_healed":0.0,"max_hp_gain":0.0,"max_hp_loss":6.0,"gold_gain":0.0,"event_name":"Golden Idol","player_choice":"Lose Max HP","floor":7.0,"gold_loss":0.0,"damage_taken":0.0,"relics_obtained":["Golden Idol"]},{"damage_healed":0.0,"max_hp_gain":0.0,"max_hp_loss":0.0,"gold_gain":0.0,"event_name":"Lab","player_choice":"Got Potions","floor":10.0,"gold_loss":0.0,"damage_taken":0.0},{"damage_healed":0,"gold_gain":100,"player_choice":"Bet on Murderer","damage_taken":0,"max_hp_gain":0,"max_hp_loss":0,"event_name":"The Joust","floor":24,"gold_loss":50}],"is_beta":false,"boss_relics":[{"not_picked":["Coffee Dripper","Tiny House"],"picked":"Philosopher\u0027s Stone"}],"items_purged_floors":[2,8,22,29],"is_endless":false,"potions_floor_spawned":[1,11,13,14,16,20,30,31],"killed_by":"Automaton","ascension_level":0}}