{"host":"6xghz2lkudss8si6","time":1613488718,"event":{"mods":["AchievementEnabler","BaseMod","Colored Map","DeckTracker","Minty Spire (QoL Compilation)","Quick Restart","StSLib","SuperFastMode"],"gold_per_floor":[114,125,125,125,174,174,190,190,238,272,272,306,320,354,354,458,458,477,477,295,295,295,295,306,335,381,401,401,401,277,302,302,403,403,418,355,355,405,330,330,350,350,350,350,370,385,215,226,226,226],"floor_reached":51,"language":"KOR","playtime":2101,"items_purged":["Strike_P","Strike_P","Strike_P","Defend_P"],"score":844,"play_id":"683b4e3f-661c-40f1-80ee-52db77f1d05a","local_time":"20210217001838","is_ascension_mode":true,"campfire_choices":[{"data":"Eruption","floor":6,"key":"SMITH"},{"data":"DeceiveReality","floor":8,"key":"SMITH"},{"data":"BattleHymn","floor":15,"key":"SMITH"},{"data":"Judgement","floor":23,"key":"SMITH"},{"data":"Swivel","floor":28,"key":"SMITH"},{"data":"Halt","floor":32,"key":"SMITH"},{"data":"Vault","floor":40,"key":"SMITH"},{"data":"Vigilance","floor":42,"key":"SMITH"},{"data":"BowlingBash","floor":44,"key":"SMITH"},{"data":"Halt","floor":49,"key":"SMITH"}],"circlet_count":0,"master_deck":["Strike_P+1","Defend_P+1","Defend_P+1","Defend_P+1","Eruption+1","Vigilance+1","Swivel+1","Halt+1","DeceiveReality+1","ReachHeaven","BattleHymn+1","BowlingBash+1","Halt+1","Judgement+1","ClearTheMind+1","InnerPeace+1","EmptyFist","EmptyMind","Vault+1","Halt+1","Evaluate+1","Indignation+1"],"relics":["Runic Pyramid","Calipers","Damaru","Blood Vial","Gremlin Horn","Art of War","Bronze Scales","SacredBark","Membership Card","Unceasing Top","StoneCalendar","Boot","Oddly Smooth Stone","War Paint","Philosopher\u0027s Stone","Mango","Bag of Preparation","Potion Belt"],"acts_visited":["Exordium","TheCity","TheBeyond"],"potions_floor_usage":[12,25,31,31,33,50,50,50,50,50],"damage_taken":[{"damage":2,"enemies":"Jaw Worm","floor":1,"turns":3},{"damage":0,"enemies":"2 Louse","floor":2,"turns":2},{"damage":0,"enemies":"Small Slimes","floor":7,"turns":3},{"damage":0,"enemies":"Lagavulin","floor":10,"turns":6},{"damage":0,"enemies":"Gremlin Nob","floor":12,"turns":2},{"damage":9,"enemies":"Exordium Wildlife","floor":13,"turns":3},{"damage":18,"enemies":"Lagavulin","floor":14,"turns":5},{"damage":16,"enemies":"Slime Boss","floor":16,"turns":5},{"damage":0,"enemies":"Spheric Guardian","floor":18,"turns":1},{"damage":0,"enemies":"Chosen","floor":24,"turns":3},{"damage":13,"enemies":"Book of Stabbing","floor":25,"turns":5},{"damage":0,"enemies":"Sentry and Sphere","floor":27,"turns":2},{"damage":7,"enemies":"Slavers","floor":31,"turns":2},{"damage":16,"enemies":"Champ","floor":33,"turns":12},{"damage":0,"enemies":"3 Darklings","floor":35,"turns":5},{"damage":3,"enemies":"Mind Bloom Boss Battle","floor":38,"turns":8},{"damage":0,"enemies":"Orb Walker","floor":41,"turns":4},{"damage":0,"enemies":"Sphere and 2 Shapes","floor":45,"turns":3},{"damage":0,"enemies":"Jaw Worm Horde","floor":46,"turns":4},{"damage":0,"enemies":"Writhing Mass","floor":48,"turns":7},{"damage":7,"enemies":"Donu and Deca","floor":50,"turns":7}],"seed_played":"-7341636379444654341","potions_obtained":[{"floor":1,"key":"Fire Potion"},{"floor":2,"key":"Explosive Potion"},{"floor":10,"key":"Swift Potion"},{"floor":13,"key":"Dexterity Potion"},{"floor":27,"key":"Swift Potion"},{"floor":31,"key":"SneckoOil"},{"floor":35,"key":"DuplicationPotion"},{"floor":45,"key":"Swift Potion"},{"floor":46,"key":"FearPotion"},{"floor":48,"key":"LiquidBronze"}],"is_trial":false,"path_per_floor":["M","M","?","?","T","R","M","R","T","E","?","E","M","E","R","B",null,"M","?","$","?","?","R","M","E","T","M","R","T","$","E","R","B",null,"M","$","?","?","$","R","M","R","T","R","M","M","$","M","R","B",null],"character_chosen":"WATCHER","items_purchased":["Membership Card","MasterReality","PowerPotion","PowerPotion","Potion Belt","CultistPotion"],"campfire_rested":0,"item_purchase_floors":[20,30,47,47,47,47],"current_hp_per_floor":[70,70,67,53,53,53,53,53,53,55,60,62,55,39,39,25,77,77,63,63,63,63,63,65,54,54,56,56,56,56,51,51,37,82,82,82,82,93,93,93,95,95,95,95,96,96,96,96,96,89],"gold":226,"neow_bonus":"BOSS_RELIC","is_daily":false,"chose_seed":false,"campfire_upgraded":10,"win_rate":0.0,"timestamp":1613488718,"path_taken":["M","M","?","?","?","R","M","R","T","E","?","E","M","E","R","BOSS","M","?","$","?","?","R","M","E","T","?","R","?","$","E","R","BOSS","M","$","?","?","$","R","M","R","T","R","M","M","$","?","R","BOSS"],"items_purchased_type":["Relic","Card","Potion","Potion","Relic","Potion"],"build_version":"2020-12-22","purchased_purges":4,"victory":true,"max_hp_per_floor":[72,72,72,72,72,72,72,72,72,72,77,77,77,77,77,77,77,77,82,82,82,82,82,82,82,82,82,82,82,82,82,82,82,82,82,82,82,96,96,96,96,96,96,96,96,96,96,96,96,96],"card_choices":[{"not_picked":["EmptyBody","WaveOfTheHand"],"picked":"Swivel","floor":1},{"not_picked":["Swivel","SignatureMove"],"picked":"Halt","floor":2},{"not_picked":["Crescendo","SignatureMove"],"picked":"DeceiveReality","floor":7},{"not_picked":["EmptyBody","WreathOfFlame"],"picked":"ReachHeaven","floor":10},{"not_picked":["ThirdEye","WheelKick"],"picked":"BattleHymn","floor":12},{"not_picked":["Worship","Evaluate"],"picked":"BowlingBash","floor":13},{"not_picked":["ConjureBlade","SashWhip"],"picked":"Halt","floor":14},{"not_picked":["Scrawl","Ragnarok"],"picked":"Judgement","floor":16},{"not_picked":["WreathOfFlame+1","WindmillStrike"],"picked":"ClearTheMind+1","floor":18},{"not_picked":["Prostrate+1","ClearTheMind+1"],"picked":"InnerPeace+1","floor":24},{"not_picked":["FlurryOfBlows","Consecrate"],"picked":"EmptyFist","floor":25},{"not_picked":["FlyingSleeves","PathToVictory+1","Swivel"],"picked":"SKIP","floor":27},{"not_picked":["Protect","Conclude"],"picked":"EmptyMind","floor":31},{"not_picked":["Blasphemy","Scrawl"],"picked":"Vault","floor":33},{"not_picked":["FollowUp","CarveReality"],"picked":"Halt+1","floor":35},{"not_picked":["FlyingSleeves","Fasting2","PathToVictory+1"],"picked":"SKIP","floor":41},{"not_picked":["ThirdEye","Weave","FlyingSleeves"],"picked":"SKIP","floor":45},{"not_picked":["LessonLearned","ThirdEye"],"picked":"Evaluate+1","floor":46},{"not_picked":["Prostrate","ThirdEye+1"],"picked":"Indignation+1","floor":48}],"player_experience":249903,"relics_obtained":[{"floor":5,"key":"Damaru"},{"floor":9,"key":"Blood Vial"},{"floor":10,"key":"Gremlin Horn"},{"floor":12,"key":"Art of War"},{"floor":14,"key":"Bronze Scales"},{"floor":25,"key":"StoneCalendar"},{"floor":26,"key":"Boot"},{"floor":29,"key":"Oddly Smooth Stone"},{"floor":31,"key":"War Paint"},{"floor":38,"key":"Mango"},{"floor":43,"key":"Bag of Preparation"}],"event_choices":[{"damage_healed":0,"gold_gain":0,"player_choice":"Success","damage_taken":3,"relics_obtained":["Calipers"],"max_hp_gain":0,"max_hp_loss":0,"event_name":"Scrap Ooze","floor":3,"gold_loss":0},{"damage_healed":0,"gold_gain":0,"player_choice":"Entered Light","damage_taken":14,"max_hp_gain":0,"max_hp_loss":0,"event_name":"Shining Light","floor":4,"gold_loss":0,"cards_upgraded":["Defend_P","Strike_P"]},{"damage_healed":0,"gold_gain":0,"player_choice":"Donut","damage_taken":0,"max_hp_gain":5,"max_hp_loss":0,"event_name":"Big Fish","floor":11,"gold_loss":0},{"damage_healed":0,"gold_gain":0,"player_choice":"Shed Blood","damage_taken":19,"max_hp_gain":5,"max_hp_loss":0,"event_name":"Forgotten Altar","floor":19,"gold_loss":0},{"damage_healed":0,"gold_gain":0,"player_choice":"Opened","damage_taken":0,"relics_obtained":["Unceasing Top"],"max_hp_gain":0,"max_hp_loss":0,"event_name":"The Mausoleum","floor":21,"gold_loss":0},{"damage_healed":0,"gold_gain":0,"player_choice":"Bought 0 Potions","damage_taken":0,"max_hp_gain":0,"max_hp_loss":0,"event_name":"The Woman in Blue","floor":22,"gold_loss":0},{"cards_removed":["MasterReality"],"damage_healed":0,"gold_gain":0,"player_choice":"Removed Power","damage_taken":0,"max_hp_gain":0,"max_hp_loss":0,"event_name":"Falling","floor":37,"gold_loss":0},{"damage_healed":0,"gold_gain":0,"player_choice":"Fight","damage_taken":0,"max_hp_gain":0,"max_hp_loss":0,"event_name":"MindBloom","floor":38,"gold_loss":0}],"is_beta":false,"boss_relics":[{"not_picked":["SlaversCollar","Coffee Dripper"],"picked":"SacredBark"},{"not_picked":["Sozu","Black Star"],"picked":"Philosopher\u0027s Stone"}],"items_purged_floors":[20,30,36,39],"is_endless":false,"potions_floor_spawned":[1,2,10,13,24,27,31,35,45,46,48],"ascension_level":2}}