{"host":"q8mjpf3krl0t4p3x","time":1613457625,"event":{"mods":["BaseMod","Colored Map","Colored Powertips","Googly Eyes","Minty Spire (QoL Compilation)","Quick Restart","StSLib","everything is the same but u backflip on backflip","slay the spire mod where everything is the same but ironclad has a cowboy hat"],"gold_per_floor":[111,111,131,145,145,145,218,251,251,278,290,154,154,165,165,237,237,247,247,346,34,34,34,66,66,66,83,94,105,55,55,55,55,55],"floor_reached":33,"language":"ENG","playtime":1155,"items_purged":["Strike_R","Sword Boomerang","Strike_R"],"score":464,"play_id":"ab51b3cc-42ed-488e-a2cc-d16ce8327fe2","local_time":"20210215224025","is_ascension_mode":true,"campfire_choices":[{"data":"Whirlwind","floor":6,"key":"SMITH"},{"floor":15,"key":"REST"},{"data":"Offering","floor":23,"key":"SMITH"},{"floor":25,"key":"REST"},{"floor":32,"key":"REST"}],"circlet_count":0,"master_deck":["AscendersBane","Strike_R","Strike_R","Strike_R","Defend_R","Defend_R","Defend_R","Defend_R","Bash+1","Flex","Whirlwind+1","Thunderclap","Bandage Up","Offering+1","Flame Barrier","Parasite","Shockwave+1","Whirlwind"],"relics":["Burning Blood","Magic Flower","Centennial Puzzle","Darkstone Periapt","Smiling Mask","Mummified Hand","Turnip","Cursed Key","Shuriken","Dream Catcher","Enchiridion"],"acts_visited":["Exordium","TheCity"],"potions_floor_usage":[10,16,21,24,33,33],"damage_taken":[{"damage":5,"enemies":"Small Slimes","floor":1,"turns":4},{"damage":0,"enemies":"Cultist","floor":3,"turns":3},{"damage":11,"enemies":"Jaw Worm","floor":4,"turns":4},{"damage":45,"enemies":"3 Sentries","floor":8,"turns":7},{"damage":24,"enemies":"Gremlin Nob","floor":10,"turns":4},{"damage":11,"enemies":"Looter","floor":11,"turns":2},{"damage":7,"enemies":"Exordium Wildlife","floor":14,"turns":3},{"damage":79,"enemies":"The Guardian","floor":16,"turns":10},{"damage":36,"enemies":"Shell Parasite","floor":18,"turns":5},{"damage":64,"enemies":"Book of Stabbing","floor":24,"turns":5},{"damage":6,"enemies":"2 Thieves","floor":27,"turns":1},{"damage":6,"enemies":"3 Cultists","floor":28,"turns":2},{"damage":27,"enemies":"Snake Plant","floor":29,"turns":5},{"damage":86,"enemies":"Champ","floor":33,"turns":10}],"seed_played":"-7416299812131380890","potions_obtained":[{"floor":1,"key":"Dexterity Potion"},{"floor":3,"key":"Regen Potion"},{"floor":14,"key":"Fruit Juice"},{"floor":16,"key":"Fire Potion"},{"floor":24,"key":"Strength Potion"},{"floor":27,"key":"SteroidPotion"}],"is_trial":false,"path_per_floor":["M","?","M","M","T","R","T","E","T","E","M","$","?","M","R","B",null,"M","?","?","$","$","R","E","R","T","M","M","M","$","?","R","B"],"character_chosen":"IRONCLAD","items_purchased":["Bandage Up","Offering","Fruit Juice"],"campfire_rested":3,"item_purchase_floors":[12,21,21],"current_hp_per_floor":[69,69,75,73,73,73,73,37,37,41,39,39,39,47,69,13,63,42,68,68,73,73,73,24,49,55,64,73,61,61,45,72,0,0],"gold":55,"neow_bonus":"UPGRADE_CARD","is_daily":false,"chose_seed":false,"campfire_upgraded":2,"win_rate":0.0,"timestamp":1613457625,"path_taken":["M","?","?","M","?","R","?","E","T","E","M","$","?","M","R","BOSS","M","?","?","?","$","R","E","R","T","M","M","?","$","?","R","BOSS"],"items_purchased_type":["Card","Card","Potion"],"build_version":"2020-12-22","purchased_purges":3,"victory":false,"max_hp_per_floor":[75,75,75,75,75,75,75,75,75,75,75,75,75,75,75,80,80,80,80,80,85,85,85,85,85,91,91,91,91,91,91,91,91,91],"card_choices":[{"not_picked":["Sever Soul","Second Wind"],"picked":"Sword Boomerang","floor":1},{"not_picked":["Havoc","Warcry"],"picked":"Flex","floor":3},{"not_picked":["Clothesline","Uppercut"],"picked":"Whirlwind","floor":4},{"not_picked":["Sever Soul","Cleave"],"picked":"Thunderclap","floor":8},{"not_picked":["Metallicize","Exhume","Twin Strike"],"picked":"SKIP","floor":10},{"not_picked":["Sever Soul","Sentinel","Evolve"],"picked":"SKIP","floor":11},{"not_picked":["Heavy Blade","Entrench","Sentinel"],"picked":"SKIP","floor":14},{"not_picked":["Flex","Burning Pact","Warcry"],"picked":"SKIP","floor":18},{"not_picked":["Cleave","Pommel Strike"],"picked":"Flame Barrier","floor":24},{"not_picked":["Pommel Strike","Flame Barrier"],"picked":"Shockwave+1","floor":27},{"not_picked":["Pommel Strike","Spot Weakness","Iron Wave"],"picked":"SKIP","floor":28},{"not_picked":["Anger","Wild Strike","Clothesline+1"],"picked":"SKIP","floor":29},{"not_picked":["Burning Pact","Armaments"],"picked":"Whirlwind","floor":32}],"player_experience":186411,"relics_obtained":[{"floor":5,"key":"Centennial Puzzle"},{"floor":7,"key":"Darkstone Periapt"},{"floor":8,"key":"Smiling Mask"},{"floor":9,"key":"Mummified Hand"},{"floor":10,"key":"Turnip"},{"floor":24,"key":"Shuriken"},{"floor":26,"key":"Dream Catcher"},{"floor":31,"key":"Enchiridion"}],"event_choices":[{"damage_healed":0,"gold_gain":0,"player_choice":"Gave Potion","damage_taken":0,"relics_obtained":["Magic Flower"],"max_hp_gain":0,"max_hp_loss":0,"event_name":"WeMeetAgain","floor":2,"gold_loss":0},{"damage_healed":0,"gold_gain":0,"player_choice":"Ignored","damage_taken":0,"max_hp_gain":0,"max_hp_loss":0,"event_name":"Shining Light","floor":13,"gold_loss":0},{"damage_healed":26,"gold_gain":0,"player_choice":"Heal","damage_taken":0,"max_hp_gain":0,"max_hp_loss":0,"event_name":"The Library","floor":19,"gold_loss":0},{"damage_healed":0,"gold_gain":99,"player_choice":"Stole From Cult","damage_taken":0,"max_hp_gain":0,"max_hp_loss":0,"event_name":"Nest","floor":20,"gold_loss":0},{"damage_healed":0,"gold_gain":0,"player_choice":"Obtained Book","damage_taken":16,"max_hp_gain":0,"max_hp_loss":0,"event_name":"Cursed Tome","floor":31,"gold_loss":0}],"is_beta":false,"boss_relics":[{"not_picked":["Sozu","Coffee Dripper"],"picked":"Cursed Key"}],"items_purged_floors":[12,21,30],"is_endless":false,"potions_floor_spawned":[1,3,14,16,24,27,29],"killed_by":"Champ","ascension_level":14}}