{"host":"sc0o2qwpf9j16a4i","time":1613488933,"event":{"mods":["AchievementEnabler","BaseMod","BetterRewards","Block Reminder","Colored Map","Colored Powertips","Custom Start","Highlight Path","Minty Spire (QoL Compilation)","Relic Stats"],"gold_per_floor":[109,127,141,158,118,144,169,169,169,179,34,34,47,93,93,198,198,210,229,229,249,261,261,261,23,23,53,63,82,82,111,111,209,209,224,241,253,263,5,5,20,20,46,46,80,91,119,119,119,119],"floor_reached":51,"language":"ENG","playtime":2262,"items_purged":["Well Laid Plans+1"],"score":936,"play_id":"6a601d55-e552-4416-b75f-2890f4475118","local_time":"20210216172213","daily_mods":["Shiny","Uncertain Future","DeadlyEvents"],"is_ascension_mode":false,"campfire_choices":[{"data":"Catalyst","floor":8,"key":"SMITH"},{"data":"Wraith Form v2","floor":12,"key":"SMITH"},{"data":"After Image","floor":15,"key":"SMITH"},{"data":"Adrenaline","floor":23,"key":"SMITH"},{"data":"Apotheosis","floor":30,"key":"SMITH"},{"floor":32,"key":"REST"},{"data":"Adrenaline","floor":40,"key":"SMITH"},{"data":"Prepared","floor":44,"key":"SMITH"},{"data":"Bullet Time","floor":49,"key":"SMITH"}],"circlet_count":0,"master_deck":["Venomology","Corpse Explosion","Malaise","Phantasmal Killer","Die Die Die","Adrenaline+1","Envenom","Burst","Wraith Form v2+1","Tools of the Trade","Night Terror","After Image+1","Bullet Time+1","Storm of Steel","Glass Knife","A Thousand Cuts","Grand Finale","Dagger Throw","Tactician","Deflect","Catalyst+1","Catalyst+1","Deflect","Burst","Adrenaline+1","Outmaneuver+1","Apotheosis+1","Deflect","Blur","Prepared+1","Deflect+1","Envenom+1","Deflect","Night Terror"],"relics":["Ring of the Snake","Frozen Egg 2","Question Card","Bottled Flame","DollysMirror","Regal Pillow","Runic Pyramid","Molten Egg 2","Centennial Puzzle","Du-Vu Doll","Coffee Dripper","Blood Vial","Bronze Scales","Unceasing Top","Sundial"],"acts_visited":["Exordium","TheCity","TheBeyond"],"potions_floor_usage":[1,4,6,7,7,7,16,19,22,27,28,29,31,31,33,47,47,50,50,50],"damage_taken":[{"damage":0,"enemies":"Jaw Worm","floor":1,"turns":1},{"damage":0,"enemies":"Cultist","floor":2,"turns":4},{"damage":0,"enemies":"2 Louse","floor":3,"turns":2},{"damage":6,"enemies":"Blue Slaver","floor":4,"turns":5},{"damage":0,"enemies":"Lagavulin","floor":6,"turns":6},{"damage":0,"enemies":"Gremlin Nob","floor":7,"turns":3},{"damage":0,"enemies":"3 Louse","floor":10,"turns":1},{"damage":3,"enemies":"Red Slaver","floor":13,"turns":3},{"damage":10,"enemies":"The Guardian","floor":16,"turns":6},{"damage":0,"enemies":"Spheric Guardian","floor":18,"turns":4},{"damage":7,"enemies":"2 Thieves","floor":19,"turns":3},{"damage":0,"enemies":"Snake Plant","floor":21,"turns":3},{"damage":2,"enemies":"Sentry and Sphere","floor":22,"turns":9},{"damage":0,"enemies":"Book of Stabbing","floor":27,"turns":4},{"damage":0,"enemies":"Shelled Parasite and Fungi","floor":28,"turns":5},{"damage":2,"enemies":"Centurion and Healer","floor":29,"turns":4},{"damage":0,"enemies":"Gremlin Leader","floor":31,"turns":8},{"damage":2,"enemies":"Collector","floor":33,"turns":9},{"damage":23,"enemies":"3 Darklings","floor":35,"turns":2},{"damage":0,"enemies":"Orb Walker","floor":36,"turns":4},{"damage":0,"enemies":"Transient","floor":37,"turns":3},{"damage":1,"enemies":"Spire Growth","floor":38,"turns":5},{"damage":38,"enemies":"Jaw Worm Horde","floor":41,"turns":4},{"damage":13,"enemies":"Nemesis","floor":45,"turns":5},{"damage":0,"enemies":"3 Darklings","floor":46,"turns":3},{"damage":0,"enemies":"Reptomancer","floor":47,"turns":10},{"damage":9,"enemies":"Donu and Deca","floor":50,"turns":9}],"seed_played":"8263227877802765433","potions_obtained":[{"floor":1,"key":"Regen Potion"},{"floor":3,"key":"DuplicationPotion"},{"floor":5,"key":"GhostInAJar"},{"floor":6,"key":"PowerPotion"},{"floor":16,"key":"PowerPotion"},{"floor":18,"key":"DistilledChaos"},{"floor":19,"key":"BlessingOfTheForge"},{"floor":36,"key":"FearPotion"}],"is_trial":true,"path_per_floor":["M","M","M","M","?","E","E","R","T","M","$","R","M","T","R","B",null,"M","M","?","M","M","R","?","$","T","E","M","M","R","E","R","B",null,"M","M","M","M","$","R","M","?","T","R","E","M","E","?","R","B",null],"character_chosen":"THE_SILENT","items_purchased":["DollysMirror","Apotheosis","Blood Vial","FairyPotion"],"campfire_rested":1,"item_purchase_floors":[11,25,39,39],"current_hp_per_floor":[70,70,70,70,70,70,70,70,70,70,70,70,67,67,67,57,70,70,63,63,63,61,61,61,61,61,61,61,59,59,59,70,68,70,47,47,47,46,46,46,10,10,10,10,21,23,25,25,25,18],"gold":119,"neow_bonus":"","is_daily":false,"chose_seed":false,"campfire_upgraded":8,"win_rate":0.0,"timestamp":1613488933,"path_taken":["M","M","M","M","?","E","?","R","T","M","$","R","M","?","R","BOSS","M","M","?","M","M","R","?","$","T","?","M","M","R","E","R","BOSS","M","M","M","M","$","R","M","?","T","R","E","M","?","?","R","BOSS"],"items_purchased_type":["Relic","Card","Relic","Potion"],"build_version":"2020-12-22","purchased_purges":1,"victory":true,"max_hp_per_floor":[70,70,70,70,70,70,70,70,70,70,70,70,70,70,70,70,70,70,70,70,70,70,70,70,70,70,70,70,70,70,70,70,70,70,70,70,70,70,70,70,70,70,70,70,70,70,70,70,70,70],"relic_stats":{"Blood Vial":10,"Regal Pillow":0,"Centennial Puzzle":[19],"counters":[27,125],"Sundial":[0],"Bronze Scales":[102],"Question Card":20,"obtain_stats":[{"Regal Pillow":14,"Frozen Egg 2":6,"Question Card":7,"Du-Vu Doll":31,"Blood Vial":39,"Bottled Flame":9,"Centennial Puzzle":27,"DollysMirror":11,"Sundial":47,"Bronze Scales":43,"Molten Egg 2":26,"Coffee Dripper":34,"Unceasing Top":45,"Ring of the Snake":0,"Runic Pyramid":17},{"Regal Pillow":8,"Frozen Egg 2":5,"Question Card":6,"Du-Vu Doll":17,"Blood Vial":22,"Bottled Flame":6,"Centennial Puzzle":14,"DollysMirror":7,"Sundial":26,"Bronze Scales":23,"Molten Egg 2":13,"Coffee Dripper":18,"Unceasing Top":24,"Ring of the Snake":0,"Runic Pyramid":9},{"Regal Pillow":25,"Frozen Egg 2":18,"Question Card":21,"Du-Vu Doll":71,"Blood Vial":94,"Bottled Flame":21,"Centennial Puzzle":54,"DollysMirror":22,"Sundial":116,"Bronze Scales":98,"Molten Egg 2":50,"Coffee Dripper":80,"Unceasing Top":103,"Ring of the Snake":0,"Runic Pyramid":31}],"Unceasing Top":[0],"Ring of the Snake":[54]},"card_choices":[{"not_picked":["Infinite Blades","Outmaneuver"],"picked":"Dagger Throw","floor":1},{"not_picked":["Bane","All Out Attack"],"picked":"Tactician","floor":2},{"not_picked":["Quick Slash","Backflip"],"picked":"Deflect","floor":3},{"not_picked":["All Out Attack","Finisher"],"picked":"Catalyst","floor":4},{"not_picked":["Backstab","Bane"],"picked":"Dash","floor":6},{"not_picked":["Bane","Grand Finale","Poisoned Stab"],"picked":"SKIP","floor":7},{"not_picked":["Slice","PiercingWail","Accuracy+1"],"picked":"Well Laid Plans+1","floor":10},{"not_picked":["Dagger Throw","PiercingWail","Backflip"],"picked":"Deflect","floor":13},{"not_picked":["Glass Knife","Grand Finale","Storm of Steel"],"picked":"Burst","floor":16},{"not_picked":["Cloak And Dagger","Sucker Punch+1","Dagger Spray+1","Catalyst"],"picked":"SKIP","floor":18},{"not_picked":["Dagger Throw","Sucker Punch","Backflip","Cloak And Dagger+1"],"picked":"SKIP","floor":19},{"not_picked":["Bane","Reflex+1","Underhanded Strike"],"picked":"Adrenaline","floor":21},{"not_picked":["Underhanded Strike+1","Distraction","Expertise"],"picked":"Outmaneuver+1","floor":22},{"not_picked":["Storm of Steel","Cloak And Dagger","Endless Agony+1"],"picked":"Deflect","floor":27},{"not_picked":["Skewer+1","Backflip+1","Cloak And Dagger"],"picked":"Blur","floor":28},{"not_picked":["Bouncing Flask","Blade Dance+1","Sucker Punch+1"],"picked":"Prepared","floor":29},{"not_picked":["Poisoned Stab+1","Underhanded Strike+1","Slice+1"],"picked":"Deflect+1","floor":31},{"not_picked":["Die Die Die+1","Adrenaline","Glass Knife+1"],"picked":"Envenom+1","floor":33},{"not_picked":["Reflex","Sucker Punch+1","Dagger Spray+1"],"picked":"Deflect","floor":35},{"not_picked":["Dodge and Roll+1","Skewer+1","Bane+1","A Thousand Cuts+1"],"picked":"SKIP","floor":36},{"not_picked":["Predator+1","Outmaneuver","Poisoned Stab+1","Endless Agony+1"],"picked":"SKIP","floor":37},{"not_picked":["Deflect+1","Reflex+1","Backflip","Dash+1"],"picked":"SKIP","floor":38},{"not_picked":["Backflip+1","Poisoned Stab+1","Sucker Punch+1","Endless Agony+1"],"picked":"SKIP","floor":41},{"not_picked":["Phantasmal Killer","Accuracy+1","Bouncing Flask","Skewer+1"],"picked":"SKIP","floor":45},{"not_picked":["Dodge and Roll","Slice+1","Backflip+1","Caltrops+1"],"picked":"SKIP","floor":46},{"not_picked":["Adrenaline","Choke+1","Flying Knee+1","Blade Dance"],"picked":"SKIP","floor":47}],"player_experience":1446984,"relics_obtained":[{"floor":6,"key":"Frozen Egg 2"},{"floor":7,"key":"Question Card"},{"floor":9,"key":"Bottled Flame"},{"floor":14,"key":"Regal Pillow"},{"floor":26,"key":"Molten Egg 2"},{"floor":27,"key":"Centennial Puzzle"},{"floor":31,"key":"Du-Vu Doll"},{"floor":43,"key":"Bronze Scales"},{"floor":45,"key":"Unceasing Top"},{"floor":47,"key":"Sundial"}],"event_choices":[{"damage_healed":0,"gold_gain":0,"player_choice":"Bought 3 Potions","damage_taken":0,"max_hp_gain":0,"max_hp_loss":0,"event_name":"The Woman in Blue","floor":5,"gold_loss":0},{"cards_removed":["Doppelganger"],"damage_healed":0,"gold_gain":0,"player_choice":"Elegance","damage_taken":0,"max_hp_gain":0,"max_hp_loss":0,"event_name":"Back to Basics","floor":20,"gold_loss":0},{"damage_healed":0,"gold_gain":0,"player_choice":"Got Potions","damage_taken":0,"max_hp_gain":0,"max_hp_loss":0,"event_name":"Lab","floor":24,"gold_loss":0},{"damage_healed":0,"gold_gain":0,"cards_transformed":["Unload"],"player_choice":"Transformed","damage_taken":0,"max_hp_gain":0,"max_hp_loss":0,"event_name":"Transmorgrifier","floor":42,"gold_loss":0,"cards_obtained":["Night Terror"]},{"cards_removed":["Dash"],"damage_healed":0,"gold_gain":0,"player_choice":"Removed Attack","damage_taken":0,"max_hp_gain":0,"max_hp_loss":0,"event_name":"Falling","floor":48,"gold_loss":0}],"is_beta":false,"boss_relics":[{"not_picked":["Sozu","Runic Dome"],"picked":"Runic Pyramid"},{"not_picked":["Black Star","WristBlade"],"picked":"Coffee Dripper"}],"items_purged_floors":[25],"is_endless":false,"potions_floor_spawned":[1,3,4,6,16,18,19,27,28,29,36,41,45,46],"ascension_level":0}}