{"host":"dlqyscxstsnu98l1","time":1613503285,"event":{"mods":["AchievementEnabler","BaseMod","Colored Map","Colored Powertips","GifTheSpireLib","Highlight Path","Minty Spire (QoL Compilation)","Random Character Button","SacredBarkPlus","StSLib","everything is the same but u backflip on backflip"],"gold_per_floor":[117,117,21,21,96,123,123,154,154,59,76,104,104,204,204,307,307,325,11,11,23,33,33,63,63,63,63,63,91,105,116,116,217,217,235,235,235,247,49,77,77,102,126,155,167,190,202,238,250,262,274,286,25,65,65,65],"floor_reached":55,"language":"ENG","playtime":2761,"items_purged":["Strike_G","Strike_G","Strike_G+1","Strike_G+1"],"score":1059,"play_id":"32a88c2d-2446-4d69-a945-a5ec14320963","local_time":"20210216132125","is_ascension_mode":true,"campfire_choices":[{"data":"Noxious Fumes","floor":7.0,"key":"SMITH"},{"data":"Footwork","floor":13.0,"key":"SMITH"},{"data":"Dodge and Roll","floor":15.0,"key":"SMITH"},{"data":"Glass Knife","floor":23.0,"key":"SMITH"},{"floor":25.0,"key":"REST"},{"data":"Neutralize","floor":27.0,"key":"SMITH"},{"data":"Dodge and Roll","floor":32.0,"key":"SMITH"},{"floor":41.0,"key":"REST"},{"floor":45.0,"key":"REST"},{"data":"Catalyst","floor":47.0,"key":"SMITH"},{"floor":49.0,"key":"RECALL"},{"floor":52.0,"key":"REST"}],"circlet_count":0,"master_deck":["Strike_G+1","Defend_G+1","Defend_G+1","Defend_G+1","Defend_G+1","Defend_G+1","Survivor","Neutralize+1","Backflip","Footwork+1","Dodge and Roll+1","Noxious Fumes+1","Cloak And Dagger","Masterful Stab","Dagger Throw","Glass Knife+1","Caltrops","PiercingWail","Dodge and Roll+1","Die Die Die","PiercingWail+1","Bane+1","Noxious Fumes+1","Catalyst+1","Caltrops","Noxious Fumes","Caltrops+1"],"relics":["Ring of the Snake","NeowsBlessing","Smiling Mask","Blue Candle","Centennial Puzzle","Letter Opener","Boot","Black Star","Bronze Scales","InkBottle","Lantern","Bottled Flame","Snake Skull","Mummified Hand","Sozu","DollysMirror","Pocketwatch","Bottled Tornado","White Beast Statue","StrikeDummy","CeramicFish","MawBank","Molten Egg 2","Oddly Smooth Stone","Blood Vial","TungstenRod"],"acts_visited":["Exordium","TheCity","TheBeyond","TheEnding"],"potions_floor_usage":[55],"damage_taken":[{"damage":0.0,"enemies":"Cultist","floor":1.0,"turns":1.0},{"damage":0.0,"enemies":"Lagavulin","floor":6.0,"turns":1.0},{"damage":0.0,"enemies":"3 Sentries","floor":8.0,"turns":2.0},{"damage":0.0,"enemies":"Jaw Worm","floor":11.0,"turns":6.0},{"damage":3.0,"enemies":"Lagavulin","floor":12.0,"turns":6.0},{"damage":21.0,"enemies":"Slime Boss","floor":16.0,"turns":11.0},{"damage":4.0,"enemies":"3 Byrds","floor":18.0,"turns":5.0},{"damage":13.0,"enemies":"2 Thieves","floor":21.0,"turns":5.0},{"damage":8.0,"enemies":"Snake Plant","floor":22.0,"turns":5.0},{"damage":20.0,"enemies":"Slavers","floor":24.0,"turns":7.0},{"damage":4.0,"enemies":"Book of Stabbing","floor":29.0,"turns":5.0},{"damage":0.0,"enemies":"Cultist and Chosen","floor":30.0,"turns":5.0},{"damage":0.0,"enemies":"3 Cultists","floor":31.0,"turns":5.0},{"damage":17.0,"enemies":"Automaton","floor":33.0,"turns":13.0},{"damage":10.0,"enemies":"3 Darklings","floor":35.0,"turns":3.0},{"damage":0.0,"enemies":"3 Shapes","floor":38.0,"turns":5.0},{"damage":10.0,"enemies":"Giant Head","floor":40.0,"turns":10.0},{"damage":9.0,"enemies":"Nemesis","floor":42.0,"turns":7.0},{"damage":16.0,"enemies":"Giant Head","floor":44.0,"turns":9.0},{"damage":0.0,"enemies":"3 Darklings","floor":46.0,"turns":3.0},{"damage":7.0,"enemies":"Transient","floor":48.0,"turns":5.0},{"damage":27.0,"enemies":"Awakened One","floor":50.0,"turns":13.0},{"damage":44.0,"enemies":"Shield and Spear","floor":54.0,"turns":7.0},{"damage":46,"enemies":"The Heart","floor":55,"turns":2}],"seed_played":"-2465992102651903062","potions_obtained":[{"floor":1.0,"key":"Fire Potion"},{"floor":11.0,"key":"Ancient Potion"},{"floor":12.0,"key":"ColorlessPotion"},{"floor":16.0,"key":"Weak Potion"},{"floor":21.0,"key":"SpeedPotion"},{"floor":29.0,"key":"SpeedPotion"},{"floor":30.0,"key":"LiquidMemories"}],"is_trial":false,"path_per_floor":["M","?","$","?","?","E","R","E","T","$","M","E","R","?","R","B",null,"M","$","T","M","M","R","E","R","T","R","?","E","M","M","R","B",null,"M","?","?","M","$","E","R","E","T","E","R","M","R","M","R","B",null,"R","$","E","B"],"character_chosen":"THE_SILENT","items_purchased":["Footwork","Dodge and Roll","Cloak And Dagger","Caltrops","Bronze Scales","Regen Potion","DollysMirror","Oddly Smooth Stone","Noxious Fumes"],"campfire_rested":4,"item_purchase_floors":[3,3,10,19,19,19,39,53,53],"current_hp_per_floor":[70,63,63,63,52,52,52,52,52,52,52,49,49,49,49,28,60,56,56,56,57,49,49,29,50,50,50,50,46,46,46,46,29,60,50,50,50,50,50,40,61,52,52,36,57,57,57,50,50,23,58,70,70,26,0,0],"gold":65,"neow_bonus":"THREE_ENEMY_KILL","is_daily":false,"chose_seed":false,"campfire_upgraded":7,"win_rate":0.0,"timestamp":1613503285,"path_taken":["M","?","$","?","?","E","R","E","T","?","?","E","R","?","R","BOSS","M","$","?","?","M","R","E","R","T","R","?","E","M","M","R","BOSS","M","?","?","M","$","E","R","E","T","E","R","M","R","M","R","BOSS","R","$","E","BOSS"],"items_purchased_type":["Card","Card","Card","Card","Relic","Potion","Relic","Relic","Card"],"build_version":"2020-12-22","purchased_purges":4,"victory":false,"max_hp_per_floor":[70,70,70,70,70,70,70,70,70,70,70,70,70,70,70,70,70,70,70,70,70,70,70,70,70,70,70,70,70,70,70,70,70,70,70,70,70,70,70,70,70,70,70,70,70,70,70,70,70,70,70,70,70,70,70,70],"card_choices":[{"not_picked":["Bouncing Flask","Sucker Punch"],"picked":"Backflip","floor":1.0},{"not_picked":["Escape Plan","Leg Sweep"],"picked":"Noxious Fumes","floor":6.0},{"not_picked":["Poisoned Stab","Choke","Setup"],"picked":"SKIP","floor":8.0},{"not_picked":["Slice","Terror"],"picked":"Masterful Stab","floor":11.0},{"not_picked":["Flying Knee","Acrobatics"],"picked":"Dagger Throw","floor":12.0},{"not_picked":["Malaise","Envenom"],"picked":"Glass Knife","floor":16.0},{"not_picked":["Outmaneuver","Bane","Terror"],"picked":"SKIP","floor":18.0},{"not_picked":["Sucker Punch+1","Blade Dance","Deadly Poison"],"picked":"SKIP","floor":21.0},{"not_picked":["Underhanded Strike","Bane"],"picked":"PiercingWail","floor":22.0},{"not_picked":["Unload","Deflect","Bane"],"picked":"SKIP","floor":24.0},{"not_picked":["Backstab","Dagger Spray+1"],"picked":"Dodge and Roll","floor":29.0},{"not_picked":["Poisoned Stab","Infinite Blades","Tactician"],"picked":"SKIP","floor":30.0},{"not_picked":["Deflect","Prepared","Eviscerate+1"],"picked":"SKIP","floor":31.0},{"not_picked":["Unload","Burst"],"picked":"Die Die Die","floor":33.0},{"not_picked":["All Out Attack","Slice"],"picked":"PiercingWail+1","floor":35.0},{"not_picked":["Dagger Throw","Choke+1"],"picked":"Bane+1","floor":38.0},{"not_picked":["All Out Attack+1","Tactician+1","Flying Knee+1"],"picked":"SKIP","floor":40.0},{"not_picked":["Backflip+1","Caltrops"],"picked":"Catalyst","floor":42.0},{"not_picked":["Poisoned Stab+1","Underhanded Strike+1","Dagger Throw+1"],"picked":"SKIP","floor":44.0},{"not_picked":["Blade Dance+1","Bane+1","Slice+1"],"picked":"SKIP","floor":46.0},{"not_picked":["Backstab+1","Terror"],"picked":"Caltrops","floor":48.0},{"not_picked":["Terror","Dodge and Roll+1"],"picked":"Caltrops+1","floor":54.0}],"player_experience":221255,"relics_obtained":[{"floor":6.0,"key":"Blue Candle"},{"floor":8.0,"key":"Centennial Puzzle"},{"floor":9.0,"key":"Letter Opener"},{"floor":12.0,"key":"Boot"},{"floor":24.0,"key":"InkBottle"},{"floor":24.0,"key":"Lantern"},{"floor":26.0,"key":"Bottled Flame"},{"floor":29.0,"key":"Snake Skull"},{"floor":29.0,"key":"Mummified Hand"},{"floor":40.0,"key":"Pocketwatch"},{"floor":40.0,"key":"Bottled Tornado"},{"floor":42.0,"key":"White Beast Statue"},{"floor":42.0,"key":"StrikeDummy"},{"floor":43.0,"key":"CeramicFish"},{"floor":44.0,"key":"MawBank"},{"floor":44.0,"key":"Molten Egg 2"},{"floor":54.0,"key":"Blood Vial"},{"floor":54.0,"key":"TungstenRod"}],"event_choices":[{"damage_healed":0.0,"max_hp_gain":0.0,"max_hp_loss":0.0,"gold_gain":0.0,"event_name":"Scrap Ooze","player_choice":"Success","floor":2.0,"gold_loss":0.0,"damage_taken":7.0,"relics_obtained":["Smiling Mask"]},{"damage_healed":0.0,"max_hp_gain":0.0,"max_hp_loss":0.0,"gold_gain":0.0,"event_name":"Liars Game","player_choice":"Ignored","floor":4.0,"gold_loss":0.0,"damage_taken":0.0},{"damage_healed":0.0,"max_hp_gain":0.0,"max_hp_loss":0.0,"gold_gain":75.0,"event_name":"World of Goop","player_choice":"Gather Gold","floor":5.0,"gold_loss":0.0,"damage_taken":11.0},{"damage_healed":0.0,"max_hp_gain":0.0,"max_hp_loss":0.0,"gold_gain":100.0,"event_name":"Golden Shrine","player_choice":"Pray","floor":14.0,"gold_loss":0.0,"damage_taken":0.0},{"damage_healed":0.0,"max_hp_gain":0.0,"max_hp_loss":0.0,"gold_gain":0.0,"event_name":"Back to Basics","player_choice":"Simplicity","floor":28.0,"gold_loss":0.0,"damage_taken":0.0,"cards_upgraded":["Strike_G","Strike_G","Strike_G","Defend_G","Defend_G","Defend_G","Defend_G","Defend_G"]},{"damage_healed":0.0,"max_hp_gain":0.0,"max_hp_loss":0.0,"gold_gain":0.0,"event_name":"SensoryStone","player_choice":"Memory 1","floor":36.0,"gold_loss":0.0,"damage_taken":0.0},{"damage_healed":0.0,"max_hp_gain":0.0,"max_hp_loss":0.0,"gold_gain":0.0,"event_name":"Mysterious Sphere","player_choice":"Ignored","floor":37.0,"gold_loss":0.0,"damage_taken":0.0}],"is_beta":false,"boss_relics":[{"not_picked":["Coffee Dripper","Runic Pyramid"],"picked":"Black Star"},{"not_picked":["HoveringKite","Philosopher\u0027s Stone"],"picked":"Sozu"}],"items_purged_floors":[10,19,39,53],"is_endless":false,"potions_floor_spawned":[1,11,12,16,21,29,30,38,42,44,46,48,54],"killed_by":"The Heart","ascension_level":5}}