{"host":"4i5my69dv6e41930","time":1613464933,"event":{"mods":["AchievementEnabler","BaseMod","Minty Spire (QoL Compilation)","Relic Stats","UnlockEverythingMod"],"gold_per_floor":[217,234,249,49,61,61,95,113,136,155,60,77,89,116,116,192,192,207,221,234,214,224,224,239,239,239,259,270,270,4,4,4],"floor_reached":31,"language":"ENG","playtime":3364,"items_purged":["Strike_G"],"score":510,"play_id":"c7099c27-50fb-4664-a9df-77dd8f9fe5df","local_time":"20210216034213","is_ascension_mode":true,"campfire_choices":[{"data":"Neutralize","floor":6.0,"key":"SMITH"},{"data":"Footwork","floor":15,"key":"SMITH"},{"floor":23,"key":"REST"},{"floor":25,"key":"REST"},{"floor":29,"key":"REST"}],"circlet_count":0,"master_deck":["AscendersBane","Strike_G","Strike_G","Strike_G","Strike_G","Defend_G","Defend_G","Defend_G","Defend_G","Defend_G","Survivor","Neutralize+1","Poisoned Stab","Dagger Throw","Footwork+1","Poisoned Stab","Flying Knee","After Image","Backstab","Dash","Backflip","Deflect","Escape Plan","Footwork","Wraith Form v2","Well Laid Plans","Deadly Poison","Bouncing Flask","Blur","Cloak And Dagger"],"relics":["Ring of the Snake","Boot","Bag of Preparation","Nunchaku","Black Star","WingedGreaves"],"acts_visited":["Exordium","TheCity"],"potions_floor_usage":[14,18,22,27,27,28,31,31],"damage_taken":[{"damage":3.0,"enemies":"Small Slimes","floor":1.0,"turns":5.0},{"damage":4.0,"enemies":"Cultist","floor":2.0,"turns":3.0},{"damage":6.0,"enemies":"Jaw Worm","floor":3.0,"turns":5.0},{"damage":2.0,"enemies":"Blue Slaver","floor":5.0,"turns":5.0},{"damage":2.0,"enemies":"Lagavulin","floor":7.0,"turns":6.0},{"damage":0.0,"enemies":"Large Slime","floor":8.0,"turns":5.0},{"damage":1.0,"enemies":"Lots of Slimes","floor":10.0,"turns":5.0},{"damage":0.0,"enemies":"2 Fungi Beasts","floor":12.0,"turns":3.0},{"damage":0,"enemies":"Large Slime","floor":13,"turns":6},{"damage":3,"enemies":"3 Sentries","floor":14,"turns":8},{"damage":7,"enemies":"Hexaghost","floor":16,"turns":14},{"damage":13,"enemies":"Spheric Guardian","floor":18,"turns":11},{"damage":4,"enemies":"Shell Parasite","floor":19,"turns":11},{"damage":15,"enemies":"Snecko","floor":20,"turns":10},{"damage":22,"enemies":"Cultist and Chosen","floor":22,"turns":11},{"damage":11,"enemies":"Centurion and Healer","floor":24,"turns":13},{"damage":12,"enemies":"Snake Plant","floor":27,"turns":3},{"damage":14,"enemies":"Shelled Parasite and Fungi","floor":28,"turns":10},{"damage":30,"enemies":"Gremlin Leader","floor":31,"turns":6}],"seed_played":"1466878321374196223","potions_obtained":[{"floor":5.0,"key":"DistilledChaos"},{"floor":7.0,"key":"ColorlessPotion"},{"floor":10.0,"key":"Explosive Potion"},{"floor":12.0,"key":"Swift Potion"},{"floor":16,"key":"ColorlessPotion"},{"floor":18,"key":"Fire Potion"},{"floor":19,"key":"BlessingOfTheForge"},{"floor":22,"key":"SteroidPotion"},{"floor":27,"key":"Swift Potion"}],"is_trial":false,"path_per_floor":["M","M","M","$","M","R","E","M","T","M","$","M","M","E","R","B",null,"M","M","M","?","M","R","M","R","T","M","M","R","$","E"],"character_chosen":"THE_SILENT","items_purchased":["Footwork","FearPotion","Poisoned Stab","Dash","Backflip","Regen Potion","Cloak And Dagger","CunningPotion"],"campfire_rested":3,"item_purchase_floors":[4,4,4,11,11,30,30,30],"current_hp_per_floor":[56,52,46,46,44,44,42,42,42,41,41,41,41,38,38,31,57,44,40,25,25,3,22,11,30,30,18,4,23,23,8,8],"gold":4,"neow_bonus":"HUNDRED_GOLD","is_daily":false,"chose_seed":false,"campfire_upgraded":2,"win_rate":0.0,"timestamp":1613464933,"path_taken":["M","M","M","$","M","R","E","M","T","M","$","M","M","E","R","BOSS","M","M","M","?","M","R","?","R","T","M","M","R","$","E"],"items_purchased_type":["Card","Potion","Card","Card","Card","Potion","Card","Potion"],"build_version":"2020-12-22","purchased_purges":1,"victory":false,"max_hp_per_floor":[66,66,66,66,66,66,66,66,66,66,66,66,66,66,66,66,66,66,66,66,66,66,66,66,66,66,66,66,66,66,66,66],"relic_stats":{"Nunchaku":[15],"counters":[19,140],"Bag of Preparation":[26],"Black Star":0,"Boot":[52],"obtain_stats":[{"Nunchaku":14,"WingedGreaves":26,"Bag of Preparation":9,"Black Star":17,"Boot":7,"Ring of the Snake":0},{"Nunchaku":10,"WingedGreaves":16,"Bag of Preparation":6,"Black Star":11,"Boot":5,"Ring of the Snake":0},{"Nunchaku":51,"WingedGreaves":121,"Bag of Preparation":29,"Black Star":65,"Boot":24,"Ring of the Snake":0}],"Ring of the Snake":[38]},"card_choices":[{"not_picked":["Acrobatics","Slice"],"picked":"Poisoned Stab","floor":1.0},{"not_picked":["Catalyst","Acrobatics"],"picked":"Dagger Throw","floor":2.0},{"not_picked":["PiercingWail","Calculated Gamble","Bane"],"picked":"SKIP","floor":3.0},{"not_picked":["Dodge and Roll","Tactician"],"picked":"Flying Knee","floor":5.0},{"not_picked":["Concentrate","Slice"],"picked":"After Image","floor":7.0},{"not_picked":["Concentrate","Expertise"],"picked":"Backstab","floor":8.0},{"not_picked":["Infinite Blades","Dagger Spray","Heel Hook"],"picked":"SKIP","floor":10.0},{"not_picked":["Poisoned Stab","Acrobatics"],"picked":"Deflect","floor":12.0},{"not_picked":["Prepared","Concentrate"],"picked":"Escape Plan","floor":13},{"not_picked":["PiercingWail","Blade Dance"],"picked":"Footwork","floor":14},{"not_picked":["Phantasmal Killer","Night Terror"],"picked":"Wraith Form v2","floor":16},{"not_picked":["Deflect","Sucker Punch"],"picked":"Well Laid Plans","floor":18},{"not_picked":["Catalyst","Outmaneuver"],"picked":"Deadly Poison","floor":19},{"not_picked":["Slice+1","Deadly Poison","Dagger Spray"],"picked":"SKIP","floor":20},{"not_picked":["Blade Dance","Sucker Punch"],"picked":"Bouncing Flask","floor":22},{"not_picked":["Underhanded Strike+1","Flying Knee","Prepared"],"picked":"SKIP","floor":24},{"not_picked":["Distraction","Sucker Punch"],"picked":"Blur","floor":27},{"not_picked":["Bane","Outmaneuver","After Image"],"picked":"SKIP","floor":28}],"player_experience":2028,"relics_obtained":[{"floor":7.0,"key":"Boot"},{"floor":9.0,"key":"Bag of Preparation"},{"floor":14,"key":"Nunchaku"},{"floor":26,"key":"WingedGreaves"}],"event_choices":[{"damage_healed":0,"gold_gain":0,"player_choice":"Bought 1 Potion","damage_taken":0,"max_hp_gain":0,"max_hp_loss":0,"event_name":"The Woman in Blue","floor":21,"gold_loss":0}],"is_beta":false,"boss_relics":[{"not_picked":["Snecko Eye","Calling Bell"],"picked":"Black Star"}],"items_purged_floors":[30],"is_endless":false,"potions_floor_spawned":[5,7,10,12,16,18,19,22,27],"killed_by":"Gremlin Leader","ascension_level":20}}