{"host":"jz4ul6vrcxqkcr33","time":1613519597,"event":{"mods":["BaseMod","Minty Spire (QoL Compilation)","StSLib"],"gold_per_floor":[113,113,188,188,188,220,233,268,268,13,13,43,61,78,78,180,180,194,212,229,229,91,91,91],"floor_reached":23,"language":"ENG","playtime":799,"items_purged":[],"score":363,"play_id":"34c751dd-db38-4edf-a0cd-cfbe1889b891","local_time":"20210216185317","is_ascension_mode":true,"campfire_choices":[{"floor":11,"key":"REST"},{"data":"Auto Shields","floor":15,"key":"SMITH"}],"circlet_count":0,"master_deck":["AscendersBane","Strike_B","Strike_B","Strike_B","Defend_B","Defend_B","Defend_B","Defend_B","Zap","Dualcast","Ball Lightning","Skim","Sweeping Beam","Lockon","Lockon","Auto Shields+1","Cold Snap","Buffer","Compile Driver+1","Loop","Coolheaded","Decay","Core Surge"],"relics":["FrozenCore","NeowsBlessing","CultistMask","Singing Bowl","Blood Vial","TungstenRod","Shuriken","MealTicket"],"acts_visited":["Exordium","TheCity"],"potions_floor_usage":[16,18,23],"damage_taken":[{"damage":0,"enemies":"Small Slimes","floor":1,"turns":1},{"damage":0,"enemies":"Lagavulin","floor":6,"turns":1},{"damage":0,"enemies":"Jaw Worm","floor":7,"turns":1},{"damage":33,"enemies":"Gremlin Nob","floor":8,"turns":4},{"damage":25,"enemies":"3 Sentries","floor":12,"turns":6},{"damage":0,"enemies":"2 Louse","floor":13,"turns":3},{"damage":3,"enemies":"Red Slaver","floor":14,"turns":4},{"damage":17,"enemies":"Slime Boss","floor":16,"turns":9},{"damage":4,"enemies":"Chosen","floor":18,"turns":6},{"damage":13,"enemies":"Spheric Guardian","floor":19,"turns":7},{"damage":48,"enemies":"Centurion and Healer","floor":20,"turns":10},{"damage":43,"enemies":"Gremlin Leader","floor":23,"turns":6}],"seed_played":"565072795437433290","potions_obtained":[{"floor":8,"key":"FairyPotion"},{"floor":12,"key":"Block Potion"},{"floor":16,"key":"AttackPotion"},{"floor":20,"key":"Strength Potion"}],"is_trial":false,"path_per_floor":["M","?","?","?","?","E","M","E","T","$","R","E","M","M","R","B",null,"M","M","M","?","$","E"],"character_chosen":"DEFECT","items_purchased":["Shuriken","Core Surge"],"campfire_rested":1,"item_purchase_floors":[10,22],"current_hp_per_floor":[68,61,50,75,75,75,75,42,42,42,64,41,43,42,42,27,63,61,50,4,4,19,4,4],"gold":91,"neow_bonus":"THREE_ENEMY_KILL","is_daily":false,"chose_seed":false,"campfire_upgraded":1,"win_rate":0.0,"timestamp":1613519597,"path_taken":["M","?","?","?","?","E","M","E","T","$","R","E","M","?","R","BOSS","M","M","?","?","$","E"],"items_purchased_type":["Relic","Card"],"build_version":"2020-12-13","purchased_purges":0,"victory":false,"max_hp_per_floor":[75,75,75,75,75,75,75,75,75,75,75,75,75,75,75,75,75,75,75,75,75,75,75,75],"card_choices":[{"not_picked":["Sweeping Beam","Beam Cell"],"picked":"Ball Lightning","floor":1},{"not_picked":["Hello World","Reinforced Body"],"picked":"Skim","floor":6},{"not_picked":["Stack","Double Energy"],"picked":"Sweeping Beam","floor":7},{"not_picked":["Rip and Tear","FTL"],"picked":"Lockon","floor":8},{"not_picked":["Fusion","Hologram"],"picked":"Lockon","floor":12},{"not_picked":["White Noise","Redo"],"picked":"Auto Shields","floor":13},{"not_picked":["Rebound","Auto Shields"],"picked":"Cold Snap","floor":14},{"not_picked":["All For One","Creative AI"],"picked":"Buffer","floor":16},{"not_picked":["Beam Cell","Leap"],"picked":"Compile Driver+1","floor":18},{"not_picked":["Barrage","Hologram"],"picked":"Loop","floor":19},{"not_picked":["Genetic Algorithm","Sweeping Beam"],"picked":"Coolheaded","floor":20}],"player_experience":252819,"relics_obtained":[{"floor":6,"key":"Singing Bowl"},{"floor":8,"key":"Blood Vial"},{"floor":9,"key":"TungstenRod"},{"floor":12,"key":"MealTicket"}],"event_choices":[{"cards_removed":["Strike_B"],"damage_healed":0,"gold_gain":0,"player_choice":"Card Removal","damage_taken":7,"max_hp_gain":0,"max_hp_loss":0,"event_name":"Golden Wing","floor":2,"gold_loss":0},{"damage_healed":0,"gold_gain":75,"player_choice":"Gather Gold","damage_taken":11,"max_hp_gain":0,"max_hp_loss":0,"event_name":"World of Goop","floor":3,"gold_loss":0},{"damage_healed":25,"gold_gain":0,"player_choice":"Banana","damage_taken":0,"max_hp_gain":0,"max_hp_loss":0,"event_name":"Big Fish","floor":4,"gold_loss":0},{"damage_healed":0,"gold_gain":0,"player_choice":"Trade","damage_taken":0,"relics_obtained":["CultistMask"],"max_hp_gain":0,"max_hp_loss":0,"event_name":"FaceTrader","floor":5,"gold_loss":0},{"damage_healed":0,"gold_gain":0,"player_choice":"Cursed","damage_taken":0,"max_hp_gain":0,"max_hp_loss":0,"event_name":"Wheel of Change","floor":21,"gold_loss":0,"cards_obtained":["Decay"]}],"is_beta":false,"boss_relics":[{"not_picked":["Tiny House","Velvet Choker"],"picked":"FrozenCore"}],"items_purged_floors":[],"is_endless":false,"potions_floor_spawned":[8,12,13,16,20],"killed_by":"Gremlin Leader","ascension_level":11}}