{"host":"baymyijz6sxaqj5s","time":1613462151,"event":{"mods":["AchievementEnabler","BaseMod","Colored Map","Colored Powertips","DeckTracker","Highlight Path","KOR Keyword Fix","Keyboard Shortcuts","Minty Spire (QoL Compilation)","StSLib","SuperFastMode","everything is the same but u backflip on backflip"],"gold_per_floor":[113,113,130,150,150,150,100,100,124,124,46,60,60,79,79,177,177,196,121,121,136,186,186,60,60,60,70,70,85,101,16,16,120,170,182,202,202,215,228,228,228,238,238,238,13,13,23,23,23],"floor_reached":48,"language":"KOR","playtime":1536,"items_purged":["Strike_R","Strike_R"],"score":535,"play_id":"83168176-4933-4396-a15a-e5972b35a675","local_time":"20210216165551","is_ascension_mode":true,"campfire_choices":[{"data":"Body Slam","floor":6,"key":"SMITH"},{"data":"Heavy Blade","floor":15,"key":"SMITH"},{"data":"Armaments","floor":23,"key":"SMITH"},{"data":"Spot Weakness","floor":25,"key":"SMITH"},{"floor":28,"key":"REST"},{"floor":32,"key":"REST"},{"floor":40,"key":"REST"},{"data":"Seeing Red","floor":44,"key":"SMITH"}],"circlet_count":0,"master_deck":["Strike_R","Defend_R","Defend_R","Defend_R","Defend_R","Bash","Body Slam+1","Armaments+1","Sword Boomerang","Heavy Blade+1","Spot Weakness+1","Shrug It Off","Seeing Red+1","Ghostly Armor+1","Whirlwind+1","Reaper+1","Shrug It Off+1","Parasite","Battle Trance+1","Barricade","Dark Shackles","Jack Of All Trades"],"relics":["Burning Blood","Meat on the Bone","Regal Pillow","Art of War","SlaversCollar","Lizard Tail","Tiny Chest","Tiny House","CaptainsWheel"],"acts_visited":["Exordium","TheCity","TheBeyond"],"potions_floor_usage":[16,16,18,30,33,36,38,48,48,48],"damage_taken":[{"damage":3,"enemies":"Small Slimes","floor":1,"turns":3},{"damage":1,"enemies":"Cultist","floor":3,"turns":4},{"damage":1,"enemies":"2 Louse","floor":4,"turns":4},{"damage":6,"enemies":"Large Slime","floor":12,"turns":8},{"damage":6,"enemies":"Blue Slaver","floor":14,"turns":4},{"damage":36,"enemies":"The Guardian","floor":16,"turns":10},{"damage":41,"enemies":"3 Byrds","floor":18,"turns":7},{"damage":2,"enemies":"Chosen","floor":21,"turns":3},{"damage":24,"enemies":"Snake Plant","floor":27,"turns":3},{"damage":12,"enemies":"Snecko","floor":29,"turns":5},{"damage":27,"enemies":"Cultist and Chosen","floor":30,"turns":8},{"damage":62,"enemies":"Automaton","floor":33,"turns":11},{"damage":80,"enemies":"3 Darklings","floor":35,"turns":7},{"damage":54,"enemies":"3 Shapes","floor":36,"turns":5},{"damage":82,"enemies":"Writhing Mass","floor":38,"turns":7},{"damage":36,"enemies":"3 Darklings","floor":39,"turns":6},{"damage":32,"enemies":"Sphere and 2 Shapes","floor":42,"turns":8},{"damage":46,"enemies":"4 Shapes","floor":47,"turns":5},{"damage":104,"enemies":"Transient","floor":48,"turns":5}],"seed_played":"-3375043947040858666","potions_obtained":[{"floor":3,"key":"ColorlessPotion"},{"floor":4,"key":"Weak Potion"},{"floor":14,"key":"DistilledChaos"},{"floor":21,"key":"ElixirPotion"},{"floor":29,"key":"Strength Potion"},{"floor":34,"key":"GamblersBrew"},{"floor":35,"key":"Fruit Juice"},{"floor":39,"key":"FearPotion"}],"is_trial":false,"path_per_floor":["M","?","M","M","T","R","?","?","T","?","$","M","$","M","R","B",null,"M","?","?","M","?","R","$","R","T","M","R","M","M","?","R","B",null,"M","M","?","M","M","R","?","M","T","R","$","?","M","M"],"character_chosen":"IRONCLAD","items_purchased":["Armaments","Sword Boomerang","Shrug It Off","Energy Potion","DuplicationPotion"],"campfire_rested":3,"item_purchase_floors":[11,11,24,45,45],"current_hp_per_floor":[88,80,85,88,88,88,88,93,93,81,81,81,81,81,81,63,93,58,58,58,62,62,62,62,62,62,56,93,87,66,66,93,49,98,54,50,50,47,56,101,101,75,75,75,75,75,58,0,0],"gold":23,"neow_bonus":"TEN_PERCENT_HP_BONUS","is_daily":false,"chose_seed":false,"campfire_upgraded":5,"win_rate":0.0,"timestamp":1613462151,"path_taken":["M","?","M","?","?","R","?","?","T","?","$","M","?","M","R","BOSS","M","?","?","?","?","R","?","R","T","M","R","M","M","?","R","BOSS","M","M","?","M","M","R","?","M","T","R","$","?","M","M"],"items_purchased_type":["Card","Card","Card","Potion","Potion"],"build_version":"2020-12-22","purchased_purges":2,"victory":false,"max_hp_per_floor":[88,88,88,88,88,88,88,93,93,93,93,93,93,93,93,93,93,93,93,93,93,93,93,93,93,93,93,93,93,93,93,93,93,98,98,103,103,103,103,103,103,103,103,103,103,103,103,103,103],"card_choices":[{"not_picked":["Carnage","Perfected Strike"],"picked":"Body Slam","floor":1},{"not_picked":["True Grit","Perfected Strike","Body Slam"],"picked":"SKIP","floor":3},{"not_picked":["Flex","Second Wind","Pommel Strike"],"picked":"SKIP","floor":4},{"not_picked":["Entrench","True Grit"],"picked":"Heavy Blade","floor":12},{"not_picked":["Ghostly Armor","Body Slam"],"picked":"Spot Weakness","floor":14},{"not_picked":["Rampage","Feel No Pain","Cleave"],"picked":"SKIP","floor":18},{"not_picked":["Perfected Strike","Havoc","Cleave"],"picked":"SKIP","floor":21},{"not_picked":["Clothesline","Iron Wave+1"],"picked":"Seeing Red","floor":27},{"not_picked":["Anger","Blood for Blood"],"picked":"Ghostly Armor+1","floor":29},{"not_picked":["Immolate","Ghostly Armor"],"picked":"Whirlwind+1","floor":30},{"not_picked":["Feed","Exhume"],"picked":"Reaper","floor":33},{"not_picked":["Headbutt","Pommel Strike+1","True Grit+1"],"picked":"SKIP","floor":35},{"not_picked":["Rage","Headbutt"],"picked":"Shrug It Off+1","floor":36},{"not_picked":["Body Slam+1","Clash+1"],"picked":"Battle Trance+1","floor":38},{"not_picked":["Seeing Red+1","Warcry"],"picked":"Barricade","floor":39},{"not_picked":["Thinking Ahead","Metamorphosis"],"picked":"Dark Shackles","floor":41},{"not_picked":["Heavy Blade+1","Dual Wield+1","Cleave+1"],"picked":"SKIP","floor":42},{"not_picked":["Warcry","Havoc","Power Through"],"picked":"SKIP","floor":47}],"player_experience":92491,"relics_obtained":[{"floor":5,"key":"Meat on the Bone"},{"floor":9,"key":"Regal Pillow"},{"floor":26,"key":"Lizard Tail"},{"floor":43,"key":"CaptainsWheel"}],"event_choices":[{"damage_healed":0,"gold_gain":0,"player_choice":"Damaged","damage_taken":8,"max_hp_gain":0,"max_hp_loss":0,"event_name":"Wheel of Change","floor":2,"gold_loss":0},{"cards_removed":["Strike_R"],"damage_healed":0,"gold_gain":0,"player_choice":"Card Removal","damage_taken":0,"max_hp_gain":0,"max_hp_loss":0,"event_name":"The Cleric","floor":7,"gold_loss":50},{"damage_healed":0,"gold_gain":0,"player_choice":"Donut","damage_taken":0,"max_hp_gain":5,"max_hp_loss":0,"event_name":"Big Fish","floor":8,"gold_loss":0},{"damage_healed":0,"gold_gain":0,"player_choice":"Success","damage_taken":12,"relics_obtained":["Art of War"],"max_hp_gain":0,"max_hp_loss":0,"event_name":"Scrap Ooze","floor":10,"gold_loss":0},{"cards_removed":["Strike_R"],"damage_healed":0,"gold_gain":0,"player_choice":"Gave Gold","damage_taken":0,"max_hp_gain":0,"max_hp_loss":0,"event_name":"Beggar","floor":19,"gold_loss":75},{"damage_healed":0,"gold_gain":0,"player_choice":"Ignored","damage_taken":0,"max_hp_gain":0,"max_hp_loss":0,"event_name":"The Mausoleum","floor":20,"gold_loss":0},{"damage_healed":0,"gold_gain":100,"player_choice":"Bet on Murderer","damage_taken":0,"max_hp_gain":0,"max_hp_loss":0,"event_name":"The Joust","floor":22,"gold_loss":50},{"damage_healed":0,"gold_gain":0,"player_choice":"Obtained Relic","damage_taken":0,"relics_obtained":["Tiny Chest"],"max_hp_gain":0,"max_hp_loss":0,"event_name":"Addict","floor":31,"gold_loss":85},{"damage_healed":0,"gold_gain":0,"player_choice":"Ignored","damage_taken":0,"max_hp_gain":0,"max_hp_loss":0,"event_name":"The Moai Head","floor":37,"gold_loss":0},{"damage_healed":0,"gold_gain":0,"player_choice":"Memory 1","damage_taken":0,"max_hp_gain":0,"max_hp_loss":0,"event_name":"SensoryStone","floor":41,"gold_loss":0},{"damage_healed":0,"gold_gain":0,"player_choice":"1 cards matched","damage_taken":0,"max_hp_gain":0,"max_hp_loss":0,"event_name":"Match and Keep!","floor":46,"gold_loss":0,"cards_obtained":["Jack Of All Trades"]}],"is_beta":false,"boss_relics":[{"not_picked":["Snecko Eye","Runic Dome"],"picked":"SlaversCollar"},{"not_picked":["Calling Bell","Black Star"],"picked":"Tiny House"}],"items_purged_floors":[24,45],"is_endless":false,"potions_floor_spawned":[3,4,14,21,29,35,39],"killed_by":"Transient","ascension_level":3}}