{"host":"bnbc66jny2i0hx0x","time":1613460147,"event":{"mods":["AchievementEnabler","BaseMod","Minty Spire (QoL Compilation)","Relic Sorter","StSLib"],"gold_per_floor":[109,123,173,184,197,231,231,261,314,334,344,344,355,389,389,461,461,479,479,479,178,197,226,226,258,258,277,309,319,347,362,362,433,433,448,448,348,348,93,122,122,156,156,156,168,195,220,234,234,234,234,234,82,109,109],"floor_reached":56,"language":"ENG","playtime":3027,"items_purged":["Writhe","Perfected Strike"],"score":2136,"play_id":"e6acf282-eca2-4c97-b34e-4cad1272d9f0","local_time":"20210215232227","is_ascension_mode":true,"campfire_choices":[{"data":"Feed","floor":7,"key":"SMITH"},{"data":"Dual Wield","floor":12,"key":"SMITH"},{"floor":15,"key":"REST"},{"data":"Limit Break","floor":24,"key":"SMITH"},{"data":"Inflame","floor":32,"key":"SMITH"},{"floor":41,"key":"RECALL"},{"data":"Feel No Pain","floor":44,"key":"SMITH"},{"data":"Offering","floor":49,"key":"SMITH"},{"data":"Corruption","floor":52,"key":"SMITH"}],"circlet_count":0,"master_deck":["AscendersBane","Bash","Anger","Shockwave","Flex","Feed+1","Whirlwind","Dual Wield+1","Flame Barrier","Inflame+1","Reaper","Ghostly Armor+1","Reaper","Spot Weakness","Limit Break+1","Disarm","Disarm","Corruption","Reaper","Corruption+1","Second Wind","Heavy Blade","Feel No Pain+1","Spot Weakness","Pummel","Sever Soul","Battle Trance","Inflame","Offering+1"],"relics":["Burning Blood","Gambling Chip","Question Card","Regal Pillow","Ancient Tea Set","Sozu","Mummified Hand","Bag of Preparation","Centennial Puzzle","MealTicket","Eternal Feather","Self Forming Clay","Bronze Scales","Pandora\u0027s Box","Pantograph","Matryoshka","Letter Opener","Happy Flower","Red Skull","Mango","PrismaticShard","Boot"],"acts_visited":["Exordium","TheCity","TheBeyond","TheEnding"],"potions_floor_usage":[8,14,55],"damage_taken":[{"damage":2,"enemies":"Jaw Worm","floor":1,"turns":3},{"damage":6,"enemies":"Cultist","floor":2,"turns":4},{"damage":10,"enemies":"Small Slimes","floor":4,"turns":3},{"damage":7,"enemies":"2 Fungi Beasts","floor":5,"turns":4},{"damage":24,"enemies":"Gremlin Nob","floor":6,"turns":4},{"damage":19,"enemies":"Lagavulin","floor":8,"turns":7},{"damage":1,"enemies":"3 Louse","floor":10,"turns":4},{"damage":16,"enemies":"Blue Slaver","floor":11,"turns":4},{"damage":0,"enemies":"Large Slime","floor":13,"turns":5},{"damage":33,"enemies":"3 Sentries","floor":14,"turns":8},{"damage":15,"enemies":"Slime Boss","floor":16,"turns":10},{"damage":7,"enemies":"Chosen","floor":18,"turns":4},{"damage":25,"enemies":"Spheric Guardian","floor":22,"turns":4},{"damage":60,"enemies":"Slavers","floor":23,"turns":6},{"damage":5,"enemies":"Book of Stabbing","floor":25,"turns":3},{"damage":35,"enemies":"Snecko","floor":27,"turns":5},{"damage":7,"enemies":"Gremlin Leader","floor":28,"turns":6},{"damage":6,"enemies":"Snake Plant","floor":29,"turns":4},{"damage":9,"enemies":"Book of Stabbing","floor":30,"turns":6},{"damage":16,"enemies":"3 Cultists","floor":31,"turns":4},{"damage":28,"enemies":"Champ","floor":33,"turns":10},{"damage":16,"enemies":"3 Darklings","floor":35,"turns":5},{"damage":32,"enemies":"Reptomancer","floor":40,"turns":4},{"damage":51,"enemies":"Nemesis","floor":42,"turns":5},{"damage":40,"enemies":"Orb Walker","floor":45,"turns":7},{"damage":64,"enemies":"Giant Head","floor":46,"turns":8},{"damage":6,"enemies":"Mind Bloom Boss Battle","floor":47,"turns":2},{"damage":20,"enemies":"Maw","floor":48,"turns":4},{"damage":30,"enemies":"Donu and Deca","floor":50,"turns":4},{"damage":55,"enemies":"Shield and Spear","floor":54,"turns":5},{"damage":98,"enemies":"The Heart","floor":55,"turns":7}],"seed_played":"-138378019010462902","potions_obtained":[{"floor":1,"key":"PowerPotion"},{"floor":6,"key":"Swift Potion"},{"floor":11,"key":"Block Potion"},{"floor":14,"key":"DuplicationPotion"}],"is_trial":false,"path_per_floor":["M","M","?","M","M","E","R","E","T","M","M","R","M","E","R","B",null,"M","?","?","$","M","E","R","E","T","M","E","M","E","M","R","B",null,"M","?","$","?","$","E","R","E","T","R","M","E","?","M","R","B",null,"R","$","E","B",null],"character_chosen":"IRONCLAD","items_purchased":["Spot Weakness","Bag of Preparation","Pantograph","PrismaticShard"],"campfire_rested":1,"item_purchase_floors":[21,21,39,53],"current_hp_per_floor":[79,79,79,75,74,56,56,47,47,56,50,50,60,37,82,77,99,102,102,102,102,100,98,98,122,122,93,124,128,134,138,138,142,142,146,136,146,146,146,120,135,146,146,150,120,107,148,168,168,168,168,168,168,172,162],"gold":109,"neow_bonus":"TEN_PERCENT_HP_BONUS","is_daily":false,"chose_seed":false,"campfire_upgraded":7,"win_rate":0.0,"timestamp":1613460147,"path_taken":["M","M","?","M","M","E","R","E","T","M","?","R","M","E","R","BOSS","M","?","?","$","M","E","R","E","T","?","E","M","E","M","R","BOSS","M","?","$","?","$","E","R","E","T","R","M","E","?","M","R","BOSS","R","$","E","BOSS"],"items_purchased_type":["Card","Relic","Relic","Relic"],"build_version":"2020-12-22","purchased_purges":2,"victory":true,"max_hp_per_floor":[82,82,82,82,82,82,82,86,86,90,94,94,98,102,102,106,106,110,110,110,110,114,118,118,122,122,122,126,130,134,138,138,142,142,146,146,146,146,146,146,146,150,150,150,154,154,168,168,168,168,168,168,168,172,172],"card_choices":[{"not_picked":["Disarm","Body Slam"],"picked":"Anger","floor":1},{"not_picked":["True Grit","Iron Wave"],"picked":"Shockwave","floor":2},{"not_picked":["Clash","Warcry","Heavy Blade"],"picked":"SKIP","floor":4},{"not_picked":["Havoc","Shockwave"],"picked":"Flex","floor":5},{"not_picked":["Flex","Rampage"],"picked":"Feed","floor":6},{"not_picked":["Pommel Strike","Rupture"],"picked":"Whirlwind","floor":8},{"not_picked":["Evolve","Flex","Twin Strike"],"picked":"Dual Wield","floor":10},{"not_picked":["Perfected Strike","Sword Boomerang","Wild Strike"],"picked":"Flame Barrier","floor":11},{"not_picked":["Flex","Perfected Strike","Iron Wave","Carnage"],"picked":"SKIP","floor":13},{"not_picked":["Iron Wave","Twin Strike","Warcry"],"picked":"Inflame","floor":14},{"not_picked":["Impervious","Juggernaut","Demon Form"],"picked":"Reaper","floor":16},{"not_picked":["Body Slam","Cleave","Anger+1"],"picked":"Ghostly Armor+1","floor":18},{"not_picked":["Spot Weakness","Clash+1","Entrench+1","Evolve+1"],"picked":"SKIP","floor":22},{"not_picked":["Dual Wield+1","Wild Strike","Perfected Strike"],"picked":"Limit Break","floor":23},{"not_picked":["Searing Blow","Clash","Havoc","Second Wind"],"picked":"SKIP","floor":25},{"not_picked":["Blood for Blood","Fiend Fire","Headbutt"],"picked":"Disarm","floor":27},{"not_picked":["Combust","Iron Wave","Clothesline"],"picked":"Disarm","floor":28},{"not_picked":["Shrug It Off","Headbutt","Carnage","Warcry"],"picked":"SKIP","floor":29},{"not_picked":["Intimidate","Fiend Fire","Hemokinesis","Uppercut"],"picked":"SKIP","floor":30},{"not_picked":["True Grit","Seeing Red","Shrug It Off","Flame Barrier+1"],"picked":"SKIP","floor":31},{"not_picked":["Double Tap","Demon Form","Brutality"],"picked":"Corruption","floor":33},{"not_picked":["Rage+1","Thunderclap+1","Shrug It Off","Havoc"],"picked":"SKIP","floor":35},{"not_picked":["Pommel Strike","Armaments","Body Slam"],"picked":"Battle Trance","floor":40},{"not_picked":["Dual Wield","Clothesline","Perfected Strike"],"picked":"Inflame","floor":42},{"not_picked":["Sword Boomerang","Evolve","Heavy Blade","Havoc"],"picked":"SKIP","floor":45},{"not_picked":["Clothesline+1","Juggernaut","Iron Wave"],"picked":"Offering","floor":46},{"not_picked":["Heavy Blade+1","Clothesline","Clash","Bloodletting"],"picked":"SKIP","floor":48},{"not_picked":["Hello World","Thunderclap+1","SashWhip","FlurryOfBlows+1"],"picked":"SKIP","floor":54}],"player_experience":1268946,"relics_obtained":[{"floor":6,"key":"Gambling Chip"},{"floor":8,"key":"Question Card"},{"floor":9,"key":"Regal Pillow"},{"floor":14,"key":"Ancient Tea Set"},{"floor":23,"key":"Centennial Puzzle"},{"floor":25,"key":"MealTicket"},{"floor":26,"key":"Eternal Feather"},{"floor":28,"key":"Self Forming Clay"},{"floor":30,"key":"Bronze Scales"},{"floor":40,"key":"Matryoshka"},{"floor":42,"key":"Letter Opener"},{"floor":43,"key":"Happy Flower"},{"floor":46,"key":"Red Skull"},{"floor":47,"key":"Mango"},{"floor":54,"key":"Boot"}],"event_choices":[{"damage_healed":0,"gold_gain":50,"player_choice":"Pray","damage_taken":0,"max_hp_gain":0,"max_hp_loss":0,"event_name":"Golden Shrine","floor":3,"gold_loss":0},{"damage_healed":0,"gold_gain":0,"player_choice":"Opened","damage_taken":0,"relics_obtained":["Mummified Hand"],"max_hp_gain":0,"max_hp_loss":0,"event_name":"The Mausoleum","floor":19,"gold_loss":0,"cards_obtained":["Writhe"]},{"damage_healed":0,"gold_gain":0,"player_choice":"Copied","damage_taken":0,"max_hp_gain":0,"max_hp_loss":0,"event_name":"Duplicator","floor":20,"gold_loss":0,"cards_obtained":["Reaper"]},{"damage_healed":0,"gold_gain":0,"player_choice":"Memory 3","damage_taken":10,"max_hp_gain":0,"max_hp_loss":0,"event_name":"SensoryStone","floor":36,"gold_loss":0},{"damage_healed":0,"gold_gain":0,"player_choice":"Ignored","damage_taken":0,"max_hp_gain":0,"max_hp_loss":0,"event_name":"Tomb of Lord Red Mask","floor":38,"gold_loss":0},{"damage_healed":0,"gold_gain":0,"player_choice":"Fight","damage_taken":0,"max_hp_gain":0,"max_hp_loss":0,"event_name":"MindBloom","floor":47,"gold_loss":0}],"is_beta":false,"boss_relics":[{"not_picked":["Busted Crown","Mark of Pain"],"picked":"Sozu"},{"not_picked":["SacredBark","Fusion Hammer"],"picked":"Pandora\u0027s Box"}],"items_purged_floors":[21,37],"is_endless":false,"potions_floor_spawned":[1,6,11,14,16,18,25,29,30,33,42,46,47,48],"ascension_level":15}}