{"host":"9jkzatiwan7o33sr","time":1613504087,"event":{"mods":["AchievementEnabler","Act Like it!","Aspiration","BaseMod","Colored Map","Colored Powertips","Conspire","Downfall","GifTheSpireLib","Hallownest","Hermit","Hubris","Infinite Spire","Jorbs\u0027s Wanderer Trilogy","Mad Scientist","Mimic Mod","Minty Spire (QoL Compilation)","Permanent Neow","Shade Mod","StSLib","Stuff the Spire","Td1madao Mod","The Bladedancer","The Bug Knight","The Cursed","The Forsaken","The Hierophant","The Jungle","The Mystic","The Necromancer","The Poker Player","The Servant 0.9.4","The Witch","[IsaacMod]????"],"gold_per_floor":[117,117,117,117,137,173,173,100,123,123,147,167,167,15,15,135,135,149,149,76,99,99,99],"floor_reached":22,"language":"ENG","playtime":1476,"items_purged":[],"score":209,"play_id":"89a43599-0898-4df9-9dd1-9b37ce258086","local_time":"20210216203447","is_ascension_mode":true,"campfire_choices":[{"data":"Vigilance","floor":7,"key":"SMITH"},{"floor":10,"key":"REST"},{"floor":15,"key":"REST"}],"circlet_count":0,"master_deck":["Strike_P","Strike_P","Strike_P","Strike_P","Defend_P","Defend_P","Defend_P","Defend_P","Eruption","Vigilance+1","JustLucky","EmptyFist","Evaluate","FlurryOfBlows","ClearTheMind","LikeWater","CutThroughFate","EmptyFist","EmptyFist","InnerPeace","Adaptation","Brilliance","Crescendo+1","Consecrate","DeceiveReality","Consecrate","FlurryOfBlows"],"relics":["PureWater","HushsDoor","Chaos","hubris:Spice","hubris:Towel","Golden Idol","StuffTheSpire:Kangaroo","Prayer Wheel","StuffTheSpire:MayFlowers","hubris:64BitClover"],"acts_visited":["Exordium","TheCity"],"potions_floor_usage":[],"damage_taken":[{"damage":0,"enemies":"Jaw Worm","floor":1,"turns":3},{"damage":1,"enemies":"Small Slimes","floor":5,"turns":5},{"damage":27,"enemies":"Gremlin Nob","floor":6,"turns":4},{"damage":0,"enemies":"2 Louse","floor":11,"turns":2},{"damage":5,"enemies":"Lots of Slimes","floor":12,"turns":4},{"damage":46,"enemies":"Slime Boss","floor":16,"turns":12},{"damage":13,"enemies":"3 Byrds","floor":18,"turns":7},{"damage":19,"enemies":"Cultist and Chosen","floor":21,"turns":5},{"damage":0,"enemies":"Centurion and Healer","floor":22,"turns":3}],"seed_played":"-5749262145462352491","potions_obtained":[{"floor":1,"key":"bronze:BurnAndBuffPotion"},{"floor":6,"key":"Energy Potion"},{"floor":21,"key":"BlessingOfTheForge"}],"is_trial":false,"path_per_floor":["M","?","?","?","M","E","R","$","T","R","M","M","?","$","R","B",null,"M","?","$","M","M"],"character_chosen":"WATCHER","items_purchased":["FlurryOfBlows","ClearTheMind","InnerPeace","Adaptation","DeceiveReality"],"campfire_rested":2,"item_purchase_floors":[8,8,14,14,20],"current_hp_per_floor":[80,80,60,60,59,32,32,32,32,56,56,51,51,51,75,38,80,75,75,75,56,56,56],"gold":99,"neow_bonus":"RANDOM_COMMON_RELIC","is_daily":false,"chose_seed":false,"campfire_upgraded":1,"win_rate":0.0,"timestamp":1613504087,"path_taken":["M","?","?","?","M","E","R","$","T","R","?","M","?","$","R","BOSS","M","?","$","M","M"],"items_purchased_type":["Card","Card","Card","Card","Card"],"build_version":"2020-12-22","purchased_purges":0,"victory":false,"max_hp_per_floor":[80,80,80,80,80,80,80,80,80,80,80,80,80,80,80,80,80,80,80,80,80,80,80],"card_choices":[{"not_picked":["ForeignInfluence","Scrawl"],"picked":"JustLucky","floor":1},{"not_picked":["FlyingSleeves","FlurryOfBlows"],"picked":"EmptyFist","floor":5},{"not_picked":["Blasphemy","FlurryOfBlows"],"picked":"Evaluate","floor":6},{"not_picked":["Evaluate","Vengeance"],"picked":"LikeWater","floor":11},{"not_picked":["Halt","Collect"],"picked":"CutThroughFate","floor":11},{"not_picked":["Fasting2","ClearTheMind"],"picked":"EmptyFist","floor":12},{"not_picked":["Alpha","BowlingBash"],"picked":"EmptyFist","floor":12},{"not_picked":["ConjureBlade","Omniscience"],"picked":"Brilliance","floor":16},{"not_picked":["CarveReality","Protect"],"picked":"Crescendo+1","floor":18},{"not_picked":["Evaluate","Wireheading"],"picked":"Consecrate","floor":18},{"not_picked":["SandsOfTime","Wallop"],"picked":"Consecrate","floor":21},{"not_picked":["Protect","ThirdEye"],"picked":"FlurryOfBlows","floor":21}],"player_experience":654363,"relics_obtained":[{"floor":6,"key":"StuffTheSpire:Kangaroo"},{"floor":9,"key":"Prayer Wheel"},{"floor":13,"key":"StuffTheSpire:MayFlowers"}],"event_choices":[{"damage_healed":0,"gold_gain":0,"player_choice":"Take Damage","damage_taken":20,"relics_obtained":["Golden Idol"],"max_hp_gain":0,"max_hp_loss":0,"event_name":"Golden Idol","floor":3,"gold_loss":0}],"is_beta":false,"boss_relics":[{"not_picked":["infinitespire:Bottled Soul","Medical Kit"],"picked":"hubris:64BitClover"},{"not_picked":[]}],"items_purged_floors":[],"is_endless":false,"potions_floor_spawned":[1,6,21],"killed_by":"Centurion and Healer","ascension_level":3}}