{"host":"idjwbq71yrpkph1r","time":1613435106,"event":{"mods":["AchievementEnabler","Alarm Clock","BaseMod","Block Reminder","Colored Map","Curses Come First","Displayed Cursed Tome","Hermit","Highlight Path","Minty Spire (QoL Compilation)","Rare Cards Sparkle","Relic Stats","StSLib","everything is the same but u backflip on backflip","slay the spire mod where everything is the same but ironclad has a cowboy hat"],"gold_per_floor":[109,109,127,143,68,94,109,109,109,9,9,36,53,53,53,53,53],"floor_reached":16,"language":"ENG","playtime":520,"items_purged":["Strike_B","Defend_B"],"score":132,"play_id":"8b0f76f0-1b9d-4d12-95a7-2a05a05de583","local_time":"20210216012506","is_ascension_mode":true,"campfire_choices":[{"floor":8,"key":"REST"},{"floor":15,"key":"REST"}],"circlet_count":0,"master_deck":["Strike_B","Defend_B","Defend_B","Zap+1","Dualcast","Chaos","Chill"],"relics":["Cracked Core","Omamori","Blood Vial","Gremlin Horn"],"acts_visited":["Exordium"],"potions_floor_usage":[6,16],"damage_taken":[{"damage":0,"enemies":"Small Slimes","floor":1,"turns":3},{"damage":1,"enemies":"Cultist","floor":3,"turns":3},{"damage":1,"enemies":"2 Louse","floor":4,"turns":3},{"damage":25,"enemies":"Lagavulin","floor":6,"turns":6},{"damage":11,"enemies":"Large Slime","floor":7,"turns":6},{"damage":28,"enemies":"3 Sentries","floor":12,"turns":7},{"damage":4,"enemies":"Looter","floor":13,"turns":4},{"damage":40,"enemies":"The Guardian","floor":16,"turns":7}],"seed_played":"873721746350172450","potions_obtained":[{"floor":1,"key":"SteroidPotion"},{"floor":3,"key":"Fire Potion"},{"floor":12,"key":"PowerPotion"}],"is_trial":false,"path_per_floor":["M","?","M","M","$","E","M","R","T","$","?","E","M","?","R","B"],"character_chosen":"DEFECT","items_purchased":[],"campfire_rested":2,"item_purchase_floors":[],"current_hp_per_floor":[68,68,67,66,66,41,30,50,50,50,43,17,15,15,35,0,0],"gold":53,"neow_bonus":"REMOVE_TWO","is_daily":false,"chose_seed":false,"campfire_upgraded":0,"win_rate":0.0,"timestamp":1613435106,"path_taken":["M","?","M","M","$","E","M","R","T","?","?","E","M","?","R","BOSS"],"items_purchased_type":[],"build_version":"2020-12-22","purchased_purges":2,"victory":false,"max_hp_per_floor":[68,68,68,68,68,68,68,68,68,68,68,68,68,68,68,68,68],"relic_stats":{"Blood Vial":6,"Gremlin Horn":[0,0],"counters":[8,39],"obtain_stats":[{"Blood Vial":9,"Gremlin Horn":12,"Omamori":6,"Cracked Core":0},{"Blood Vial":5,"Gremlin Horn":6,"Omamori":4,"Cracked Core":0},{"Blood Vial":21,"Gremlin Horn":28,"Omamori":15,"Cracked Core":0}]},"card_choices":[{"not_picked":["White Noise","Stack","Steam Power"],"picked":"SKIP","floor":1},{"not_picked":["Compile Driver","Leap","Redo"],"picked":"SKIP","floor":3},{"not_picked":["Leap","Ball Lightning","Rebound"],"picked":"SKIP","floor":4},{"not_picked":["Beam Cell","Hyperbeam","Conserve Battery"],"picked":"SKIP","floor":6},{"not_picked":["Auto Shields","Storm"],"picked":"Chaos","floor":7},{"not_picked":["Aggregate","Ball Lightning"],"picked":"Chill","floor":12},{"not_picked":["Glacier","Barrage","Ball Lightning"],"picked":"SKIP","floor":13}],"player_experience":365795,"relics_obtained":[{"floor":6,"key":"Omamori"},{"floor":9,"key":"Blood Vial"},{"floor":12,"key":"Gremlin Horn"}],"event_choices":[{"damage_healed":0,"gold_gain":0,"player_choice":"Upgraded","damage_taken":0,"max_hp_gain":0,"max_hp_loss":0,"event_name":"Upgrade Shrine","floor":2,"gold_loss":0,"cards_upgraded":["Zap"]},{"cards_removed":["Strike_B"],"damage_healed":0,"gold_gain":0,"player_choice":"Card Removal","damage_taken":7,"max_hp_gain":0,"max_hp_loss":0,"event_name":"Golden Wing","floor":11,"gold_loss":0},{"damage_healed":0,"gold_gain":0,"player_choice":"Ignored","damage_taken":0,"max_hp_gain":0,"max_hp_loss":0,"event_name":"Liars Game","floor":14,"gold_loss":0}],"is_beta":false,"boss_relics":[],"items_purged_floors":[5,10],"is_endless":false,"potions_floor_spawned":[1,3,12],"killed_by":"The Guardian","ascension_level":4}}