{"host":"e4udrxcgdvpx3wcj","time":1613505602,"event":{"mods":["Act Like it!","Aspiration","Astrologer","BaseMod","Gensokyo","Highlight Path","Infinite Spire","Koishi","Marisa????????","Minty Spire (QoL Compilation)","Replay The Spire","StSLib","SuperFastMode","The Bug Knight","The Construct","The Jungle","The Runesmith","The Servant 0.9.4","TheBandit"],"gold_per_floor":[116,143,218,106,106,106,136,147,147,181,181,181,211,238,238,344,344,399,433,455,478,482,482,482],"floor_reached":22,"language":"ENG","playtime":1187,"items_purged":[],"score":403,"play_id":"fd1904e8-f6f4-4e90-9482-73a228328c24","local_time":"20210216150002","is_ascension_mode":true,"campfire_choices":[{"data":"wariomod:RacingSpeed","floor":6,"key":"SMITH"},{"data":"wariomod:KeyFinisher","floor":12,"key":"SMITH"},{"data":"wariomod:RacingSpeed","floor":15,"key":"SMITH"}],"circlet_count":0,"master_deck":["AscendersBane","wariomod:Strike","wariomod:Strike","wariomod:Strike","wariomod:Strike","wariomod:Defend","wariomod:Defend","wariomod:Defend","wariomod:Defend","wariomod:Step","wariomod:Leap","wariomod:RacingSpeed+1","wariomod:RacingSpeed+1","wariomod:SmallSprint","wariomod:SmallSprint","wariomod:KeyFinisher+1","wariomod:SimpleShield+1","wariomod:WipeClean+1","wariomod:BodyBlock+1","wariomod:SpacialMastery+1","wariomod:BlastDash","wariomod:Immortalize+1","wariomod:Smackflip","wariomod:BigUpgrade+1"],"relics":["wariomod:TheHat","NeowsBlessing","Regal Pillow","Toxic Egg 2","Replay:Multitool","ReplayTheSpireMod:Ninjato","aspiration:DSix","Pen Nib","Replay:Bandana","Black Star"],"acts_visited":["Exordium","theJungle:Jungle"],"potions_floor_usage":[10,20,21],"damage_taken":[{"damage":0,"enemies":"Cultist","floor":1,"turns":1},{"damage":0,"enemies":"3 Sentries","floor":7,"turns":2},{"damage":0,"enemies":"Small Slimes","floor":8,"turns":1},{"damage":25,"enemies":"Gremlin Nob","floor":10,"turns":6},{"damage":0,"enemies":"HollowMod:MossKnight","floor":13,"turns":8},{"damage":1,"enemies":"Hexaghost","floor":16,"turns":8},{"damage":29,"enemies":"theJungle:5_Spyders","floor":18,"turns":4},{"damage":24,"enemies":"theJungle:Flameango_and_Byrd","floor":19,"turns":3},{"damage":2,"enemies":"theJungle:2_Snecko_Cultists","floor":20,"turns":5},{"damage":5,"enemies":"theJungle:Lyon","floor":21,"turns":5},{"damage":10,"enemies":"theJungle:2_Flameangoes","floor":22,"turns":2}],"seed_played":"-5011212602550563358","potions_obtained":[{"floor":7,"key":"Adrenaline Potion"},{"floor":10,"key":"Energy Potion"},{"floor":13,"key":"SpeedPotion"},{"floor":16,"key":"Elixir"},{"floor":20,"key":"Energy Potion"},{"floor":21,"key":"Fire Potion"}],"is_trial":false,"path_per_floor":["M","T","?","$","?","R","E","M","T","E","?","R","E","T","R","B",null,"M","M","M","M","M"],"character_chosen":"THE_BANDIT","items_purchased":["wariomod:RacingSpeed","wariomod:SmallSprint"],"campfire_rested":0,"item_purchase_floors":[4,4],"current_hp_per_floor":[72,72,61,61,61,61,61,61,61,36,36,36,36,36,36,35,69,40,16,14,9,0,0,0],"gold":482,"neow_bonus":"THREE_ENEMY_KILL","is_daily":false,"chose_seed":false,"campfire_upgraded":3,"win_rate":0.0,"timestamp":1613505602,"path_taken":["M","?","?","$","?","R","E","M","T","E","?","R","E","?","R","BOSS","M","M","M","M","M"],"items_purchased_type":["Card","Card"],"build_version":"2020-12-22","purchased_purges":0,"victory":false,"max_hp_per_floor":[80,80,80,80,80,80,80,80,80,80,80,80,80,80,80,80,80,80,80,80,80,80,80,80],"card_choices":[{"not_picked":["wariomod:WhirlwindBurst","wariomod:SmackSlam"],"picked":"wariomod:RacingSpeed","floor":1},{"not_picked":["wariomod:DoubleDash","wariomod:TheGrandJourney+1"],"picked":"wariomod:KeyFinisher","floor":7},{"not_picked":["wariomod:Boomsmack","wariomod:AwfulLook"],"picked":"wariomod:SimpleShield+1","floor":8},{"not_picked":["wariomod:Boomsmack","wariomod:AbandonGame"],"picked":"wariomod:WipeClean+1","floor":10},{"not_picked":["wariomod:Boomsmack","wariomod:NullJump"],"picked":"wariomod:BodyBlock+1","floor":13},{"not_picked":["wariomod:BoomForm","wariomod:EnergizedBombs"],"picked":"wariomod:SpacialMastery+1","floor":16},{"not_picked":["wariomod:DisarmingMoves+1","wariomod:Bombshield+1"],"picked":"wariomod:BlastDash","floor":18},{"not_picked":["wariomod:Hopshield+1","wariomod:SpikeSlash+1"],"picked":"wariomod:Immortalize+1","floor":19},{"not_picked":["wariomod:SimpleShield+1","wariomod:Purify+1"],"picked":"wariomod:Smackflip","floor":20},{"not_picked":["wariomod:Smackflip","wariomod:Leapslam"],"picked":"wariomod:BigUpgrade+1","floor":21}],"player_experience":2404432,"relics_obtained":[{"floor":2,"key":"Regal Pillow"},{"floor":7,"key":"Replay:Multitool"},{"floor":9,"key":"ReplayTheSpireMod:Ninjato"},{"floor":10,"key":"aspiration:DSix"},{"floor":13,"key":"Pen Nib"},{"floor":14,"key":"Replay:Bandana"}],"event_choices":[{"damage_healed":0,"gold_gain":75,"player_choice":"Gather Gold","damage_taken":11,"max_hp_gain":0,"max_hp_loss":0,"event_name":"World of Goop","floor":3,"gold_loss":0},{"cards_removed":["Injury"],"damage_healed":0,"gold_gain":0,"player_choice":"Forget","damage_taken":0,"max_hp_gain":0,"max_hp_loss":0,"event_name":"Living Wall","floor":11,"gold_loss":0}],"is_beta":false,"boss_relics":[{"not_picked":["Busted Crown","Abe\u0027s Treasure"],"picked":"Black Star"}],"items_purged_floors":[],"is_endless":false,"potions_floor_spawned":[7,10,13,16,18,20,21],"killed_by":"theJungle:2_Flameangoes","ascension_level":12}}