{"host":"kig4ty9d1aubg29s","time":1613459272,"event":{"mods":["BaseMod","Minty Spire (QoL Compilation)","READ ME - Guardian Mod","READ ME - Snecko Mod","StSLib","The Cursed","The Gatherer","The Hierophant","The Runesmith"],"gold_per_floor":[112,187,152,170,190,29,29,29,29,54,54,83,100,126,126,197,197,212,222,222,240,240,267,267,299,299,324,335,335,362,27,27,103,103,119,119,1118,1136,1156,1156,1156,1187,1214,1214,1248,1248,1282,58,58,58],"floor_reached":51,"language":"KOR","playtime":2672,"items_purged":["Normality"],"score":1726,"play_id":"73daa7bb-4ea4-49a8-8953-e07f2233374f","local_time":"20210216160752","is_ascension_mode":true,"campfire_choices":[{"data":"Poisoned Stab","floor":8,"key":"SMITH"},{"data":"Poisoned Stab","floor":11,"key":"SMITH"},{"floor":15,"key":"REST"},{"floor":24,"key":"REST"},{"floor":29,"key":"REST"},{"data":"Deadly Poison","floor":32,"key":"SMITH"},{"data":"Neutralize","floor":40,"key":"SMITH"},{"data":"Bane","floor":44,"key":"SMITH"},{"floor":49,"key":"REST"}],"circlet_count":0,"master_deck":["AscendersBane","Strike_G","Strike_G","Strike_G","Strike_G","Strike_G","Defend_G","Defend_G","Defend_G","Defend_G","Defend_G","Survivor","Neutralize+1","Venomology+1","Poisoned Stab+1","Bane+1","Dagger Spray","Poisoned Stab+1","Adrenaline","Backflip","Deadly Poison+1","After Image+1","PiercingWail","Dagger Spray","Blade Dance","Leg Sweep+1","Escape Plan+1","Crippling Poison+1","Outmaneuver+1","Corpse Explosion+1","CurseOfTheBell","Terror+1","Normality","Backstab+1","Cloak And Dagger+1","Madness+1","Madness+1","Backflip+1","Outmaneuver+1","Expertise+1","HandOfGreed","Dramatic Entrance","Bane","Caltrops","Acrobatics+1","Distraction+1"],"relics":["Ring of the Snake","Bronze Scales","Ninja Scroll","Bird Faced Urn","Tingsha","Pocketwatch","SacredBark","Pen Nib","Toxic Egg 2","Incense Burner","Blue Candle","Mummified Hand","Bag of Preparation","Strange Spoon","Calling Bell","Potion Belt","HornCleat","Peace Pipe","Darkstone Periapt","Anchor","Shovel","Thread and Needle","Pear","ClockworkSouvenir","Orichalcum","Singing Bowl"],"acts_visited":["Exordium","TheCity","TheBeyond"],"potions_floor_usage":[5,10,10,12,13,14,16,16,16,18,19,21,21,21,23,23,23,25,27,27,30,30,33,39,42,45,47,50,50,50,50,50],"damage_taken":[{"damage":0,"enemies":"Small Slimes","floor":1,"turns":5},{"damage":0,"enemies":"2 Louse","floor":4,"turns":3},{"damage":1,"enemies":"Jaw Worm","floor":5,"turns":3},{"damage":7,"enemies":"Gremlin Nob","floor":10,"turns":3},{"damage":20,"enemies":"3 Sentries","floor":12,"turns":4},{"damage":2,"enemies":"Exordium Thugs","floor":13,"turns":3},{"damage":15,"enemies":"Gremlin Nob","floor":14,"turns":3},{"damage":0,"enemies":"Slime Boss","floor":16,"turns":5},{"damage":0,"enemies":"Chosen","floor":18,"turns":3},{"damage":10,"enemies":"2 Thieves","floor":19,"turns":3},{"damage":19,"enemies":"Snake Plant","floor":21,"turns":3},{"damage":5,"enemies":"Book of Stabbing","floor":23,"turns":3},{"damage":2,"enemies":"Gremlin Leader","floor":25,"turns":5},{"damage":10,"enemies":"Book of Stabbing","floor":27,"turns":2},{"damage":0,"enemies":"Snecko","floor":28,"turns":5},{"damage":0,"enemies":"Gremlin Leader","floor":30,"turns":3},{"damage":28,"enemies":"Automaton","floor":33,"turns":11},{"damage":2,"enemies":"Orb Walker","floor":35,"turns":3},{"damage":0,"enemies":"3 Shapes","floor":38,"turns":2},{"damage":2,"enemies":"Jaw Worm Horde","floor":39,"turns":3},{"damage":26,"enemies":"Reptomancer","floor":42,"turns":7},{"damage":36,"enemies":"Giant Head","floor":45,"turns":8},{"damage":16,"enemies":"Reptomancer","floor":47,"turns":6},{"damage":20,"enemies":"Time Eater","floor":50,"turns":8}],"seed_played":"1199133411284769429","potions_obtained":[{"floor":1,"key":"CunningPotion"},{"floor":10,"key":"Swift Potion"},{"floor":14,"key":"FearPotion"},{"floor":16,"key":"Ancient Potion"},{"floor":19,"key":"CunningPotion"},{"floor":20,"key":"EntropicBrew"},{"floor":23,"key":"CunningPotion"},{"floor":25,"key":"Strength Potion"},{"floor":38,"key":"Regen Potion"},{"floor":45,"key":"Weak Potion"},{"floor":47,"key":"SteroidPotion"}],"is_trial":false,"path_per_floor":["M","?","?","M","M","$","?","R","T","E","R","E","M","E","R","B",null,"M","M","?","M","?","E","R","E","T","E","M","R","E","$","R","B",null,"M","?","?","M","M","R","?","E","T","R","E","T","E","$","R","B",null],"character_chosen":"THE_SILENT","items_purchased":["Bronze Scales","Bag of Preparation","Strange Spoon","ClockworkSouvenir","Orichalcum","Singing Bowl","HandOfGreed","Dramatic Entrance","Bane","Caltrops","Acrobatics+1","Distraction+1"],"campfire_rested":4,"item_purchase_floors":[6,31,31,48,48,48,48,48,48,48,48,48],"current_hp_per_floor":[59,48,64,64,63,63,63,63,63,56,56,36,34,19,38,38,59,59,51,51,34,34,31,50,50,50,42,44,63,65,65,65,38,59,59,59,59,61,61,61,49,52,52,52,18,18,14,14,36,18],"gold":58,"neow_bonus":"ONE_RANDOM_RARE_CARD","is_daily":false,"chose_seed":false,"campfire_upgraded":5,"win_rate":0.0,"timestamp":1613459272,"path_taken":["M","?","?","M","?","?","?","R","T","E","R","E","?","E","R","BOSS","M","M","?","?","?","E","R","E","T","E","M","R","E","?","R","BOSS","M","?","?","M","M","R","?","E","T","R","E","?","E","$","R","BOSS"],"items_purchased_type":["Relic","Relic","Relic","Relic","Relic","Relic","Card","Card","Card","Card","Card","Card"],"build_version":"2020-12-22","purchased_purges":1,"victory":true,"max_hp_per_floor":[66,66,66,66,66,66,66,66,66,66,66,66,66,66,66,66,66,66,66,66,66,66,66,66,66,66,66,66,66,66,66,66,66,66,66,66,66,66,66,66,66,66,66,66,66,66,76,76,76,76],"card_choices":[{"not_picked":["Dagger Throw","Flying Knee"],"picked":"Poisoned Stab","floor":1},{"not_picked":["Deflect","Outmaneuver"],"picked":"Bane","floor":4},{"not_picked":["Tactician","Acrobatics"],"picked":"Dagger Spray","floor":5},{"not_picked":["Cloak And Dagger","Acrobatics"],"picked":"Poisoned Stab","floor":10},{"not_picked":["Acrobatics","Tactician"],"picked":"Adrenaline","floor":12},{"not_picked":["Expertise","Dodge and Roll"],"picked":"Backflip","floor":13},{"not_picked":["Riddle With Holes","Bane"],"picked":"Deadly Poison","floor":14},{"not_picked":["Malaise","Die Die Die"],"picked":"After Image","floor":16},{"not_picked":["Blade Dance","Quick Slash"],"picked":"PiercingWail","floor":18},{"not_picked":["Deflect","Backflip"],"picked":"Dagger Spray","floor":19},{"not_picked":["Acrobatics","Underhanded Strike"],"picked":"Blade Dance","floor":21},{"not_picked":["Dodge and Roll","Cloak And Dagger"],"picked":"All Out Attack","floor":23},{"not_picked":["Slice","Dagger Spray"],"picked":"Leg Sweep+1","floor":25},{"not_picked":["Backstab","Deadly Poison+1"],"picked":"Escape Plan+1","floor":27},{"not_picked":["PiercingWail+1","Heel Hook"],"picked":"Crippling Poison+1","floor":28},{"not_picked":["Storm of Steel+1","Endless Agony"],"picked":"Outmaneuver+1","floor":30},{"not_picked":["After Image","Burst+1"],"picked":"Corpse Explosion+1","floor":33},{"not_picked":["PiercingWail+1","Blade Dance+1"],"picked":"Terror+1","floor":35},{"not_picked":["Flying Knee","Blade Dance+1"],"picked":"Backstab+1","floor":38},{"not_picked":["Slice","Dodge and Roll+1"],"picked":"Cloak And Dagger+1","floor":39},{"not_picked":["Underhanded Strike","Poisoned Stab"],"picked":"Backflip+1","floor":42},{"not_picked":["Underhanded Strike","Dash"],"picked":"Outmaneuver+1","floor":45},{"not_picked":["Choke","All Out Attack"],"picked":"Expertise+1","floor":47}],"player_experience":1982624,"relics_obtained":[{"floor":9,"key":"Ninja Scroll"},{"floor":10,"key":"Bird Faced Urn"},{"floor":12,"key":"Tingsha"},{"floor":14,"key":"Pocketwatch"},{"floor":23,"key":"Pen Nib"},{"floor":25,"key":"Toxic Egg 2"},{"floor":26,"key":"Incense Burner"},{"floor":27,"key":"Blue Candle"},{"floor":30,"key":"Mummified Hand"},{"floor":34,"key":"Potion Belt"},{"floor":34,"key":"HornCleat"},{"floor":34,"key":"Peace Pipe"},{"floor":42,"key":"Darkstone Periapt"},{"floor":43,"key":"Anchor"},{"floor":45,"key":"Shovel"},{"floor":46,"key":"Thread and Needle"},{"floor":47,"key":"Pear"}],"event_choices":[{"damage_healed":0,"gold_gain":75,"player_choice":"Gather Gold","damage_taken":11,"max_hp_gain":0,"max_hp_loss":0,"event_name":"World of Goop","floor":2,"gold_loss":0},{"damage_healed":16,"gold_gain":0,"player_choice":"Healed","damage_taken":0,"max_hp_gain":0,"max_hp_loss":0,"event_name":"The Cleric","floor":3,"gold_loss":35},{"damage_healed":0,"gold_gain":0,"player_choice":"Upgraded","damage_taken":0,"max_hp_gain":0,"max_hp_loss":0,"event_name":"Upgrade Shrine","floor":7,"gold_loss":0,"cards_upgraded":["Venomology"]},{"damage_healed":0,"gold_gain":0,"player_choice":"Got Potions","damage_taken":0,"max_hp_gain":0,"max_hp_loss":0,"event_name":"Lab","floor":20,"gold_loss":0},{"damage_healed":0,"gold_gain":0,"player_choice":"Upgraded","damage_taken":0,"max_hp_gain":0,"max_hp_loss":0,"event_name":"Upgrade Shrine","floor":22,"gold_loss":0,"cards_upgraded":["After Image"]},{"cards_removed":["All Out Attack"],"damage_healed":0,"gold_gain":0,"player_choice":"Removed Attack","damage_taken":0,"max_hp_gain":0,"max_hp_loss":0,"event_name":"Falling","floor":36,"gold_loss":0},{"damage_healed":0,"gold_gain":999,"player_choice":"Gold","damage_taken":0,"max_hp_gain":0,"max_hp_loss":0,"event_name":"MindBloom","floor":37,"gold_loss":0,"cards_obtained":["Normality","Normality"]},{"damage_healed":0,"gold_gain":0,"player_choice":"Embrace Madness","damage_taken":12,"max_hp_gain":0,"max_hp_loss":0,"event_name":"Winding Halls","floor":41,"gold_loss":0,"cards_obtained":["Madness","Madness"]}],"is_beta":false,"boss_relics":[{"not_picked":["Tiny House","Busted Crown"],"picked":"SacredBark"},{"not_picked":["Philosopher\u0027s Stone","Cursed Key"],"picked":"Calling Bell"}],"items_purged_floors":[48],"is_endless":false,"potions_floor_spawned":[1,10,14,16,19,23,25,28,38,45,47],"ascension_level":17}}