{"host":"mnpd8gh7cwxsn5kh","time":1613500363,"event":{"mods":["BaseMod","Bestiary","Block Reminder","Colored Map","Colored Powertips","Highlight Path","Minty Spire (QoL Compilation)","Relic Sorter","Relic Stats"],"gold_per_floor":[117,128,139,154,154,186,186,186,186],"floor_reached":8,"language":"ENG","playtime":884,"items_purged":[],"score":110,"play_id":"e6b9d434-7300-4621-9952-3056a193e4c0","local_time":"20210216193243","is_ascension_mode":true,"campfire_choices":[{"floor":7,"key":"REST"}],"circlet_count":0,"master_deck":["AscendersBane","Strike_G","Strike_G","Strike_G","Strike_G","Defend_G","Defend_G","Defend_G","Defend_G","Defend_G","Survivor","Neutralize","Calculated Gamble","Underhanded Strike","Dagger Throw","Dagger Throw","Masterful Stab","Leg Sweep"],"relics":["Ring of the Snake","Snake Skull","Pantograph"],"acts_visited":["Exordium"],"potions_floor_usage":[4,6],"damage_taken":[{"damage":13,"enemies":"Cultist","floor":1,"turns":6},{"damage":7,"enemies":"Small Slimes","floor":2,"turns":6},{"damage":0,"enemies":"Jaw Worm","floor":3,"turns":4},{"damage":0,"enemies":"3 Louse","floor":4,"turns":4},{"damage":34,"enemies":"3 Sentries","floor":6,"turns":13},{"damage":27,"enemies":"Lagavulin","floor":8,"turns":6}],"seed_played":"3042235548107334811","potions_obtained":[{"floor":1,"key":"EssenceOfSteel"},{"floor":2,"key":"Block Potion"},{"floor":6,"key":"SteroidPotion"}],"is_trial":false,"path_per_floor":["M","M","M","M","?","E","R","E"],"character_chosen":"THE_SILENT","items_purchased":[],"campfire_rested":1,"item_purchase_floors":[],"current_hp_per_floor":[46,39,39,39,39,5,24,0,0],"gold":186,"neow_bonus":"RANDOM_COMMON_RELIC","is_daily":false,"chose_seed":false,"campfire_upgraded":0,"win_rate":0.0,"timestamp":1613500363,"path_taken":["M","M","M","M","?","E","R","E"],"items_purchased_type":[],"build_version":"2020-12-22","purchased_purges":0,"victory":false,"max_hp_per_floor":[66,66,66,66,66,66,66,66,66],"relic_stats":{"counters":[6,39],"Pantograph":0,"Snake Skull":[0],"obtain_stats":[{"Pantograph":6,"Snake Skull":0,"Ring of the Snake":0},{"Pantograph":5,"Snake Skull":0,"Ring of the Snake":0},{"Pantograph":33,"Snake Skull":0,"Ring of the Snake":0}],"Ring of the Snake":[12]},"card_choices":[{"not_picked":["Outmaneuver","Concentrate"],"picked":"Calculated Gamble","floor":1},{"not_picked":["Bane","Terror"],"picked":"Underhanded Strike","floor":2},{"not_picked":["Setup","Escape Plan"],"picked":"Dagger Throw","floor":3},{"not_picked":["Concentrate","Underhanded Strike"],"picked":"Dagger Throw","floor":4},{"not_picked":["All Out Attack","Quick Slash"],"picked":"Leg Sweep","floor":6}],"player_experience":570490,"relics_obtained":[{"floor":6,"key":"Pantograph"}],"event_choices":[{"damage_healed":0,"gold_gain":0,"cards_transformed":["Strike_G"],"player_choice":"Transformed","damage_taken":0,"max_hp_gain":0,"max_hp_loss":0,"event_name":"Transmorgrifier","floor":5,"gold_loss":0,"cards_obtained":["Masterful Stab"]}],"is_beta":false,"boss_relics":[],"items_purged_floors":[],"is_endless":false,"potions_floor_spawned":[1,2,6],"killed_by":"Lagavulin","ascension_level":18}}