{"host":"g7uq9uzahx9e0kti","time":1613477853,"event":{"mods":["AchievementEnabler","BaseMod","CapriCore","Hermit","Koishi","Minty Spire (QoL Compilation)","Permanent Neow","Quick Restart","StSLib","SuperFastMode","The Bug Knight","The Cursed","The Hierophant","The Immortal","The Runesmith","Together in Spire","WarShipGirlsR/??á´Ò³R mod"],"gold_per_floor":[109,109,126,126,136,162,162,175,175,207,26,26,38,113,113,209,209,227,237,237,257,3,3,3],"floor_reached":23,"language":"KOR","playtime":2814,"items_purged":["hermit:Defend_Hermit"],"score":151,"play_id":"5d86d777-f53e-430d-bd2b-e18cace25dc8","local_time":"20210216211733","is_ascension_mode":false,"campfire_choices":[{"data":"hermit:Snapshot","floor":7,"key":"SMITH"},{"data":"hermit:CursedWeapon","floor":12,"key":"SMITH"},{"data":"hermit:CursedWeapon","floor":15,"key":"SMITH"}],"circlet_count":0,"master_deck":["hermit:Strike_Hermit","hermit:Strike_Hermit","hermit:Strike_Hermit","hermit:Defend_Hermit","hermit:Defend_Hermit","hermit:Defend_Hermit","hermit:Snapshot+1","hermit:Covet","Regret","hermit:Enervate","hermit:Misfire","hermit:TakeAim","hermit:CursedWeapon+1","hermit:Showdown","hermit:EyeOfTheStorm","hermit:CursedWeapon+1","hermit:Reprieve","hermit:BigShot","hermit:Headshot","hermit:WideOpen","hermit:Glare"],"relics":["hermit:Momento","Thread and Needle","Eternal Feather","Question Card","HollowMod:LifeEnderRelic","DollysMirror","Coffee Dripper","Akabeko"],"acts_visited":["Exordium","TheCity"],"potions_floor_usage":[6,10,21,23,23],"damage_taken":[{"damage":0,"enemies":"2 Louse","floor":1,"turns":3},{"damage":1,"enemies":"Small Slimes","floor":3,"turns":3},{"damage":0,"enemies":"Cultist","floor":5,"turns":3},{"damage":20,"enemies":"3 Sentries","floor":6,"turns":6},{"damage":2,"enemies":"Exordium Thugs","floor":8,"turns":5},{"damage":21,"enemies":"Gremlin Nob","floor":10,"turns":5},{"damage":6,"enemies":"Exordium Wildlife","floor":13,"turns":4},{"damage":0,"enemies":"The Guardian","floor":16,"turns":1},{"damage":25,"enemies":"Shell Parasite","floor":18,"turns":7},{"damage":5,"enemies":"Spheric Guardian","floor":19,"turns":3},{"damage":20,"enemies":"Snecko","floor":21,"turns":4},{"damage":23,"enemies":"Book of Stabbing","floor":23,"turns":3}],"seed_played":"-1743420612470271394","potions_obtained":[{"floor":3,"key":"DistilledChaos"},{"floor":5,"key":"Weak Potion"},{"floor":8,"key":"Weak Potion"},{"floor":13,"key":"hermit:Tonic"},{"floor":16,"key":"LiquidMemories"}],"is_trial":false,"path_per_floor":["M","?","M","?","M","E","R","M","T","E","$","R","M","?","R","B",null,"M","M","?","M","$","E"],"character_chosen":"HERMIT","items_purchased":["hermit:EyeOfTheStorm","DollysMirror","Akabeko","hermit:Glare"],"campfire_rested":0,"item_purchase_floors":[11,11,22,22],"current_hp_per_floor":[75,80,79,79,79,59,65,63,63,42,42,51,45,34,43,43,80,55,50,35,23,23,0,0],"gold":3,"neow_bonus":"ONE_RARE_RELIC","is_daily":false,"chose_seed":false,"campfire_upgraded":3,"win_rate":0.0,"timestamp":1613477853,"path_taken":["M","?","M","?","?","E","R","M","T","E","?","R","M","?","R","BOSS","M","M","?","M","$","E"],"items_purchased_type":["Card","Relic","Relic","Card"],"build_version":"2020-12-22","purchased_purges":1,"victory":false,"max_hp_per_floor":[75,80,80,80,80,80,80,80,80,80,80,80,80,80,80,80,80,80,80,85,85,85,85,85],"card_choices":[{"not_picked":["hermit:Coalescence","hermit:ItchyTrigger"],"picked":"hermit:Enervate","floor":1},{"not_picked":["hermit:Desperado","hermit:Cheat","hermit:LuckOfTheDraw"],"picked":"SKIP","floor":3},{"not_picked":["hermit:Roulette","hermit:CalledShot"],"picked":"hermit:Misfire","floor":5},{"not_picked":["hermit:HoleUp","hermit:DeadOrAlive"],"picked":"hermit:TakeAim","floor":6},{"not_picked":["hermit:Midnight","hermit:Spite"],"picked":"hermit:CursedWeapon","floor":8},{"not_picked":["hermit:LowProfile","hermit:Desperado","hermit:HoleUp"],"picked":"hermit:Showdown","floor":10},{"not_picked":["hermit:NoHoldsBarred","hermit:Coalescence","hermit:BlackWind","hermit:GhostlyPresence"],"picked":"SKIP","floor":13},{"not_picked":["hermit:Dissolve","hermit:Purgatory","hermit:OverwhelmingPower"],"picked":"hermit:Reprieve","floor":16},{"not_picked":["hermit:Vantage+1","hermit:Roulette","hermit:FullyLoaded"],"picked":"hermit:BigShot","floor":18},{"not_picked":["hermit:Desperado","hermit:BigShot","hermit:Roulette"],"picked":"hermit:Headshot","floor":19},{"not_picked":["hermit:Snipe","hermit:EternalForm","hermit:SprayPray"],"picked":"hermit:WideOpen","floor":21}],"player_experience":107493,"relics_obtained":[{"floor":6,"key":"Eternal Feather"},{"floor":9,"key":"Question Card"},{"floor":10,"key":"HollowMod:LifeEnderRelic"}],"event_choices":[{"damage_healed":0,"gold_gain":0,"player_choice":"Donut","damage_taken":0,"max_hp_gain":5,"max_hp_loss":0,"event_name":"Big Fish","floor":2,"gold_loss":0},{"cards_removed":["hermit:Strike_Hermit"],"damage_healed":0,"gold_gain":0,"player_choice":"Offered Basic","damage_taken":0,"max_hp_gain":0,"max_hp_loss":0,"event_name":"Bonfire Elementals","floor":4,"gold_loss":0},{"damage_healed":0,"gold_gain":75,"player_choice":"Gather Gold","damage_taken":11,"max_hp_gain":0,"max_hp_loss":0,"event_name":"World of Goop","floor":14,"gold_loss":0},{"damage_healed":0,"gold_gain":0,"player_choice":"Shed Blood","damage_taken":20,"max_hp_gain":5,"max_hp_loss":0,"event_name":"Forgotten Altar","floor":20,"gold_loss":0}],"is_beta":false,"boss_relics":[{"not_picked":["Empty Cage","Velvet Choker"],"picked":"Coffee Dripper"}],"items_purged_floors":[22],"is_endless":false,"potions_floor_spawned":[3,5,8,13,16,19],"killed_by":"Book of Stabbing","ascension_level":0}}