{"host":"syfsfjmzue8y1a6l","time":1613485479,"event":{"mods":["AchievementEnabler","BaseMod","Colored Map","DeckTracker","Minty Spire (QoL Compilation)","Permanent Neow","SuperFastMode"],"gold_per_floor":[109,109,120,138,153,185,198,198,198],"floor_reached":8,"language":"KOR","playtime":848,"items_purged":[],"score":60,"play_id":"c5212502-ebfc-400c-8d38-262aa953f3d7","local_time":"20210216232439","is_ascension_mode":false,"campfire_choices":[],"circlet_count":0,"master_deck":["Strike_G","Strike_G","Strike_G","Strike_G","Strike_G","Defend_G","Defend_G","Defend_G","Defend_G","Defend_G","Survivor","Neutralize","Venomology","Tactician","Prepared","Bandage Up","Terror","Acrobatics","Calculated Gamble"],"relics":["Ring of the Snake","Unceasing Top"],"acts_visited":["Exordium"],"potions_floor_usage":[3,5,5,6,6,6,8,8],"damage_taken":[{"damage":0,"enemies":"2 Louse","floor":1,"turns":5},{"damage":0,"enemies":"Cultist","floor":3,"turns":4},{"damage":0,"enemies":"Small Slimes","floor":4,"turns":4},{"damage":9,"enemies":"Gremlin Gang","floor":5,"turns":6},{"damage":43,"enemies":"Gremlin Nob","floor":6,"turns":5},{"damage":8,"enemies":"2 Fungi Beasts","floor":7,"turns":5},{"damage":27,"enemies":"Lagavulin","floor":8,"turns":8}],"seed_played":"1011204234536443591","potions_obtained":[{"floor":3,"key":"BlessingOfTheForge"},{"floor":5,"key":"CunningPotion"},{"floor":6,"key":"CunningPotion"}],"is_trial":false,"path_per_floor":["M","?","M","M","M","E","M","E"],"character_chosen":"THE_SILENT","items_purchased":[],"campfire_rested":0,"item_purchase_floors":[],"current_hp_per_floor":[70,70,70,70,65,26,22,0,0],"gold":198,"neow_bonus":"ONE_RANDOM_RARE_CARD","is_daily":false,"chose_seed":false,"campfire_upgraded":0,"win_rate":0.0,"timestamp":1613485479,"path_taken":["M","?","M","M","M","E","M","E"],"items_purchased_type":[],"build_version":"2020-12-22","purchased_purges":0,"victory":false,"max_hp_per_floor":[70,70,70,70,70,70,70,70,70],"card_choices":[{"not_picked":["Blur","PiercingWail"],"picked":"Tactician","floor":1},{"not_picked":["Dagger Spray","Predator"],"picked":"Terror","floor":3},{"not_picked":["Cloak And Dagger","Deadly Poison","Blur"],"picked":"SKIP","floor":4},{"not_picked":["Dagger Spray","Backflip","Distraction"],"picked":"SKIP","floor":5},{"not_picked":["Eviscerate","Sucker Punch"],"picked":"Acrobatics","floor":6},{"not_picked":["Sucker Punch","Well Laid Plans"],"picked":"Calculated Gamble","floor":7}],"player_experience":97074,"relics_obtained":[{"floor":6,"key":"Unceasing Top"}],"event_choices":[{"damage_healed":0,"gold_gain":0,"player_choice":"2 cards matched","damage_taken":0,"max_hp_gain":0,"max_hp_loss":0,"event_name":"Match and Keep!","floor":2,"gold_loss":0,"cards_obtained":["Prepared","Bandage Up"]}],"is_beta":false,"boss_relics":[],"items_purged_floors":[],"is_endless":false,"potions_floor_spawned":[3,5,6],"killed_by":"Lagavulin","ascension_level":0}}