{"host":"tvwbxqry54t86y0v","time":1613449570,"event":{"mods":["2.2 Compatiblity","A Magickal Journey","Act Like it!","Arknights","Astrologer","BaseMod","Beaked The Cultist","BetterRewards","Block Reminder","Clockwork Mod","Colored Powertips","DeckTracker","Downfall","Fiend Mod","GungeonMod","Hermit","Hubris","Infinite Spire","Ironclad Rager","Marked Mod","Mimic Mod","Minty Spire (QoL Compilation)","Potionbrewer","Reliquary","Replay The Spire","Robot Space Explorer","Shade Mod","Somnambulant","StSLib","The Bug Knight","The Cursed","The Death Knight","The Druid","The Elementalist","The Exalted","The Forsaken","The Hierophant","The Jungle","The Marked","The Mystic","The Problem Sleuth","The Runesmith","The Senshi","The Spell Scribe","The Valiant","The Wild Card","TheFirefly","TheHeartMod","Unceasing Turn Reminder","thorton"],"gold_per_floor":[119,119,119,119,129,129,144,178,213,213,213,213,213,4,4,4,4],"floor_reached":16,"language":"ENG","playtime":713,"items_purged":[],"score":125,"play_id":"16633a44-6f13-4645-91f1-5e32a15004e5","local_time":"20210216152610","is_ascension_mode":true,"campfire_choices":[{"data":"Zap","floor":6,"key":"SMITH"},{"data":"Panic Button","floor":10,"key":"SMITH"},{"floor":13,"key":"REST"},{"floor":15,"key":"DIG"}],"circlet_count":0,"master_deck":["Strike_B","Strike_B","Strike_B","Defend_B","Defend_B","Defend_B","Defend_B","Zap+1","Dualcast","Time Bomb+1","Coolheaded","Buffer","Panic Button+1","Coolheaded","Coolheaded","Crystallizer","Crystallizer"],"relics":["Cracked Core","reliquary:Sideboard","hubris:ToyBattleship","Raider\u0027s Mask","Bromod:ArcaneAegis"],"acts_visited":["Exordium"],"potions_floor_usage":[16],"damage_taken":[{"damage":8,"enemies":"Small Slimes","floor":1,"turns":3},{"damage":5,"enemies":"ats:Genji","floor":5,"turns":6},{"damage":0,"enemies":"Jaw Worm","floor":7,"turns":4},{"damage":17,"enemies":"HollowMod:MossKnight","floor":8,"turns":7},{"damage":0,"enemies":"Blue Slaver","floor":9,"turns":4},{"damage":66,"enemies":"Hexaghost","floor":16,"turns":11}],"seed_played":"2583673145893870305","potions_obtained":[{"floor":5,"key":"Ancient Potion"}],"is_trial":false,"path_per_floor":["M","?","?","?","M","R","M","E","MIM","R","?","?","R","$","R","B"],"character_chosen":"DEFECT","items_purchased":["Raider\u0027s Mask","Crystallizer"],"campfire_rested":1,"item_purchase_floors":[14,14],"current_hp_per_floor":[60,60,60,60,55,55,55,38,38,38,38,38,60,60,60,0,0],"gold":4,"neow_bonus":"THREE_CARDS","is_daily":false,"chose_seed":false,"campfire_upgraded":2,"win_rate":0.0,"timestamp":1613449570,"path_taken":["M","?","?","?","M","R","?","E","MIM","R","?","?","R","$","R","BOSS"],"items_purchased_type":["Relic","Card"],"build_version":"2020-12-22","purchased_purges":0,"victory":false,"max_hp_per_floor":[75,75,75,75,75,75,75,75,75,75,75,75,75,75,75,75,75],"card_choices":[{"not_picked":["Hologram","Melter"],"picked":"Time Bomb","floor":0},{"not_picked":["ReplayTheSpireMod:Reroute Power","Streamline"],"picked":"Coolheaded","floor":1},{"not_picked":["Sweeping Beam","Reprogram","Go for the Eyes"],"picked":"SKIP","floor":5},{"not_picked":["Beam Cell","Glacier"],"picked":"Panic Button","floor":7},{"not_picked":["Turbo","ReplayTheSpireMod:GoodbyeWorld"],"picked":"Coolheaded","floor":8},{"not_picked":["Steam","Defragment"],"picked":"White Noise","floor":9}],"player_experience":1167438,"relics_obtained":[{"floor":8,"key":"reliquary:Sideboard"},{"floor":9,"key":"hubris:ToyBattleship"},{"floor":15,"key":"Bromod:ArcaneAegis"}],"event_choices":[{"damage_healed":0,"gold_gain":0,"player_choice":"Ignored","damage_taken":0,"max_hp_gain":0,"max_hp_loss":0,"event_name":"Liars Game","floor":2,"gold_loss":0},{"damage_healed":0,"gold_gain":0,"player_choice":"Grow","damage_taken":0,"max_hp_gain":0,"max_hp_loss":0,"event_name":"Living Wall","floor":3,"gold_loss":0,"cards_upgraded":["Time Bomb"]},{"damage_healed":0,"gold_gain":0,"cards_transformed":["Strike_B"],"player_choice":"Transformed","damage_taken":0,"max_hp_gain":0,"max_hp_loss":0,"event_name":"Transmorgrifier","floor":4,"gold_loss":0,"cards_obtained":["Buffer"]}],"is_beta":false,"boss_relics":[],"items_purged_floors":[],"is_endless":false,"potions_floor_spawned":[5],"killed_by":"Hexaghost","ascension_level":6}}