{"host":"5dk97cf2ubw2v967","time":1613500479,"event":{"mods":["AlwaysNeverKeys","BaseMod","Better Altar","Better Vampires","Block Reminder","Card Filter","Colored Powertips","Downfall","Googly Eyes","Highlight Path","Minty Spire (QoL Compilation)","Permanent Neow","Potion Indicator Mod","Quick Restart","Relic Filter","Relic Stats","Say the Spire","Spicy Shops","StSLib","Waifu the Spire","everything is the same but u backflip on backflip"],"gold_per_floor":[110,122,142,142,159,193,193,193,193,118,118,129,162,162,162,237,237,257,275,275,275],"floor_reached":20,"language":"ENG","playtime":881,"items_purged":[],"score":368,"play_id":"fd6713c9-d0a0-4c8f-82f5-1592ad2f01ad","local_time":"20210216183439","is_ascension_mode":true,"campfire_choices":[{"floor":8,"key":"REST"},{"floor":11,"key":"REST"},{"data":"Havoc","floor":15,"key":"SMITH"}],"circlet_count":0,"master_deck":["AscendersBane","Strike_R","Strike_R","Strike_R+1","Strike_R","Defend_R+1","Defend_R+1","Defend_R","Defend_R","Bash","Sadistic Nature+1","Combust","Thunderclap","Rampage","Headbutt","Havoc+1","Berserk","Headbutt","Second Wind"],"relics":["Burning Blood","War Paint","Pear","Unceasing Top","Runic Dome"],"acts_visited":["Exordium","TheCity"],"potions_floor_usage":[6,13,18,19,19,19],"damage_taken":[{"damage":2,"enemies":"Cultist","floor":1,"turns":4},{"damage":6,"enemies":"Small Slimes","floor":2,"turns":3},{"damage":7,"enemies":"2 Louse","floor":3,"turns":3},{"damage":12,"enemies":"2 Fungi Beasts","floor":5,"turns":4},{"damage":34,"enemies":"Lagavulin","floor":6,"turns":7},{"damage":22,"enemies":"Exordium Thugs","floor":12,"turns":4},{"damage":32,"enemies":"Gremlin Nob","floor":13,"turns":4},{"damage":19,"enemies":"Slime Boss","floor":16,"turns":6},{"damage":40,"enemies":"Chosen","floor":18,"turns":4},{"damage":21,"enemies":"Spheric Guardian","floor":19,"turns":4},{"damage":63,"enemies":"Snecko","floor":20,"turns":5}],"seed_played":"1628514130245878036","potions_obtained":[{"floor":2,"key":"EssenceOfSteel"},{"floor":6,"key":"FearPotion"},{"floor":12,"key":"Ancient Potion"},{"floor":13,"key":"Regen Potion"},{"floor":16,"key":"EntropicBrew"},{"floor":18,"key":"SteroidPotion"}],"is_trial":false,"path_per_floor":["M","M","M","?","M","E","?","R","T","?","R","M","E","?","R","B",null,"M","M","M"],"character_chosen":"IRONCLAD","items_purchased":[],"campfire_rested":2,"item_purchase_floors":[],"current_hp_per_floor":[72,72,71,64,58,30,7,29,39,39,64,48,22,50,50,37,73,53,38,0,0],"gold":275,"neow_bonus":"RANDOM_COLORLESS_2","is_daily":false,"chose_seed":false,"campfire_upgraded":1,"win_rate":0.0,"timestamp":1613500479,"path_taken":["M","M","?","?","M","E","?","R","T","?","R","M","E","?","R","BOSS","M","M","M"],"items_purchased_type":[],"build_version":"2020-12-22","purchased_purges":0,"victory":false,"max_hp_per_floor":[75,75,75,75,75,75,75,75,85,85,85,85,85,85,85,85,85,85,85,85,85],"relic_stats":{"counters":[11,48],"War Paint":["Defend_R","Defend_R"],"obtain_stats":[{"Runic Dome":17,"Pear":9,"War Paint":6,"Burning Blood":0,"Unceasing Top":13},{"Runic Dome":8,"Pear":5,"War Paint":5,"Burning Blood":0,"Unceasing Top":7},{"Runic Dome":35,"Pear":21,"War Paint":21,"Burning Blood":0,"Unceasing Top":29}],"Burning Blood":60,"Unceasing Top":[2]},"card_choices":[{"not_picked":["Master of Strategy","Metamorphosis"],"picked":"Sadistic Nature","floor":0},{"not_picked":["Havoc","Anger"],"picked":"Combust","floor":1},{"not_picked":["Clothesline","Shrug It Off"],"picked":"Thunderclap","floor":2},{"not_picked":["Dark Embrace","Havoc"],"picked":"Rampage","floor":3},{"not_picked":["Perfected Strike","Warcry","Wild Strike"],"picked":"SKIP","floor":5},{"not_picked":["Sword Boomerang","Hemokinesis"],"picked":"Headbutt","floor":6},{"not_picked":["Wild Strike","Clash"],"picked":"Havoc","floor":12},{"not_picked":["Feel No Pain","Combust","Spot Weakness"],"picked":"SKIP","floor":13},{"not_picked":["Feed","Corruption"],"picked":"Berserk","floor":16},{"not_picked":["Shrug It Off","Iron Wave+1"],"picked":"Headbutt","floor":18},{"not_picked":["Heavy Blade","Whirlwind"],"picked":"Second Wind","floor":19}],"player_experience":1328497,"relics_obtained":[{"floor":6,"key":"War Paint"},{"floor":9,"key":"Pear"},{"floor":13,"key":"Unceasing Top"}],"event_choices":[{"cards_removed":["Normality"],"damage_healed":0,"gold_gain":0,"player_choice":"Card Removal","damage_taken":7,"max_hp_gain":0,"max_hp_loss":0,"event_name":"Golden Wing","floor":4,"gold_loss":0},{"damage_healed":0,"gold_gain":0,"player_choice":"Entered Light","damage_taken":23,"max_hp_gain":0,"max_hp_loss":0,"event_name":"Shining Light","floor":7,"gold_loss":0,"cards_upgraded":["Strike_R","Sadistic Nature"]},{"cards_removed":["Strike_R"],"damage_healed":0,"gold_gain":0,"player_choice":"Card Removal","damage_taken":0,"max_hp_gain":0,"max_hp_loss":0,"event_name":"The Cleric","floor":10,"gold_loss":75},{"damage_healed":28,"gold_gain":0,"player_choice":"Banana","damage_taken":0,"max_hp_gain":0,"max_hp_loss":0,"event_name":"Big Fish","floor":14,"gold_loss":0}],"is_beta":false,"boss_relics":[{"not_picked":["SacredBark","Snecko Eye"],"picked":"Runic Dome"}],"items_purged_floors":[],"is_endless":false,"potions_floor_spawned":[2,6,12,13,16,18],"killed_by":"Snecko","ascension_level":20}}