{"host":"y0i0tbisecj7yjyn","time":1613449243,"event":{"mods":["2.2 Compatiblity","AchievementEnabler","AlwaysNeverKeys","BaseMod","Better Third Choice","BetterRewards","Colored Map","Colored Powertips","Curses Come First","Disable Question Mark Monsters","Displayed Cursed Tome","Highlight Path","Keyboard Shortcuts","Minty Spire (QoL Compilation)","Quick Restart","Random Character Button","Rare Cards Sparkle","Relic Stats","Reliquary","Smile Girya","StSLib","SuperFastMode","The Marked","Transform Curses","Weighted Paths"],"gold_per_floor":[119,119,119,135,152,152,164,199,199,210,245,245,24,38,38,137,137,157,337,354,368,368,368],"floor_reached":22,"language":"ENG","playtime":801,"items_purged":[],"score":297,"play_id":"7c1f2dc1-d648-41bd-89ac-89ae8af1e1e8","local_time":"20210215222043","is_ascension_mode":true,"campfire_choices":[{"data":"Zap","floor":6,"key":"SMITH"},{"floor":12,"key":"REST"},{"floor":15,"key":"REST"}],"circlet_count":0,"master_deck":["Strike_B","Strike_B","Strike_B","Strike_B","Defend_B","Defend_B","Defend_B","Defend_B","Zap+1","Dualcast","Glacier","Conserve Battery","Beam Cell","Ball Lightning","Lockon","Core Surge","Static Discharge","Storm","Coolheaded+1","Capacitor","Lockon+1"],"relics":["Cracked Core","Meat on the Bone","Spirit Poop","Letter Opener","Bottled Lightning","Incense Burner","MealTicket","Coffee Dripper"],"acts_visited":["Exordium","TheCity"],"potions_floor_usage":[16,18,18,21,21],"damage_taken":[{"damage":2,"enemies":"Jaw Worm","floor":1,"turns":3},{"damage":0,"enemies":"Small Slimes","floor":4,"turns":4},{"damage":0,"enemies":"Cultist","floor":5,"turns":4},{"damage":4,"enemies":"Lots of Slimes","floor":7,"turns":6},{"damage":21,"enemies":"Lagavulin","floor":8,"turns":6},{"damage":1,"enemies":"Looter","floor":10,"turns":3},{"damage":36,"enemies":"Gremlin Nob","floor":11,"turns":4},{"damage":10,"enemies":"Gremlin Gang","floor":14,"turns":3},{"damage":0,"enemies":"The Guardian","floor":16,"turns":8},{"damage":2,"enemies":"2 Thieves","floor":18,"turns":4},{"damage":6,"enemies":"Spheric Guardian","floor":20,"turns":4},{"damage":34,"enemies":"Shelled Parasite and Fungi","floor":21,"turns":5},{"damage":28,"enemies":"3 Cultists","floor":22,"turns":3}],"seed_played":"-8379136180749464783","potions_obtained":[{"floor":0,"key":"LiquidBronze"},{"floor":0,"key":"SpeedPotion"},{"floor":0,"key":"BlessingOfTheForge"},{"floor":7,"key":"LiquidMemories"},{"floor":8,"key":"PowerPotion"},{"floor":11,"key":"EntropicBrew"},{"floor":21,"key":"FocusPotion"}],"is_trial":false,"path_per_floor":["M","?","?","M","M","R","M","E","T","M","E","R","$","M","R","B",null,"M","?","M","M","M"],"character_chosen":"DEFECT","items_purchased":["Static Discharge","MealTicket"],"campfire_rested":2,"item_purchase_floors":[13,13],"current_hp_per_floor":[73,73,73,73,73,73,69,48,48,47,23,45,45,47,69,69,75,73,54,48,26,0,0],"gold":368,"neow_bonus":"THREE_SMALL_POTIONS","is_daily":false,"chose_seed":false,"campfire_upgraded":1,"win_rate":0.0,"timestamp":1613449243,"path_taken":["M","?","?","M","M","R","?","E","T","M","E","R","$","?","R","BOSS","M","?","?","M","M"],"items_purchased_type":["Card","Relic"],"build_version":"2020-12-22","purchased_purges":0,"victory":false,"max_hp_per_floor":[75,75,75,75,75,75,75,75,75,75,75,75,75,75,75,75,75,75,75,75,75,75,75],"relic_stats":{"counters":[24,97],"MealTicket":0,"Letter Opener":[45],"obtain_stats":[{"Golden Idol":3,"Nilry\u0027s Codex":22,"Blue Candle":9,"Spirit Poop":3,"Mango":8,"betterThird:NestCultRelic":21,"Incense Burner":11,"Letter Opener":8,"reliquary:ExpiredCoupon":12,"Centennial Puzzle":6,"Snecko Eye":17,"MealTicket":13,"Red Mask":19,"Coffee Dripper":17,"Bottled Lightning":9,"Cracked Core":0,"Meat on the Bone":2},{"Golden Idol":2,"Nilry\u0027s Codex":10,"Blue Candle":5,"Spirit Poop":12,"Mango":5,"betterThird:NestCultRelic":10,"Incense Burner":18,"Letter Opener":16,"reliquary:ExpiredCoupon":6,"Centennial Puzzle":4,"Snecko Eye":8,"MealTicket":18,"Red Mask":10,"Coffee Dripper":20,"Bottled Lightning":16,"Cracked Core":0,"Meat on the Bone":12},{"Golden Idol":5,"Nilry\u0027s Codex":37,"Blue Candle":17,"Spirit Poop":43,"Mango":17,"betterThird:NestCultRelic":37,"Incense Burner":70,"Letter Opener":63,"reliquary:ExpiredCoupon":20,"Centennial Puzzle":12,"Snecko Eye":29,"MealTicket":70,"Red Mask":37,"Coffee Dripper":81,"Bottled Lightning":63,"Cracked Core":0,"Meat on the Bone":43}],"Meat on the Bone":36},"card_choices":[{"not_picked":["Go for the Eyes","Double Energy"],"picked":"Glacier","floor":1},{"not_picked":["Hello World","Hologram"],"picked":"Conserve Battery","floor":4},{"not_picked":["Genetic Algorithm","Steam"],"picked":"Beam Cell","floor":5},{"not_picked":["Conserve Battery","Turbo"],"picked":"Ball Lightning","floor":7},{"not_picked":["Stack","Rip and Tear"],"picked":"Lockon","floor":8},{"not_picked":["Go for the Eyes","Compile Driver","Stack"],"picked":"SKIP","floor":10},{"not_picked":["Sweeping Beam","Genetic Algorithm"],"picked":"Core Surge","floor":11},{"not_picked":["Genetic Algorithm","Sweeping Beam"],"picked":"Storm","floor":14},{"not_picked":["Turbo","Leap"],"picked":"Coolheaded+1","floor":18},{"not_picked":["Chill","Coolheaded"],"picked":"Capacitor","floor":20},{"not_picked":["Glacier","Stack"],"picked":"Lockon+1","floor":21}],"player_experience":468714,"relics_obtained":[{"floor":8,"key":"Letter Opener"},{"floor":9,"key":"Bottled Lightning"},{"floor":11,"key":"Incense Burner"}],"event_choices":[{"damage_healed":0,"gold_gain":0,"player_choice":"Box","damage_taken":0,"relics_obtained":["Meat on the Bone"],"max_hp_gain":0,"max_hp_loss":0,"event_name":"Big Fish","floor":2,"gold_loss":0,"cards_obtained":["Regret"]},{"cards_removed":["Regret"],"damage_healed":0,"gold_gain":0,"player_choice":"Offered Curse","damage_taken":0,"relics_obtained":["Spirit Poop"],"max_hp_gain":0,"max_hp_loss":0,"event_name":"Bonfire Elementals","floor":3,"gold_loss":0},{"damage_healed":0,"gold_gain":180,"player_choice":"GOLD GOLD ","damage_taken":19,"max_hp_gain":0,"max_hp_loss":0,"event_name":"Knowing Skull","floor":19,"potions_obtained":[],"gold_loss":0,"cards_obtained":[]}],"is_beta":false,"boss_relics":[{"not_picked":["Sozu","Runic Pyramid"],"picked":"Coffee Dripper"}],"items_purged_floors":[],"is_endless":false,"potions_floor_spawned":[7,8,10,11,20,21],"killed_by":"3 Cultists","ascension_level":4}}