{"host":"v4tuy5ykrbdcm9o9","time":1613511689,"event":{"mods":["BaseMod","Duelist Mod","Minty Spire (QoL Compilation)","Replay The Spire","StSLib"],"gold_per_floor":[116,130,146,232,248,273,273,298,322,287,324,345,373,400,400,507,507,536,545,565,590,610,640,640,640,667,667,667],"floor_reached":27,"language":"ENG","playtime":2347,"items_purged":[],"score":481,"play_id":"0a4f980d-4961-46f2-835d-d4e01d10bd56","local_time":"20210216164129","is_ascension_mode":true,"campfire_choices":[{"floor":7,"key":"RECALL"},{"data":"Alpha","floor":15,"key":"SMITH"},{"floor":24,"key":"REST"}],"circlet_count":0,"master_deck":["Strike_P","Strike_P","Strike_P","Strike_P","Defend_P","Defend_P","Defend_P","Defend_P","Eruption","Vigilance","Alpha+1","Consecrate","Perseverance","SignatureMove","Protect","Indignation","SignatureMove","JustLucky","Consecrate","TalkToTheHand","EmptyMind","ThirdEye","ThirdEye","DevaForm","Halt","Trip","Evaluate","Swivel+1","Swivel"],"relics":["PureWater","MealTicket","Mirror","Akabeko","CeramicFish","SlaversCollar","PreservedInsect","Smiling Mask"],"acts_visited":["Exordium","TheCity"],"potions_floor_usage":[6,11,11,18,21,22,23,27],"damage_taken":[{"damage":0,"enemies":"2 Louse","floor":1,"turns":4},{"damage":8,"enemies":"Jaw Worm","floor":2,"turns":5},{"damage":0,"enemies":"Cultist","floor":3,"turns":3},{"damage":0,"enemies":"Large Slime","floor":5,"turns":4},{"damage":0,"enemies":"Replay:BlueRogue","floor":6,"turns":5},{"damage":8,"enemies":"3 Sentries","floor":8,"turns":5},{"damage":12,"enemies":"Gremlin Nob","floor":11,"turns":3},{"damage":6,"enemies":"Red Slaver","floor":12,"turns":3},{"damage":0,"enemies":"Blue Slaver","floor":13,"turns":3},{"damage":0,"enemies":"Exordium Thugs","floor":14,"turns":4},{"damage":0,"enemies":"Slime Boss","floor":16,"turns":3},{"damage":0,"enemies":"2 Thieves","floor":18,"turns":1},{"damage":0,"enemies":"Chosen","floor":20,"turns":4},{"damage":5,"enemies":"Shelled Parasite and Fungi","floor":21,"turns":3},{"damage":6,"enemies":"Centurion and Healer","floor":22,"turns":5},{"damage":5,"enemies":"theDuelist:KaibaA2","floor":23,"turns":4},{"damage":36,"enemies":"Gremlin Leader","floor":27,"turns":5}],"seed_played":"-6691014099553781566","potions_obtained":[{"floor":3,"key":"Dexterity Potion"},{"floor":6,"key":"BlessingOfTheForge"},{"floor":8,"key":"ColorlessPotion"},{"floor":13,"key":"LiquidBronze"},{"floor":14,"key":"LiquidMemories"},{"floor":16,"key":"Adrenaline Potion"},{"floor":18,"key":"SmokeBomb"},{"floor":22,"key":"Weak Potion"},{"floor":23,"key":"Strength Potion"}],"is_trial":false,"path_per_floor":["M","M","M","?","M","E","R","E","T","?","E","M","M","M","R","B",null,"M","?","M","M","M","E","R","?","T","E"],"character_chosen":"WATCHER","items_purchased":[],"campfire_rested":1,"item_purchase_floors":[],"current_hp_per_floor":[65,57,57,57,57,57,57,49,49,67,55,49,49,49,49,49,66,66,48,48,43,37,32,53,46,46,10,10],"gold":667,"neow_bonus":"ONE_RANDOM_RARE_CARD","is_daily":false,"chose_seed":false,"campfire_upgraded":1,"win_rate":0.0,"timestamp":1613511689,"path_taken":["M","M","M","?","M","E","R","E","T","?","E","M","M","M","R","BOSS","M","?","M","?","M","E","R","?","T","E"],"items_purchased_type":[],"build_version":"2020-12-22","purchased_purges":0,"victory":false,"max_hp_per_floor":[72,72,72,72,72,72,72,72,72,72,72,72,72,72,72,72,72,72,72,72,72,72,72,72,72,72,72,72],"card_choices":[{"not_picked":["Replay:AtTheReady","Collect"],"picked":"Consecrate","floor":1},{"not_picked":["BattleHymn","FlurryOfBlows"],"picked":"Perseverance","floor":2},{"not_picked":["Replay:Hum","ThirdEye"],"picked":"SignatureMove","floor":3},{"not_picked":["PathToVictory","Replay:AtTheReady"],"picked":"Protect","floor":4},{"not_picked":["ClearTheMind","Replay:Battleflow"],"picked":"Indignation","floor":4},{"not_picked":["DeceiveReality","Replay:AtTheReady"],"picked":"SignatureMove","floor":5},{"not_picked":["BattleHymn","Protect"],"picked":"JustLucky","floor":6},{"not_picked":["Collect","Replay:Anticipation"],"picked":"Consecrate","floor":8},{"not_picked":["Conclude","Replay:ManipulateFuture"],"picked":"TalkToTheHand","floor":11},{"not_picked":["CrushJoints","MentalFortress"],"picked":"EmptyMind","floor":12},{"not_picked":["FlyingSleeves","Fasting2"],"picked":"ThirdEye","floor":13},{"not_picked":["Devotion","Crescendo"],"picked":"ThirdEye","floor":14},{"not_picked":["Replay:AllIn","Replay:LoomingThreat"],"picked":"DevaForm","floor":16},{"not_picked":["MentalFortress","Vengeance"],"picked":"Halt","floor":18},{"not_picked":["Halt","SashWhip"],"picked":"Evaluate","floor":20},{"not_picked":["ForeignInfluence","CrushJoints"],"picked":"Swivel+1","floor":21},{"not_picked":["Wallop","CutThroughFate"],"picked":"Swivel","floor":22},{"not_picked":["Pray","Replay:AtTheReady","Replay:Battleflow"],"picked":"SKIP","floor":23}],"player_experience":893537,"relics_obtained":[{"floor":4,"key":"MealTicket"},{"floor":6,"key":"Mirror"},{"floor":8,"key":"Akabeko"},{"floor":11,"key":"CeramicFish"},{"floor":23,"key":"PreservedInsect"},{"floor":26,"key":"Smiling Mask"}],"event_choices":[{"damage_healed":18,"gold_gain":0,"player_choice":"Healed","damage_taken":0,"max_hp_gain":0,"max_hp_loss":0,"event_name":"The Cleric","floor":10,"gold_loss":35},{"damage_healed":0,"gold_gain":0,"player_choice":"POTION CARD ","damage_taken":18,"max_hp_gain":0,"max_hp_loss":0,"event_name":"Knowing Skull","floor":19,"potions_obtained":["Block Potion"],"gold_loss":0,"cards_obtained":["Trip"]},{"damage_healed":0,"gold_gain":0,"player_choice":"Damaged","damage_taken":7,"max_hp_gain":0,"max_hp_loss":0,"event_name":"Wheel of Change","floor":25,"gold_loss":0}],"is_beta":false,"boss_relics":[{"not_picked":["Coffee Dripper","Astrolabe"],"picked":"SlaversCollar"}],"items_purged_floors":[],"is_endless":false,"potions_floor_spawned":[3,6,8,13,14,16,18,22,23],"killed_by":"Gremlin Leader","ascension_level":9}}