{"host":"31s8hzukbhz1k6i6","time":1613447099,"event":{"mods":["AchievementEnabler","BaseMod","Bestiary","Colored Map","Filter the Spire","Minty Spire (QoL Compilation)","Relic Stats"],"gold_per_floor":[116,136,155,169,188,213,213,213,213],"floor_reached":8,"language":"ENG","playtime":390,"items_purged":[],"score":120,"play_id":"a4fef741-1f7f-4f2a-8748-c9bb299069d7","local_time":"20210215194459","is_ascension_mode":true,"campfire_choices":[{"data":"Catalyst","floor":7,"key":"SMITH"}],"circlet_count":0,"master_deck":["AscendersBane","Strike_G","Strike_G","Strike_G","Strike_G","Strike_G","Defend_G","Defend_G","Defend_G","Defend_G","Defend_G","Survivor","Neutralize","Corpse Explosion","Dash","Deadly Poison","Catalyst+1","Acrobatics","Deadly Poison","Cloak And Dagger"],"relics":["Ring of the Snake","Bronze Scales"],"acts_visited":["Exordium"],"potions_floor_usage":[5,8],"damage_taken":[{"damage":1.0,"enemies":"Cultist","floor":1.0,"turns":4.0},{"damage":5.0,"enemies":"Jaw Worm","floor":2.0,"turns":5.0},{"damage":0.0,"enemies":"2 Louse","floor":3.0,"turns":3.0},{"damage":2,"enemies":"Large Slime","floor":4,"turns":8},{"damage":10,"enemies":"Exordium Thugs","floor":5,"turns":3},{"damage":15,"enemies":"3 Sentries","floor":6,"turns":3},{"damage":17,"enemies":"Lagavulin","floor":8,"turns":5}],"seed_played":"6251708065600792885","potions_obtained":[{"floor":1.0,"key":"Swift Potion"},{"floor":2.0,"key":"ColorlessPotion"},{"floor":4,"key":"SkillPotion"}],"is_trial":false,"path_per_floor":["M","M","M","M","M","E","R","E"],"character_chosen":"THE_SILENT","items_purchased":[],"campfire_rested":0,"item_purchase_floors":[],"current_hp_per_floor":[43,38,38,36,26,11,11,0,0],"gold":213,"neow_bonus":"THREE_RARE_CARDS","is_daily":false,"chose_seed":false,"campfire_upgraded":1,"win_rate":0.0,"timestamp":1613447099,"path_taken":["M","?","M","M","M","E","R","E"],"items_purchased_type":[],"build_version":"2020-12-22","purchased_purges":0,"victory":false,"max_hp_per_floor":[66,66,66,66,66,66,66,66,66],"relic_stats":{"counters":[7,31],"Bronze Scales":[3],"obtain_stats":[{"Bronze Scales":6,"Ring of the Snake":0},{"Bronze Scales":6,"Ring of the Snake":0},{"Bronze Scales":26,"Ring of the Snake":0}],"Ring of the Snake":[14]},"card_choices":[{"not_picked":["Unload","Doppelganger"],"picked":"Corpse Explosion","floor":0.0},{"not_picked":["Eviscerate","Well Laid Plans"],"picked":"Dash","floor":1.0},{"not_picked":["Slice","Dash"],"picked":"Deadly Poison","floor":2.0},{"not_picked":["Dagger Throw","Dodge and Roll"],"picked":"Catalyst","floor":3.0},{"not_picked":["Tactician","Concentrate"],"picked":"Acrobatics","floor":4},{"not_picked":["Footwork","Accuracy"],"picked":"Deadly Poison","floor":5},{"not_picked":["Concentrate","Dodge and Roll"],"picked":"Cloak And Dagger","floor":6}],"player_experience":223030,"relics_obtained":[{"floor":6,"key":"Bronze Scales"}],"event_choices":[],"is_beta":false,"boss_relics":[],"items_purged_floors":[],"is_endless":false,"potions_floor_spawned":[1,2,4],"killed_by":"Lagavulin","ascension_level":20}}