{"host":"1wqvkeuqk47laf9u","time":1613438336,"event":{"mods":["100% Spire Juice","ATMod(∞¢Ë™Mod)","Act Like it!","BaseMod","Colored Map","Colored Powertips","Decade(Õı–°√˜)","Gensokyo","GifTheSpireLib","Hallownest","Koishi","KomeijiMod","Marisa£®ÏF”Í°°ƒß¿Ì…≥£©","Minty Spire (QoL Compilation)","Reimu£®≤©¿ˆ¡È√Œ£©","Reliquary","Remilia£®¿Ÿ√◊¿Ú—«£©","Replay The Spire","Robot Space Explorer","SOS£®Àπ∞Õ¥Ô÷Æ◊”£©","StSLib","The Administrix","The Animator","The Cursed","The Dragon Tamer","The Poker Player","The Servant 0.9.4","UnlockEverythingMod","Yakumo Yukari mod","Youmu£®ªÍ∆«—˝√Œ£©","Yuyuko","[GremlinLeader]The Maniac","°æ“≈ŒÔø®≈∆°øREMEMod"],"gold_per_floor":[110,129,196,208,248,280,280,57,57,67,12,12,12,12,12,116,116,126,137,64,64,64,64,64,64],"floor_reached":24,"language":"ZHS","playtime":1415,"items_purged":["TheCursedMod:Strike_TheCursed"],"score":294,"play_id":"4ffa5fb4-d018-4b12-b1c9-ed69ea117905","local_time":"20210216091856","is_ascension_mode":false,"campfire_choices":[{"floor":7.0,"key":"REST"},{"floor":15.0,"key":"REST"},{"floor":23,"key":"REST"}],"circlet_count":0,"master_deck":["TheCursedMod:Strike_TheCursed","TheCursedMod:Strike_TheCursed","TheCursedMod:Strike_TheCursed","TheCursedMod:Defend_TheCursed","TheCursedMod:Defend_TheCursed","TheCursedMod:Defend_TheCursed","TheCursedMod:CursedWand","TheCursedMod:CleanUpWorkshop","TheCursedMod:Dregs","TheCursedMod:EmpowerCircles","AT_FamilyPortrait","Sickly","Searching","TheCursedMod:CursedBoomerang","ReplayTheSpireMod:Splinters","TheCursedMod:SaltUponWound","TheCursedMod:RavingStaff","TheCursedMod:SpitefulPray","TheCursedMod:TacticalStrike","TheCursedMod:PrepareRite","TheCursedMod:FleshFromBone","TheCursedMod:DemonicPact","TheCursedMod:Obscuration","TheCursedMod:Torture","TheCursedMod:Grudge+1","Regret","KillingBlow","EscapeVelocity","PiercingWail+1","PowerUp","Chaos+1","TheCursedMod:Grudge","Shame"],"relics":["TheCursedMod:BlackMagic101","REME_ComplimentaryCards","AT_ATBox","Strawberry","Strange Spoon","Question Card","PrismaticShard","reliquary:ThirdArm","Prayer Wheel","AT_ImmortalShieldbow","Replay:Kaleidoscope","reliquary:RosewoodLute"],"acts_visited":["Exordium","TheCity"],"potions_floor_usage":[],"damage_taken":[{"damage":8.0,"enemies":"Cultist","floor":1.0,"turns":6.0},{"damage":20.0,"enemies":"Jaw Worm","floor":3.0,"turns":5.0},{"damage":3.0,"enemies":"2 Louse","floor":4.0,"turns":2.0},{"damage":9.0,"enemies":"Large Slime","floor":5.0,"turns":6.0},{"damage":13.0,"enemies":"Replay:BlueRogue","floor":6.0,"turns":4.0},{"damage":22.0,"enemies":"3 Louse","floor":10.0,"turns":4.0},{"damage":41,"enemies":"Hexaghost","floor":16,"turns":9},{"damage":46,"enemies":"Chosen","floor":18,"turns":5},{"damage":27,"enemies":"3 Byrds","floor":19,"turns":9},{"damage":77,"enemies":"3 Cultists","floor":24,"turns":5}],"seed_played":"2029019719936096148","potions_obtained":[{"floor":1.0,"key":"BlessingOfTheForge"},{"floor":2.0,"key":"SkillPotion"},{"floor":2.0,"key":"FearPotion"},{"floor":10.0,"key":"FairyPotion"},{"floor":19,"key":"ZuzhouPotion:ReiMu"}],"is_trial":false,"path_per_floor":["M","?","M","M","M","E","R","$","T","M","$","?","?","?","R","B",null,"M","M","$","?","?","R","M"],"character_chosen":"THE_CURSED","items_purchased":["Strange Spoon","TheCursedMod:Grudge+1","TheCursedMod:Grudge"],"campfire_rested":3,"item_purchase_floors":[8,11,20],"current_hp_per_floor":[67,67,47,44,35,29,53,53,53,31,31,24,24,24,48,7,82,36,13,13,13,13,37,0,0],"gold":64,"neow_bonus":"RANDOM_COLORLESS_2","is_daily":false,"chose_seed":false,"campfire_upgraded":0,"win_rate":0.0,"timestamp":1613438336,"path_taken":["M","?","M","M","M","E","R","$","T","M","$","?","?","?","R","BOSS","M","M","$","?","?","R","M"],"items_purchased_type":["Relic","Card","Card"],"build_version":"2020-12-22","purchased_purges":1,"victory":false,"max_hp_per_floor":[75,75,75,75,75,82,82,82,82,82,82,82,82,82,82,82,82,82,82,82,82,82,82,82,82],"card_choices":[{"not_picked":["Midas Touch","Sadistic Nature"],"picked":"Searching","floor":0.0},{"not_picked":["TheCursedMod:CircleOfWindfury","TheCursedMod:WearCloak"],"picked":"TheCursedMod:CursedBoomerang","floor":1.0},{"not_picked":["TheCursedMod:RapidMovement","TheCursedMod:CircleOfFlame"],"picked":"TheCursedMod:SaltUponWound","floor":2.0},{"not_picked":["TheCursedMod:TacticalStrike","TheCursedMod:CircleOfFlame"],"picked":"TheCursedMod:RavingStaff","floor":3.0},{"not_picked":["TheCursedMod:FleshFromBone","TheCursedMod:Stigma"],"picked":"TheCursedMod:SpitefulPray","floor":4.0},{"not_picked":["TheCursedMod:SaltUponWound","TheCursedMod:SmokeScreen"],"picked":"TheCursedMod:TacticalStrike","floor":5.0},{"not_picked":["TheCursedMod:CursedStaff","TheCursedMod:SoulReap"],"picked":"TheCursedMod:PrepareRite","floor":5.0},{"not_picked":["TheCursedMod:PrepareRite","TheCursedMod:EmpowerCircles"],"picked":"TheCursedMod:FleshFromBone","floor":6.0},{"not_picked":["TheCursedMod:RapidMovement","TheCursedMod:WearCloak"],"picked":"TheCursedMod:DemonicPact","floor":6.0},{"not_picked":["TheCursedMod:CircleOfFlame","TheCursedMod:Wield","TheCursedMod:CursedShiv"],"picked":"TheCursedMod:Obscuration","floor":10.0},{"not_picked":["TheCursedMod:RavingStaff","TheCursedMod:CursedBlade","TheCursedMod:CursedMace"],"picked":"TheCursedMod:Torture","floor":10.0},{"not_picked":["Brilliance","REME_WorshipGod","DTMod:OpeningTactic"],"picked":"KillingBlow","floor":16},{"not_picked":["DTMod:Inferno","Dreaming:ReiMu","AdministrixMod:CosmosControl"],"picked":"EscapeVelocity","floor":16},{"not_picked":["DTMod:Hide","Ultimatum","Revamp","AdministrixMod:FuneraryRites"],"picked":"SKIP","floor":18},{"not_picked":["DualDimension","PreThought+1","Koishi:PhantomBarrier"],"picked":"PiercingWail+1","floor":19},{"not_picked":["WitchOfGreed","TheCursedMod:Wield+1","Run Through"],"picked":"PowerUp","floor":19},{"not_picked":["animator:Mitsurugi","Linger over Flower+1","Deflect"],"picked":"Chaos+1","floor":19}],"player_experience":100507,"relics_obtained":[{"floor":6.0,"key":"Strawberry"},{"floor":9.0,"key":"Question Card"},{"floor":19,"key":"AT_ImmortalShieldbow"}],"event_choices":[{"cards_removed":["TheCursedMod:Defend_TheCursed"],"damage_healed":0.0,"max_hp_gain":0.0,"max_hp_loss":0.0,"gold_gain":0.0,"event_name":"Golden Wing","player_choice":"Card Removal","floor":12.0,"gold_loss":0.0,"damage_taken":7.0},{"damage_healed":0,"gold_gain":0,"player_choice":"Stole Relic","damage_taken":0,"relics_obtained":["reliquary:RosewoodLute"],"max_hp_gain":0,"max_hp_loss":0,"event_name":"Addict","floor":22,"gold_loss":0,"cards_obtained":["Shame"]}],"is_beta":false,"boss_relics":[{"not_picked":["Kintsugi","Runic Dome"],"picked":"reliquary:ThirdArm"}],"items_purged_floors":[8],"is_endless":false,"potions_floor_spawned":[1,4,10,19],"killed_by":"3 Cultists","ascension_level":0}}