{"host":"phniwng9zo19jwdb","time":1613519007,"event":{"mods":["AchievementEnabler","BaseMod","Colored Powertips","Dark Map","Faster Ascension Climbing","GifTheSpireLib","Minty Spire (QoL Compilation)","Permanent Neow","Rare Cards Sparkle","Relic Filter Mod","StSLib","Weighted Paths"],"gold_per_floor":[110,128,128,140,157,192,271,271,353,353,367,397,427,440,440,516,516,526,451,464,464,481,516,11,46,94,94,104,121,121,154,154,227,227,245,1244,1257,1257,682,713,732,767,767,767,785,785,801,833,833,833,833],"floor_reached":50,"language":"ENG","playtime":1944,"items_purged":["Normality"],"score":1558,"play_id":"46917d33-8927-473f-b1f4-1c647e2c6d79","local_time":"20210217004327","is_ascension_mode":true,"campfire_choices":[{"floor":8.0,"key":"REST"},{"data":"Footwork","floor":10.0,"key":"SMITH"},{"data":"Venomology","floor":15.0,"key":"SMITH"},{"data":"1","floor":27.0,"key":"LIFT"},{"data":"Footwork","floor":30.0,"key":"SMITH"},{"floor":32.0,"key":"REST"},{"data":"2","floor":46.0,"key":"LIFT"},{"floor":49,"key":"RECALL"}],"circlet_count":0,"master_deck":["AscendersBane","Strike_G","Strike_G","Defend_G","Defend_G","Defend_G","Defend_G","Survivor","Neutralize","Die Die Die+1","Noxious Fumes+1","Caltrops+1","Acrobatics","Dash","Predator","Footwork+1","Backstab","Footwork+1","Backstab","Venomology+1","Dodge and Roll+1","Leg Sweep+1","Escape Plan","Blade Dance+1","Dodge and Roll","Footwork","Bullet Time","PiercingWail+1","Normality","Reflex","Noxious Fumes","Leg Sweep","Bandage Up","Impatience","Sadistic Nature","Calculated Gamble+1"],"relics":["Astrolabe","Shuriken","TungstenRod","Bottled Tornado","White Beast Statue","Mercury Hourglass","Black Star","Girya","Bag of Marbles","Torii","TwistedFunnel","Bottled Lightning","CaptainsWheel","Snake Skull","War Paint","Nunchaku","Coffee Dripper","Bronze Scales","Anchor","Frozen Eye","Vajra","Omamori","Pear","Smiling Mask","The Courier","Ancient Tea Set"],"acts_visited":["Exordium","TheCity","TheBeyond"],"potions_floor_usage":[50,50],"damage_taken":[{"damage":0.0,"enemies":"Cultist","floor":1.0,"turns":4.0},{"damage":2.0,"enemies":"Jaw Worm","floor":2.0,"turns":4.0},{"damage":4.0,"enemies":"Small Slimes","floor":4.0,"turns":4.0},{"damage":0.0,"enemies":"Gremlin Gang","floor":5.0,"turns":2.0},{"damage":40.0,"enemies":"Gremlin Nob","floor":6.0,"turns":5.0},{"damage":11.0,"enemies":"Large Slime","floor":11.0,"turns":6.0},{"damage":4.0,"enemies":"Exordium Wildlife","floor":12.0,"turns":4.0},{"damage":0.0,"enemies":"3 Sentries","floor":13.0,"turns":4.0},{"damage":2.0,"enemies":"Looter","floor":14.0,"turns":2.0},{"damage":0.0,"enemies":"Hexaghost","floor":16.0,"turns":9.0},{"damage":7.0,"enemies":"3 Byrds","floor":18.0,"turns":4.0},{"damage":8.0,"enemies":"Shell Parasite","floor":20.0,"turns":4.0},{"damage":0.0,"enemies":"Centurion and Healer","floor":22.0,"turns":6.0},{"damage":35.0,"enemies":"Gremlin Leader","floor":23.0,"turns":9.0},{"damage":0.0,"enemies":"Book of Stabbing","floor":25.0,"turns":5.0},{"damage":10.0,"enemies":"Snake Plant","floor":28.0,"turns":3.0},{"damage":0.0,"enemies":"Cultist and Chosen","floor":29.0,"turns":4.0},{"damage":7.0,"enemies":"Slavers","floor":31.0,"turns":2.0},{"damage":5.0,"enemies":"Automaton","floor":33.0,"turns":7.0},{"damage":0.0,"enemies":"3 Darklings","floor":35.0,"turns":4.0},{"damage":0.0,"enemies":"Orb Walker","floor":37.0,"turns":2.0},{"damage":7.0,"enemies":"Giant Head","floor":40.0,"turns":8.0},{"damage":9.0,"enemies":"Writhing Mass","floor":41.0,"turns":5.0},{"damage":24.0,"enemies":"Nemesis","floor":42.0,"turns":7.0},{"damage":0.0,"enemies":"4 Shapes","floor":45.0,"turns":3.0},{"damage":12.0,"enemies":"Maw","floor":47.0,"turns":6.0},{"damage":0.0,"enemies":"Reptomancer","floor":48.0,"turns":7.0},{"damage":67,"enemies":"Time Eater","floor":50,"turns":9}],"seed_played":"-560236548229703317","potions_obtained":[{"floor":5.0,"key":"EssenceOfSteel"},{"floor":6.0,"key":"SteroidPotion"},{"floor":11.0,"key":"ColorlessPotion"},{"floor":12.0,"key":"PowerPotion"},{"floor":13.0,"key":"Fire Potion"},{"floor":14.0,"key":"Poison Potion"},{"floor":16.0,"key":"SpeedPotion"},{"floor":18.0,"key":"Energy Potion"},{"floor":20.0,"key":"GamblersBrew"},{"floor":22.0,"key":"EssenceOfSteel"},{"floor":23.0,"key":"EssenceOfSteel"},{"floor":25.0,"key":"EntropicBrew"},{"floor":29.0,"key":"ColorlessPotion"},{"floor":33.0,"key":"PowerPotion"},{"floor":35.0,"key":"AttackPotion"},{"floor":37.0,"key":"LiquidMemories"},{"floor":40.0,"key":"GamblersBrew"},{"floor":41.0,"key":"Regen Potion"},{"floor":42.0,"key":"EssenceOfSteel"},{"floor":45.0,"key":"ColorlessPotion"},{"floor":47.0,"key":"Regen Potion"},{"floor":48.0,"key":"Fire Potion"}],"is_trial":false,"path_per_floor":["M","M","T","M","M","E","T","R","T","R","M","M","E","M","R","B",null,"M","?","M","?","M","E","$","E","T","R","M","M","R","E","R","B",null,"M","?","M","?","$","E","M","E","T","?","M","R","M","E","R","B"],"character_chosen":"THE_SILENT","items_purchased":["Torii","TwistedFunnel","Bronze Scales","Anchor","Frozen Eye"],"campfire_rested":2,"item_purchase_floors":[24,24,39,39,39],"current_hp_per_floor":[59,57,57,53,53,13,13,32,32,32,21,17,17,15,15,15,53,46,46,38,76,76,41,41,41,41,41,31,31,31,24,46,41,67,67,67,67,67,67,60,51,52,52,43,43,43,35,54,54,0,0],"gold":833,"neow_bonus":"BOSS_RELIC","is_daily":false,"chose_seed":false,"campfire_upgraded":3,"win_rate":0.0,"timestamp":1613519007,"path_taken":["M","M","?","?","M","E","?","R","T","R","M","?","E","?","R","BOSS","M","?","M","?","M","E","$","E","T","R","?","M","R","E","R","BOSS","M","?","M","?","?","E","M","E","T","?","M","R","M","E","R","BOSS"],"items_purchased_type":["Relic","Relic","Relic","Relic","Relic"],"build_version":"2020-12-22","purchased_purges":1,"victory":false,"max_hp_per_floor":[66,66,66,66,66,66,66,66,66,66,66,66,66,66,66,66,66,66,66,66,76,76,76,76,76,76,76,76,76,76,76,76,76,76,76,76,76,72,72,72,72,82,82,82,82,82,82,82,82,82,82],"card_choices":[{"not_picked":["Quick Slash","Slice"],"picked":"Acrobatics","floor":1.0},{"not_picked":["Underhanded Strike","All Out Attack"],"picked":"Dash","floor":2.0},{"not_picked":["Underhanded Strike","Poisoned Stab"],"picked":"Predator","floor":4.0},{"not_picked":["Distraction","Dagger Spray","Predator"],"picked":"SKIP","floor":5.0},{"not_picked":["Noxious Fumes","Acrobatics"],"picked":"Footwork","floor":6.0},{"not_picked":["Poisoned Stab","Dodge and Roll"],"picked":"Backstab","floor":11.0},{"not_picked":["Blur","Deadly Poison"],"picked":"Footwork","floor":12.0},{"not_picked":["Underhanded Strike","Blur"],"picked":"Backstab","floor":13.0},{"not_picked":["Slice","Dagger Spray"],"picked":"Venomology","floor":14.0},{"not_picked":["Night Terror","Phantasmal Killer"],"picked":"Venomology","floor":16.0},{"not_picked":["Catalyst","Bane"],"picked":"Dodge and Roll+1","floor":18.0},{"not_picked":["PiercingWail","Underhanded Strike"],"picked":"Leg Sweep","floor":20.0},{"not_picked":["Quick Slash","Flying Knee"],"picked":"Escape Plan","floor":22.0},{"not_picked":["Bouncing Flask","Underhanded Strike"],"picked":"Blade Dance","floor":23.0},{"not_picked":["Predator","Well Laid Plans","Accuracy"],"picked":"SKIP","floor":25.0},{"not_picked":["Skewer","Prepared"],"picked":"Dodge and Roll","floor":28.0},{"not_picked":["Wraith Form v2","Slice+1"],"picked":"Footwork","floor":29.0},{"not_picked":["Dagger Throw","Dagger Spray","Dodge and Roll"],"picked":"SKIP","floor":31.0},{"not_picked":["Phantasmal Killer","Malaise"],"picked":"Bullet Time","floor":33.0},{"not_picked":["Blade Dance","Dodge and Roll"],"picked":"PiercingWail+1","floor":35.0},{"not_picked":["Poisoned Stab","Well Laid Plans"],"picked":"Reflex","floor":37.0},{"not_picked":["Dagger Throw","Sucker Punch"],"picked":"Noxious Fumes","floor":40.0},{"not_picked":["Dagger Spray","Underhanded Strike","Reflex"],"picked":"SKIP","floor":41.0},{"not_picked":["Outmaneuver","Masterful Stab"],"picked":"Leg Sweep","floor":42.0},{"not_picked":["Forethought","Mind Blast"],"picked":"Bandage Up","floor":44.0},{"not_picked":["Dramatic Entrance","Jack Of All Trades"],"picked":"Impatience","floor":44.0},{"not_picked":["Trip","Enlightenment"],"picked":"Sadistic Nature","floor":44.0},{"not_picked":["Tactician","Cloak And Dagger","Quick Slash"],"picked":"SKIP","floor":45.0},{"not_picked":["Slice","Endless Agony","Outmaneuver"],"picked":"SKIP","floor":47.0},{"not_picked":["Prepared","Dagger Throw"],"picked":"Calculated Gamble+1","floor":48.0}],"player_experience":152798,"relics_obtained":[{"floor":3.0,"key":"Shuriken"},{"floor":6.0,"key":"TungstenRod"},{"floor":7.0,"key":"Bottled Tornado"},{"floor":9.0,"key":"White Beast Statue"},{"floor":13.0,"key":"Mercury Hourglass"},{"floor":23.0,"key":"Girya"},{"floor":23.0,"key":"Bag of Marbles"},{"floor":25.0,"key":"Bottled Lightning"},{"floor":25.0,"key":"CaptainsWheel"},{"floor":26.0,"key":"Snake Skull"},{"floor":31.0,"key":"War Paint"},{"floor":31.0,"key":"Nunchaku"},{"floor":40.0,"key":"Vajra"},{"floor":40.0,"key":"Omamori"},{"floor":42.0,"key":"Pear"},{"floor":42.0,"key":"Smiling Mask"},{"floor":48.0,"key":"The Courier"},{"floor":48.0,"key":"Ancient Tea Set"}],"event_choices":[{"cards_removed":["Strike_G"],"damage_healed":0.0,"max_hp_gain":0.0,"max_hp_loss":0.0,"gold_gain":0.0,"event_name":"Beggar","player_choice":"Gave Gold","floor":19.0,"gold_loss":75.0,"damage_taken":0.0},{"cards_removed":["Venomology"],"damage_healed":28.0,"max_hp_gain":10.0,"max_hp_loss":0.0,"gold_gain":0.0,"event_name":"Bonfire Elementals","player_choice":"Offered Rare","floor":21.0,"gold_loss":0.0,"damage_taken":0.0},{"damage_healed":0.0,"max_hp_gain":0.0,"max_hp_loss":0.0,"gold_gain":999.0,"event_name":"MindBloom","player_choice":"Gold","floor":36.0,"gold_loss":0.0,"damage_taken":0.0,"cards_obtained":["Normality","Normality"]},{"damage_healed":0.0,"max_hp_gain":0.0,"max_hp_loss":4.0,"gold_gain":0.0,"event_name":"Winding Halls","player_choice":"Max HP","floor":38.0,"gold_loss":0.0,"damage_taken":0.0},{"damage_healed":0.0,"max_hp_gain":0.0,"max_hp_loss":0.0,"gold_gain":0.0,"event_name":"SensoryStone","player_choice":"Memory 3","floor":44.0,"gold_loss":0.0,"damage_taken":10.0}],"is_beta":false,"boss_relics":[{"not_picked":["Calling Bell","Busted Crown"],"picked":"Black Star"},{"not_picked":["Pandora\u0027s Box","Sozu"],"picked":"Coffee Dripper"}],"items_purged_floors":[39],"is_endless":false,"potions_floor_spawned":[5,6,11,12,13,14,16,18,20,22,23,25,28,29,31,33,35,37,40,41,42,45,47,48],"killed_by":"Time Eater","ascension_level":20}}