{"host":"syfsfjmzue8y1a6l","time":1613455849,"event":{"mods":["AchievementEnabler","BaseMod","Colored Map","DeckTracker","Minty Spire (QoL Compilation)","SuperFastMode"],"gold_per_floor":[113,130,147,98,48,83,83,112,112,130,149,224,243,257,257,257,257],"floor_reached":16,"language":"KOR","playtime":1019,"items_purged":[],"score":114,"play_id":"85e04fe8-d408-426e-9bbd-773aa38db301","local_time":"20210216151049","is_ascension_mode":false,"campfire_choices":[{"data":"ClearTheMind","floor":15,"key":"SMITH"}],"circlet_count":0,"master_deck":["Strike_P","Strike_P","Strike_P","Strike_P","Defend_P","Defend_P","Defend_P","Eruption","Vigilance","Prostrate","Study","Brilliance","JustLucky","EmptyBody","Prostrate","ClearTheMind+1","FearNoEvil","Vengeance"],"relics":["PureWater","Juzu Bracelet","Bronze Scales","Unceasing Top","Shuriken"],"acts_visited":["Exordium"],"potions_floor_usage":[8,16,16,16],"damage_taken":[{"damage":1,"enemies":"Jaw Worm","floor":1,"turns":5},{"damage":1,"enemies":"2 Louse","floor":2,"turns":3},{"damage":2,"enemies":"Small Slimes","floor":3,"turns":7},{"damage":23,"enemies":"Gremlin Nob","floor":6,"turns":4},{"damage":24,"enemies":"Lagavulin","floor":8,"turns":5},{"damage":2,"enemies":"Blue Slaver","floor":10,"turns":3},{"damage":12,"enemies":"Large Slime","floor":11,"turns":5},{"damage":0,"enemies":"Exordium Thugs","floor":13,"turns":3},{"damage":0,"enemies":"2 Fungi Beasts","floor":14,"turns":4},{"damage":31,"enemies":"Slime Boss","floor":16,"turns":6}],"seed_played":"8804653256877930381","potions_obtained":[{"floor":6,"key":"Block Potion"},{"floor":8,"key":"FearPotion"},{"floor":10,"key":"BlessingOfTheForge"},{"floor":11,"key":"SteroidPotion"},{"floor":14,"key":"Fruit Juice"}],"is_trial":false,"path_per_floor":["M","M","M","$","?","E","?","E","T","M","M","?","M","M","R","B"],"character_chosen":"WATCHER","items_purchased":["JustLucky"],"campfire_rested":0,"item_purchase_floors":[4],"current_hp_per_floor":[71,70,68,68,68,45,69,45,45,43,31,20,20,20,20,0,0],"gold":257,"neow_bonus":"RANDOM_COMMON_RELIC","is_daily":false,"chose_seed":false,"campfire_upgraded":1,"win_rate":0.0,"timestamp":1613455849,"path_taken":["M","M","M","$","?","E","?","E","T","M","M","?","M","M","R","BOSS"],"items_purchased_type":["Card"],"build_version":"2020-12-22","purchased_purges":0,"victory":false,"max_hp_per_floor":[72,72,72,72,72,72,72,72,72,72,72,72,72,72,72,77,77],"card_choices":[{"not_picked":["Protect","FlyingSleeves"],"picked":"Prostrate","floor":1},{"not_picked":["PathToVictory","Consecrate"],"picked":"Study","floor":2},{"not_picked":["Swivel","Wallop"],"picked":"Brilliance","floor":3},{"not_picked":["WindmillStrike","SashWhip"],"picked":"EmptyBody","floor":6},{"not_picked":["SashWhip","CutThroughFate"],"picked":"Prostrate","floor":8},{"not_picked":["Nirvana","Perseverance"],"picked":"ClearTheMind","floor":10},{"not_picked":["Indignation","JustLucky"],"picked":"FearNoEvil","floor":11},{"not_picked":["TalkToTheHand","Weave","WheelKick"],"picked":"SKIP","floor":13},{"not_picked":["WheelKick","BowlingBash"],"picked":"Vengeance","floor":14}],"player_experience":81517,"relics_obtained":[{"floor":6,"key":"Bronze Scales"},{"floor":8,"key":"Unceasing Top"},{"floor":9,"key":"Shuriken"}],"event_choices":[{"cards_removed":["Defend_P"],"damage_healed":0,"gold_gain":0,"player_choice":"Card Removal","damage_taken":0,"max_hp_gain":0,"max_hp_loss":0,"event_name":"The Cleric","floor":5,"gold_loss":50},{"damage_healed":24,"gold_gain":0,"player_choice":"Banana","damage_taken":0,"max_hp_gain":0,"max_hp_loss":0,"event_name":"Big Fish","floor":7,"gold_loss":0},{"damage_healed":0,"gold_gain":75,"player_choice":"Gather Gold","damage_taken":11,"max_hp_gain":0,"max_hp_loss":0,"event_name":"World of Goop","floor":12,"gold_loss":0}],"is_beta":false,"boss_relics":[],"items_purged_floors":[],"is_endless":false,"potions_floor_spawned":[6,8,10,11,14],"killed_by":"Slime Boss","ascension_level":0}}