{"host":"ne5hixkhdtkevwwo","time":1613485380,"event":{"mods":["BaseMod","Downfall","Minty Spire (QoL Compilation)","Relic Stats","StSLib"],"gold_per_floor":[0,13,31,50,50,50,50,64,64,91,112,127,127,152,169,264,264,64,84,99,9,9,34,61,83,92,119,128,22,22,22,22],"floor_reached":30,"language":"ENG","playtime":1757,"items_purged":["Guardian:Strike_Guardian","Guardian:Strike_Guardian"],"score":276,"play_id":"fd7555b0-1bcb-4c14-9e23-c3d83b9e00ac","local_time":"20210216152300","is_ascension_mode":true,"campfire_choices":[{"data":"1","floor":1,"key":"LIFT"},{"data":"2","floor":6,"key":"LIFT"},{"data":"3","floor":9,"key":"LIFT"},{"data":"Guardian:WalkerClaw","floor":18,"key":"SMITH"}],"circlet_count":0,"master_deck":["Guardian:Strike_Guardian","Guardian:Strike_Guardian","Guardian:Defend_Guardian","Guardian:Defend_Guardian","Guardian:Defend_Guardian","Guardian:Defend_Guardian+1","Guardian:CurlUp","Guardian:TwinSlam+1","Guardian:Recover","Guardian:WalkerClaw+1","Guardian:StasisStrike","Guardian:FloatingOrbs","Guardian:TimeCapacitor","Guardian:WalkerClaw+1","Guardian:FastForward","Guardian:StasisStrike","Guardian:PolyBeam","Guardian:FloatingOrbs","Guardian:SentryBeam","Necronomicurse","Guardian:TemporalShield"],"relics":["Guardian:ModeShifter","Girya","Eternal Feather","Odd Mushroom","Letter Opener","Sozu","downfall:HeartBlessingGreen","downfall:HeartBlessingBlue","Red Mask","CeramicFish","Necronomicon"],"acts_visited":["Exordium","TheCity"],"potions_floor_usage":[10,14,16,21],"damage_taken":[{"damage":1,"enemies":"Cultist","floor":2,"turns":4},{"damage":1,"enemies":"2 Louse","floor":3,"turns":2},{"damage":2,"enemies":"Jaw Worm","floor":4,"turns":3},{"damage":6,"enemies":"Large Slime","floor":8,"turns":5},{"damage":15,"enemies":"3 Sentries","floor":10,"turns":4},{"damage":13,"enemies":"The Mushroom Lair","floor":11,"turns":3},{"damage":5,"enemies":"3 Louse","floor":12,"turns":4},{"damage":22,"enemies":"Gremlin Nob","floor":14,"turns":4},{"damage":9,"enemies":"Red Slaver","floor":15,"turns":3},{"damage":4,"enemies":"SI_SHIV_ARCHETYPE","floor":16,"turns":5},{"damage":5,"enemies":"downfall:LooterAlt2","floor":19,"turns":3},{"damage":6,"enemies":"3 Byrds","floor":20,"turns":5},{"damage":10,"enemies":"downfall:FleeingMerchant","floor":21,"turns":4},{"damage":7,"enemies":"Masked Bandits","floor":23,"turns":4},{"damage":4,"enemies":"Snecko","floor":25,"turns":3},{"damage":24,"enemies":"Snake Plant","floor":27,"turns":4},{"damage":3,"enemies":"downfall:FleeingMerchant","floor":29,"turns":4},{"damage":18,"enemies":"Book of Stabbing","floor":30,"turns":2}],"seed_played":"5253758428932066080","potions_obtained":[{"floor":4,"key":"Strength Potion"},{"floor":11,"key":"CultistPotion"},{"floor":12,"key":"BlessingOfTheForge"},{"floor":14,"key":"champ:CounterPotion"}],"is_trial":false,"path_per_floor":["R","M","M","M","?","R","T","M","R","E","?","M","?","E","M","B",null,"R","M","M","$","?","?","T","M","?","M","?","$","E"],"character_chosen":"GUARDIAN","items_purchased":[],"campfire_rested":0,"item_purchase_floors":[],"current_hp_per_floor":[80,79,78,76,76,76,76,70,70,55,42,37,37,15,6,2,80,90,85,79,69,69,62,62,58,58,34,18,15,0,0,0],"gold":22,"neow_bonus":"ONE_RARE_RELIC","is_daily":false,"chose_seed":false,"campfire_upgraded":1,"win_rate":0.0,"timestamp":1613485380,"path_taken":["R","M","M","M","?","R","T","M","R","E","?","M","?","E","M","BOSS","R","M","M","$","?","?","T","M","?","?","?","$","E"],"items_purchased_type":[],"build_version":"2020-12-22","purchased_purges":2,"victory":false,"max_hp_per_floor":[80,80,80,80,80,80,80,80,80,80,80,80,80,80,80,80,80,90,90,90,90,90,90,90,90,90,90,90,90,90,90,90],"relic_stats":{"Sozu":2,"counters":[18,66],"CeramicFish":45,"Eternal Feather":0,"Necronomicon":[2],"Letter Opener":[15],"obtain_stats":[{"Sozu":17,"Girya":0,"downfall:HeartBlessingBlue":18,"CeramicFish":24,"Guardian:ModeShifter":0,"Eternal Feather":10,"downfall:HeartBlessingGreen":18,"Red Mask":23,"Necronomicon":28,"Letter Opener":14,"Odd Mushroom":11},{"Sozu":10,"Girya":0,"downfall:HeartBlessingBlue":10,"CeramicFish":14,"Guardian:ModeShifter":0,"Eternal Feather":5,"downfall:HeartBlessingGreen":10,"Red Mask":14,"Necronomicon":16,"Letter Opener":8,"Odd Mushroom":6},{"Sozu":37,"Girya":0,"downfall:HeartBlessingBlue":37,"CeramicFish":53,"Guardian:ModeShifter":0,"Eternal Feather":18,"downfall:HeartBlessingGreen":37,"Red Mask":53,"Necronomicon":60,"Letter Opener":29,"Odd Mushroom":21}]},"card_choices":[{"not_picked":["Guardian:BronzeOrb","Guardian:TemporalStrike"],"picked":"Guardian:Recover","floor":2},{"not_picked":["Guardian:ChargeCore","Guardian:Gem_Blue"],"picked":"Guardian:WalkerClaw","floor":3},{"not_picked":["Guardian:CrystalBeam","Guardian:TemporalShield"],"picked":"Guardian:Gem_Red","floor":4},{"not_picked":["Guardian:ShieldCharger","Guardian:ChargeCore"],"picked":"Guardian:StasisStrike","floor":8},{"not_picked":["Guardian:SpikerProtocol","Guardian:ChargeCore"],"picked":"Guardian:FloatingOrbs","floor":10},{"not_picked":["Guardian:Reroute","Guardian:Preprogram","Guardian:CrystalBeam"],"picked":"SKIP","floor":12},{"not_picked":["Guardian:Suspension","Guardian:Incinerate"],"picked":"Guardian:TimeCapacitor","floor":14},{"not_picked":["Guardian:Planning","Guardian:GuardianWhirl"],"picked":"Guardian:WalkerClaw","floor":15},{"not_picked":["Guardian:GemFire","Guardian:Gem_Synthetic"],"picked":"Guardian:FastForward","floor":16},{"not_picked":["Guardian:Gem_Purple","Guardian:PrismaticBeam+1","Guardian:ShieldCharger"],"picked":"SKIP","floor":19},{"not_picked":["Guardian:RefractedBeam","Guardian:PiercingHide","Guardian:Gem_Green"],"picked":"SKIP","floor":20},{"not_picked":["Guardian:Gem_Red","Guardian:ShieldCharger","Guardian:Gem_Purple"],"picked":"SKIP","floor":21},{"not_picked":["Guardian:TemporalStrike","Guardian:SentryBeam"],"picked":"Guardian:StasisStrike","floor":23},{"not_picked":["Guardian:WalkerClaw","Guardian:PrismaticBeam"],"picked":"Guardian:PolyBeam","floor":25},{"not_picked":["Guardian:Gem_Red","Guardian:PrismaticBarrier"],"picked":"Guardian:SentryBeam","floor":27},{"not_picked":["Guardian:CrystalBeam","Guardian:Orbwalk"],"picked":"Guardian:TemporalShield","floor":29}],"player_experience":1080916,"relics_obtained":[{"floor":10,"key":"Eternal Feather"},{"floor":11,"key":"Odd Mushroom"},{"floor":14,"key":"Letter Opener"},{"floor":23,"key":"Red Mask"},{"floor":24,"key":"CeramicFish"},{"floor":28,"key":"Necronomicon"}],"event_choices":[{"damage_healed":0,"gold_gain":0,"player_choice":"Fought Mushrooms","damage_taken":0,"max_hp_gain":0,"max_hp_loss":0,"event_name":"Mushrooms","floor":11,"gold_loss":0},{"cards_removed":["downfall:Malfunctioning"],"damage_healed":0,"gold_gain":0,"player_choice":"Forget","damage_taken":0,"max_hp_gain":0,"max_hp_loss":0,"event_name":"Living Wall","floor":13,"gold_loss":0},{"damage_healed":0,"gold_gain":0,"player_choice":"Fought Bandits","damage_taken":0,"max_hp_gain":0,"max_hp_loss":0,"event_name":"Masked Bandits","floor":23,"gold_loss":0}],"is_beta":false,"boss_relics":[{"not_picked":["Empty Cage","Tiny House"],"picked":"Sozu"}],"items_purged_floors":[21,29],"is_endless":false,"potions_floor_spawned":[4,11,12,14,25,27],"killed_by":"Book of Stabbing","ascension_level":3}}