{"host":"h5fgmkg3q5qe8ocv","time":1613486181,"event":{"mods":["AchievementEnabler","BaseMod","Colored Map","Minty Spire (QoL Compilation)"],"gold_per_floor":[115,40,140,150,163,173,208,208,233,257,257,287,303,322,322,322,322],"floor_reached":16,"language":"ENG","playtime":1230,"items_purged":["Strike_P"],"score":112,"play_id":"86b44e7f-0bcb-4e29-aa17-7fc80411b0b2","local_time":"20210216153621","is_ascension_mode":false,"campfire_choices":[{"data":"ThirdEye","floor":8,"key":"SMITH"},{"data":"SignatureMove","floor":11,"key":"SMITH"},{"data":"PathToVictory","floor":15,"key":"SMITH"}],"circlet_count":0,"master_deck":["Strike_P","Strike_P","Strike_P","Defend_P","Defend_P","Defend_P","Defend_P","Eruption","Vigilance+1","ThirdEye+1","SignatureMove+1","Consecrate","WaveOfTheHand","PathToVictory+1"],"relics":["PureWater","Oddly Smooth Stone","Nunchaku","PreservedInsect"],"acts_visited":["Exordium"],"potions_floor_usage":[7,14,14,14,16],"damage_taken":[{"damage":1,"enemies":"Jaw Worm","floor":1,"turns":5},{"damage":0,"enemies":"Cultist","floor":4,"turns":5},{"damage":0,"enemies":"Small Slimes","floor":5,"turns":1},{"damage":0,"enemies":"Blue Slaver","floor":6,"turns":2},{"damage":45,"enemies":"Gremlin Nob","floor":7,"turns":4},{"damage":2,"enemies":"Lagavulin","floor":12,"turns":8},{"damage":1,"enemies":"Looter","floor":13,"turns":4},{"damage":0,"enemies":"Exordium Thugs","floor":14,"turns":4},{"damage":23,"enemies":"Hexaghost","floor":16,"turns":9}],"seed_played":"8459680350420517892","potions_obtained":[{"floor":4,"key":"Block Potion"},{"floor":5,"key":"PowerPotion"},{"floor":6,"key":"ColorlessPotion"},{"floor":13,"key":"ColorlessPotion"},{"floor":14,"key":"FearPotion"}],"is_trial":false,"path_per_floor":["M","$","?","M","M","M","E","R","T","T","R","E","M","M","R","B"],"character_chosen":"WATCHER","items_purchased":[],"campfire_rested":0,"item_purchase_floors":[],"current_hp_per_floor":[71,71,71,71,71,71,26,26,26,26,26,24,23,23,23,0,0],"gold":322,"neow_bonus":"UPGRADE_CARD","is_daily":false,"chose_seed":false,"campfire_upgraded":3,"win_rate":0.0,"timestamp":1613486181,"path_taken":["M","$","?","?","?","M","E","R","T","?","R","E","M","M","R","BOSS"],"items_purchased_type":[],"build_version":"2020-12-22","purchased_purges":1,"victory":false,"max_hp_per_floor":[72,72,72,72,72,72,72,72,72,72,72,72,72,72,72,72,72],"card_choices":[{"not_picked":["FlurryOfBlows","ClearTheMind"],"picked":"ThirdEye","floor":1},{"not_picked":["CrushJoints","CarveReality"],"picked":"SignatureMove","floor":4},{"not_picked":["Study","CrushJoints","SashWhip"],"picked":"SKIP","floor":5},{"not_picked":["SashWhip","Adaptation"],"picked":"Consecrate","floor":6},{"not_picked":["Fasting2","Crescendo"],"picked":"WaveOfTheHand","floor":7},{"not_picked":["MasterReality","Sanctity","FlurryOfBlows"],"picked":"SKIP","floor":12},{"not_picked":["Tantrum","SashWhip"],"picked":"PathToVictory","floor":13},{"not_picked":["Fasting2","Indignation","JustLucky"],"picked":"SKIP","floor":14}],"player_experience":43965,"relics_obtained":[{"floor":7,"key":"Oddly Smooth Stone"},{"floor":9,"key":"Nunchaku"},{"floor":12,"key":"PreservedInsect"}],"event_choices":[{"damage_healed":0,"gold_gain":100,"player_choice":"Pray","damage_taken":0,"max_hp_gain":0,"max_hp_loss":0,"event_name":"Golden Shrine","floor":3,"gold_loss":0}],"is_beta":false,"boss_relics":[],"items_purged_floors":[2],"is_endless":false,"potions_floor_spawned":[4,5,6,13,14],"killed_by":"Hexaghost","ascension_level":0}}