{"host":"Cenci","time":1613500178,"event":{"mods":["BaseMod","Bestiary","Downfall","Highlight Path","Minty Spire (QoL Compilation)","StSLib"],"gold_per_floor":[99,99,399,399,399,425,425,425,444,344,373,39,59,77,93,195,195,195,105,90,103,103,103,103,103],"floor_reached":23,"language":"ENG","playtime":1141,"items_purged":["downfall:Icky"],"score":275,"play_id":"debfdb4f-1c18-4694-b7ae-ee36d60395be","local_time":"20210216192938","is_ascension_mode":true,"campfire_choices":[{"floor":1,"key":"RECALL"},{"data":"bronze:Shell","floor":10,"key":"SMITH"},{"data":"bronze:FindAndReplace","floor":18,"key":"SMITH"}],"circlet_count":0,"master_deck":["bronze:Strike","bronze:Strike","bronze:Strike","bronze:Strike","bronze:Defend","bronze:Defend","bronze:Defend","bronze:Defend","bronze:Replicate","bronze:Goto","downfall:Icky","bronze:CloningBeam","bronze:Shell+1","bronze:Constructor","bronze:Shell","bronze:Shell","bronze:HardenedForm","bronze:Branch","bronze:FollowUp","bronze:Fortify","bronze:Fortify","bronze:FindAndReplace+1"],"relics":["bronze:BronzeCore","downfall:HeartsMalice","downfall:ShatteredFragment","Regal Pillow","Thread and Needle","downfall:HeartBlessingRed","MawBank","SacredBark"],"acts_visited":["Exordium","TheCity"],"potions_floor_usage":[20,23],"damage_taken":[{"damage":0,"enemies":"Small Slimes","floor":4,"turns":1},{"damage":0,"enemies":"Jaw Worm","floor":5,"turns":1},{"damage":0,"enemies":"Lagavulin","floor":6,"turns":1},{"damage":1,"enemies":"Cultist","floor":9,"turns":4},{"damage":7,"enemies":"Gremlin Nob","floor":11,"turns":5},{"damage":0,"enemies":"downfall:FleeingMerchant","floor":12,"turns":4},{"damage":0,"enemies":"Lots of Slimes","floor":13,"turns":5},{"damage":9,"enemies":"3 Louse","floor":14,"turns":2},{"damage":9,"enemies":"Blue Slaver","floor":15,"turns":2},{"damage":17,"enemies":"IC_STATUS_ARCHETYPE","floor":16,"turns":14},{"damage":0,"enemies":"downfall:FleeingMerchant","floor":19,"turns":4},{"damage":0,"enemies":"downfall:FleeingMerchant","floor":20,"turns":4},{"damage":0,"enemies":"Shell Parasite","floor":21,"turns":7},{"damage":102,"enemies":"Slavers","floor":23,"turns":6}],"seed_played":"-1459096479375935872","potions_obtained":[{"floor":8,"key":"LiquidMemories"},{"floor":8,"key":"LiquidBronze"},{"floor":8,"key":"FairyPotion"},{"floor":14,"key":"Dexterity Potion"},{"floor":21,"key":"BlessingOfTheForge"}],"is_trial":false,"path_per_floor":["R","?","?","M","M","E","T","?","M","R","E","$","M","M","M","B",null,"R","$","$","M","?","E"],"character_chosen":"THE_AUTOMATON","items_purchased":["bronze:Shell","bronze:HardenedForm","bronze:Branch","bronze:FollowUp"],"campfire_rested":0,"item_purchase_floors":[12,12,12,12],"current_hp_per_floor":[70,49,49,49,49,49,49,49,48,48,41,41,41,32,23,6,54,54,54,54,54,54,0,0,0],"gold":103,"neow_bonus":"THREE_ENEMY_KILL","is_daily":false,"chose_seed":false,"campfire_upgraded":2,"win_rate":0.0,"timestamp":1613500178,"path_taken":["R","?","?","M","M","E","T","?","M","R","E","$","M","?","M","BOSS","R","?","$","M","?","E"],"items_purchased_type":["Card","Card","Card","Card"],"build_version":"2020-11-17","purchased_purges":1,"victory":false,"max_hp_per_floor":[70,70,70,70,70,70,70,70,70,70,70,70,70,70,70,70,70,70,70,70,70,70,70,70,70],"card_choices":[{"not_picked":["bronze:Overheat","bronze:CutThrough"],"picked":"bronze:CloningBeam","floor":4},{"not_picked":["bronze:Frontload","bronze:Optimize","bronze:BuggyMess"],"picked":"SKIP","floor":5},{"not_picked":["bronze:BitShift","bronze:BurnOut"],"picked":"bronze:Shell","floor":6},{"not_picked":["bronze:CutThrough","bronze:BronzeArmor"],"picked":"bronze:Constructor","floor":9},{"not_picked":["bronze:ForceShield","bronze:Library"],"picked":"bronze:Shell","floor":11},{"not_picked":["bronze:Separator","bronze:Turbo","bronze:ShipIt"],"picked":"SKIP","floor":12},{"not_picked":["bronze:Branch","bronze:Overheat"],"picked":"bronze:Fortify","floor":13},{"not_picked":["bronze:WildBeam","bronze:ForLoop","bronze:BugBarrage"],"picked":"SKIP","floor":14},{"not_picked":["bronze:Turbo","bronze:Return"],"picked":"bronze:Fortify","floor":15},{"not_picked":["bronze:RecursiveStrike","bronze:CleanCode"],"picked":"bronze:FindAndReplace","floor":16},{"not_picked":["bronze:Separator","bronze:Invalidate","bronze:CloningBeam+1"],"picked":"SKIP","floor":19},{"not_picked":["bronze:Flail","bronze:WhirlingStrike+1","bronze:Deprecate"],"picked":"SKIP","floor":20},{"not_picked":["bronze:BitShift","bronze:Separator","bronze:DigitalCarnage"],"picked":"SKIP","floor":21}],"player_experience":347753,"relics_obtained":[{"floor":6,"key":"Regal Pillow"},{"floor":7,"key":"Thread and Needle"},{"floor":11,"key":"MawBank"}],"event_choices":[{"damage_healed":0,"gold_gain":0,"player_choice":"Got Potions","damage_taken":0,"max_hp_gain":0,"max_hp_loss":0,"event_name":"Lab","floor":8,"gold_loss":0}],"is_beta":true,"boss_relics":[{"not_picked":["Busted Crown","Pandora\u0027s Box"],"picked":"SacredBark"}],"items_purged_floors":[19],"is_endless":false,"potions_floor_spawned":[9,11,14,16,21],"killed_by":"Slavers","ascension_level":5}}