{"host":"vhifjdba66khcqwn","time":1613502203,"event":{"mods":["AchievementEnabler","BaseMod","Bestiary","Energized Spire","Minty Spire (QoL Compilation)","Practice Mode","Relic Stats","Spicy Shops","StSLib","slay the spire mod where everything is the same but ironclad has a cowboy hat"],"gold_per_floor":[117,131,156,172,183,202,202,212,231,257,257,277,277,296,326,341,23,52,52,131,131,144,324,344,364,377,377,377],"floor_reached":27,"language":"ENG","playtime":1389,"items_purged":["Strike_B"],"score":490,"play_id":"3575d752-f00a-43c4-a3b5-f517d3cecb7b","local_time":"20210216110323","is_ascension_mode":true,"campfire_choices":[{"data":"Zap","floor":7.0,"key":"SMITH"},{"data":"Darkness","floor":13.0,"key":"SMITH"},{"data":"ForeignInfluence","floor":19,"key":"SMITH"}],"circlet_count":0,"master_deck":["AscendersBane","Defend_B","Defend_B","Defend_B","Defend_B","Zap+1","Dualcast","Chill","Steam","BootSequence","Darkness+1","Ball Lightning","Doom and Gloom","White Noise","Leap","Echo Form","Conserve Battery","ForeignInfluence+1","Corruption","FTL+1","Meteor Strike+1","Steam Power+1","Turbo"],"relics":["Cracked Core","FossilizedHelix","Bag of Preparation","Ancient Tea Set","Pantograph","Ornamental Fan","PrismaticShard","Happy Flower","Pocketwatch","Astrolabe"],"acts_visited":["TheCity"],"potions_floor_usage":[15,20,27],"damage_taken":[{"damage":1.0,"enemies":"Cultist","floor":1.0,"turns":4.0},{"damage":0.0,"enemies":"2 Louse","floor":2.0,"turns":3.0},{"damage":0.0,"enemies":"Jaw Worm","floor":4.0,"turns":3.0},{"damage":8.0,"enemies":"Exordium Thugs","floor":5.0,"turns":6.0},{"damage":0.0,"enemies":"2 Fungi Beasts","floor":6.0,"turns":4.0},{"damage":8.0,"enemies":"Large Slime","floor":8.0,"turns":5.0},{"damage":0.0,"enemies":"Looter","floor":9.0,"turns":3.0},{"damage":0.0,"enemies":"3 Louse","floor":12.0,"turns":2.0},{"damage":0.0,"enemies":"Blue Slaver","floor":14.0,"turns":3.0},{"damage":19,"enemies":"Gremlin Nob","floor":15,"turns":4},{"damage":1,"enemies":"Large Slime","floor":16,"turns":6},{"damage":0,"enemies":"Lagavulin","floor":18,"turns":5},{"damage":6,"enemies":"The Guardian","floor":20,"turns":6},{"damage":18,"enemies":"3 Byrds","floor":22,"turns":4},{"damage":0,"enemies":"Shell Parasite","floor":24,"turns":4},{"damage":16,"enemies":"Sentry and Sphere","floor":25,"turns":5},{"damage":0,"enemies":"Chosen and Byrds","floor":26,"turns":6},{"damage":7,"enemies":"Book of Stabbing","floor":27,"turns":2}],"seed_played":"7893354449069573822","potions_obtained":[{"floor":2.0,"key":"SpeedPotion"},{"floor":8.0,"key":"Energy Potion"},{"floor":9.0,"key":"Block Potion"},{"floor":16,"key":"LiquidMemories"},{"floor":20,"key":"FocusPotion"}],"is_trial":false,"path_per_floor":["M","M","T","M","M","M","R","M","M","T","T","M","R","M","E","M","$","E","R","B",null,"M","?","M","M","M","E"],"character_chosen":"DEFECT","items_purchased":["PrismaticShard","Happy Flower"],"campfire_rested":0,"item_purchase_floors":[17,17],"current_hp_per_floor":[63,63,63,63,55,55,55,47,47,47,47,47,47,47,28,27,27,27,27,46,60,42,23,23,7,7,0,0],"gold":377,"neow_bonus":"ONE_RARE_RELIC","is_daily":false,"chose_seed":false,"campfire_upgraded":3,"win_rate":0.0,"timestamp":1613502203,"path_taken":["M","M","?","M","M","?","R","M","M","T","T","M","R","M","E","M","$","E","R","BOSS","M","?","?","M","M","E"],"items_purchased_type":["Relic","Relic"],"build_version":"2020-12-22","purchased_purges":1,"victory":false,"max_hp_per_floor":[64,64,64,64,64,64,64,64,64,64,64,64,64,64,64,64,64,64,64,64,64,64,64,64,64,64,64,64],"relic_stats":{"Happy Flower":[10],"counters":[16,68],"Ornamental Fan":[12],"Pantograph":25,"Astrolabe":["FTL","Meteor Strike","Steam Power"],"Bag of Preparation":[32],"obtain_stats":[{"Happy Flower":17,"Ornamental Fan":15,"Pantograph":11,"Astrolabe":21,"Bag of Preparation":3,"Cracked Core":0,"Ancient Tea Set":10,"PrismaticShard":17,"FossilizedHelix":0,"Pocketwatch":18},{"Happy Flower":9,"Ornamental Fan":8,"Pantograph":5,"Astrolabe":11,"Bag of Preparation":0,"Cracked Core":0,"Ancient Tea Set":5,"PrismaticShard":9,"FossilizedHelix":0,"Pocketwatch":10},{"Happy Flower":36,"Ornamental Fan":30,"Pantograph":21,"Astrolabe":47,"Bag of Preparation":0,"Cracked Core":0,"Ancient Tea Set":21,"PrismaticShard":36,"FossilizedHelix":0,"Pocketwatch":41}],"Pocketwatch":[15]},"card_choices":[{"not_picked":["Go for the Eyes","Gash"],"picked":"Chill","floor":1.0},{"not_picked":["Lockon","Beam Cell"],"picked":"Steam","floor":2.0},{"not_picked":["Beam Cell","Consume"],"picked":"BootSequence","floor":4.0},{"not_picked":["Rebound","Stack"],"picked":"Darkness","floor":5.0},{"not_picked":["Static Discharge","Barrage"],"picked":"Ball Lightning","floor":6.0},{"not_picked":["Amplify","Self Repair"],"picked":"Doom and Gloom","floor":8.0},{"not_picked":["Recycle","Steam"],"picked":"White Noise","floor":9.0},{"not_picked":["Hologram","Ball Lightning"],"picked":"Leap","floor":12.0},{"not_picked":["Beam Cell","Go for the Eyes","Leap"],"picked":"SKIP","floor":14.0},{"not_picked":["Reprogram","Thunder Strike"],"picked":"Echo Form","floor":15},{"not_picked":["Turbo","Barrage"],"picked":"Conserve Battery","floor":16},{"not_picked":["Thunderclap","Underhanded Strike"],"picked":"ForeignInfluence","floor":18},{"not_picked":["Blasphemy","Scrawl"],"picked":"Corruption","floor":20},{"not_picked":["Evaluate","Thunderclap+1","Chill"],"picked":"SKIP","floor":22},{"not_picked":["Consecrate","BowlingBash","Body Slam"],"picked":"SKIP","floor":24},{"not_picked":["Thunder Strike","PathToVictory+1","FlurryOfBlows"],"picked":"SKIP","floor":25},{"not_picked":["Infernal Blade","FlurryOfBlows"],"picked":"Turbo","floor":26}],"player_experience":1179055,"relics_obtained":[{"floor":3.0,"key":"Bag of Preparation"},{"floor":10.0,"key":"Ancient Tea Set"},{"floor":11.0,"key":"Pantograph"},{"floor":15,"key":"Ornamental Fan"},{"floor":18,"key":"Pocketwatch"}],"event_choices":[{"damage_healed":0,"gold_gain":180,"player_choice":"GOLD GOLD ","damage_taken":19,"max_hp_gain":0,"max_hp_loss":0,"event_name":"Knowing Skull","floor":23,"potions_obtained":[],"gold_loss":0,"cards_obtained":[]}],"is_beta":false,"boss_relics":[{"not_picked":["Busted Crown","Ectoplasm"],"picked":"Astrolabe"}],"items_purged_floors":[17],"is_endless":false,"potions_floor_spawned":[2,8,9,12,16,18,20,24,25],"killed_by":"Book of Stabbing","ascension_level":18}}