{"host":"bsgp9wgausrmthh2","time":1613481498,"event":{"mods":["AchievementEnabler","BaseMod","Colored Map","Downfall","Minty Spire (QoL Compilation)","Replay The Spire","StSLib"],"gold_per_floor":[117,132,232,252,252,252,282,302,302,317,317,317,91,103,103,205,205,215,215,180,86,103,103,121,133,133,8,8,8,8,23,23,123,123,143,143,200,147,159,159,159],"floor_reached":40,"language":"ENG","playtime":4139,"items_purged":[],"score":413,"play_id":"b110399a-6039-4652-90dc-cf1b32fc7c40","local_time":"20210216081818","is_ascension_mode":false,"campfire_choices":[{"floor":6.0,"key":"RECALL"},{"data":"Seek","floor":12.0,"key":"SMITH"},{"floor":15.0,"key":"REST"},{"data":"Defragment","floor":23.0,"key":"SMITH"},{"floor":30.0,"key":"REST"},{"data":"Amplify","floor":32,"key":"SMITH"}],"circlet_count":0,"master_deck":["Strike_B","Strike_B","Strike_B","Strike_B","Defend_B","Defend_B","Defend_B","Defend_B","Zap","Dualcast","Flash of Steel","Beam Cell","Hello World","Leap","Double Energy+1","Seek+1","Glacier","Defragment+1","Streamline","Self Repair","Amplify+1","Stack","Zap","Conserve Battery","Defragment+1","Skim","Sweeping Beam","Self Repair+1","Hello World","Static Discharge","Leap+1","Rainbow","Barrage+1","Rebound+1","FIFO Queue","Sweeping Beam+1","Barrage+1"],"relics":["Cracked Core","Ring of Hypnosis","Ice Cream","Membership Card","SlaversCollar","Blue Doll","Molten Egg 2","Runic Dome","MawBank"],"acts_visited":["Exordium","TheCity","TheBeyond"],"potions_floor_usage":[],"damage_taken":[{"damage":4.0,"enemies":"2 Louse","floor":1.0,"turns":3.0},{"damage":0.0,"enemies":"Cultist","floor":2.0,"turns":3.0},{"damage":0.0,"enemies":"Small Slimes","floor":4.0,"turns":2.0},{"damage":21.0,"enemies":"3 Sentries","floor":7.0,"turns":6.0},{"damage":0.0,"enemies":"3 Louse","floor":8.0,"turns":4.0},{"damage":11.0,"enemies":"Large Slime","floor":10.0,"turns":5.0},{"damage":1.0,"enemies":"Looter","floor":14.0,"turns":3.0},{"damage":4.0,"enemies":"Slime Boss","floor":16.0,"turns":11.0},{"damage":3.0,"enemies":"3 Byrds","floor":18.0,"turns":6.0},{"damage":26.0,"enemies":"2 Thieves","floor":20.0,"turns":5.0},{"damage":23.0,"enemies":"3 Cultists","floor":22.0,"turns":8.0},{"damage":26.0,"enemies":"Centurion and Healer","floor":24.0,"turns":10.0},{"damage":19.0,"enemies":"Snecko","floor":25.0,"turns":6.0},{"damage":20.0,"enemies":"Snake Plant","floor":31.0,"turns":8.0},{"damage":22,"enemies":"Pondfish","floor":33,"turns":12},{"damage":27,"enemies":"3 Darklings","floor":35,"turns":9},{"damage":13,"enemies":"Orb Walker","floor":39,"turns":5},{"damage":58,"enemies":"Jaw Worm Horde","floor":40,"turns":4}],"seed_played":"-6574406227510785998","potions_obtained":[{"floor":1.0,"key":"Elixir"},{"floor":8.0,"key":"FocusPotion"},{"floor":10.0,"key":"champ:CounterPotion"}],"is_trial":false,"path_per_floor":["M","M","?","M","?","R","E","M","T","M","?","R","$","M","R_BF","B",null,"M","?","M","$","M","R","M","M","T","$","?","?","R","M","R","B",null,"M","?","?","$","M","M"],"character_chosen":"DEFECT","items_purchased":["Defragment+1","Membership Card","Streamline","Defragment","Skim","Sweeping Beam","Molten Egg 2","FIFO Queue","Sweeping Beam+1"],"campfire_rested":2,"item_purchase_floors":[13,13,13,21,21,21,27,38,38],"current_hp_per_floor":[71,71,71,71,71,71,50,50,50,39,39,39,39,38,60,56,75,75,75,56,56,40,40,31,22,22,22,22,22,44,51,51,36,75,65,65,65,65,52,0,0],"gold":159,"neow_bonus":"RANDOM_COLORLESS","is_daily":false,"chose_seed":false,"campfire_upgraded":3,"win_rate":0.0,"timestamp":1613481498,"path_taken":["M","M","?","?","?","R","E","M","T","M","?","R","$","M","R_BF","BOSS","M","?","?","$","M","R","M","M","T","?","?","?","R","M","R","BOSS","M","?","?","$","?","M"],"items_purchased_type":["Card","Relic","Card","Card","Card","Card","Relic","Card","Card"],"build_version":"2020-12-22","purchased_purges":0,"victory":false,"max_hp_per_floor":[75,75,75,75,75,75,75,75,75,75,75,75,75,75,75,75,75,75,75,75,75,75,75,75,75,75,75,75,75,75,75,75,75,75,75,75,75,75,75,75,75],"card_choices":[{"not_picked":["Purity","Replay:BasicMightCard"],"picked":"Flash of Steel","floor":0.0},{"not_picked":["Streamline","Turbo"],"picked":"Beam Cell","floor":1.0},{"not_picked":["Steam Power","Scrape"],"picked":"Hello World","floor":2.0},{"not_picked":["Steam","BasicCrystalCard"],"picked":"Leap","floor":4.0},{"not_picked":["Storm","Gash"],"picked":"Double Energy","floor":7.0},{"not_picked":["Storm","Blizzard"],"picked":"Seek","floor":8.0},{"not_picked":["Ball Lightning","Panic Button"],"picked":"Glacier","floor":10.0},{"not_picked":["Recycle","Gash"],"picked":"Self Repair","floor":14.0},{"not_picked":["Biased Cognition","Reboot"],"picked":"Amplify","floor":16.0},{"not_picked":["Gash","ReplaySort"],"picked":"Stack","floor":18.0},{"not_picked":["Ball Lightning","Reinforced Body+1"],"picked":"Conserve Battery","floor":20.0},{"not_picked":["Conserve Battery+1","Storm+1"],"picked":"Self Repair+1","floor":22.0},{"not_picked":["ReplayTheSpireMod:GoodbyeWorld","Sunder"],"picked":"Hello World","floor":24.0},{"not_picked":["FIFO Queue+1","Turbo"],"picked":"Static Discharge","floor":25.0},{"not_picked":["Consume","Doom and Gloom+1"],"picked":"Leap+1","floor":31.0},{"not_picked":["Biased Cognition","Meteor Strike+1"],"picked":"Rainbow","floor":33},{"not_picked":["Panic Button","Go for the Eyes+1"],"picked":"Barrage+1","floor":35},{"not_picked":["ReplaySolidLightProjector+1","BasicCrystalCard"],"picked":"Rebound+1","floor":37},{"not_picked":["Ball Lightning+1","Sunder+1"],"picked":"Barrage+1","floor":39}],"player_experience":265975,"relics_obtained":[{"floor":5.0,"key":"Ring of Hypnosis"},{"floor":7.0,"key":"Ice Cream"},{"floor":26.0,"key":"Blue Doll"},{"floor":37,"key":"MawBank"}],"event_choices":[{"damage_healed":0.0,"max_hp_gain":0.0,"max_hp_loss":0.0,"gold_gain":100.0,"event_name":"Golden Shrine","player_choice":"Pray","floor":3.0,"gold_loss":0.0,"damage_taken":0.0},{"damage_healed":0.0,"max_hp_gain":0.0,"max_hp_loss":0.0,"gold_gain":0.0,"event_name":"Upgrade Shrine","player_choice":"Upgraded","floor":11.0,"gold_loss":0.0,"damage_taken":0.0,"cards_upgraded":["Double Energy"]},{"damage_healed":0.0,"max_hp_gain":0.0,"max_hp_loss":0.0,"gold_gain":0.0,"event_name":"Match and Keep!","player_choice":"1 cards matched","floor":19.0,"gold_loss":0.0,"damage_taken":0.0,"cards_obtained":["Zap"]},{"damage_healed":0.0,"max_hp_gain":0.0,"max_hp_loss":0.0,"gold_gain":0.0,"event_name":"Vampires","player_choice":"Ignored","floor":28.0,"gold_loss":0.0,"damage_taken":0.0},{"damage_healed":0.0,"max_hp_gain":0.0,"max_hp_loss":0.0,"gold_gain":0.0,"event_name":"Ghosts","player_choice":"Ignored","floor":29.0,"gold_loss":0.0,"damage_taken":0.0},{"damage_healed":0,"gold_gain":0,"player_choice":"Ignored","damage_taken":0,"max_hp_gain":0,"max_hp_loss":0,"event_name":"Tomb of Lord Red Mask","floor":36,"gold_loss":0}],"is_beta":false,"boss_relics":[{"not_picked":["Empty Cage","ReplayTheSpireMod:DimensionalGlitch"],"picked":"SlaversCollar"},{"not_picked":["Ring of Chaos","Honey Jar"],"picked":"Runic Dome"}],"items_purged_floors":[],"is_endless":false,"potions_floor_spawned":[1,8,10,14,16,20,24,33,39],"killed_by":"Jaw Worm Horde","ascension_level":0}}