{"host":"yy1cu9q9bsxhflzi","time":1613502442,"event":{"mods":["BaseMod","DeckTracker","Minty Spire (QoL Compilation)","Quick Restart","StSLib","SuperFastMode","everything is the same but u backflip on backflip"],"gold_per_floor":[113,113,113,125,144,144,178,178,178,103,103,22,22,39,39,114,114,126,126,143,193,36,62,62,73,154,173,173,187,219,233,233,233,233],"floor_reached":33,"language":"KOR","playtime":514,"items_purged":["Pain","Strike_G"],"score":574,"play_id":"5f373d70-3b0c-4d25-a98c-09584dc19d5c","local_time":"20210217040722","is_ascension_mode":true,"campfire_choices":[{"data":"Neutralize","floor":6,"key":"SMITH"},{"data":"1","floor":8,"key":"LIFT"},{"data":"2","floor":13,"key":"LIFT"},{"data":"3","floor":15,"key":"LIFT"},{"data":"Calculated Gamble","floor":24,"key":"SMITH"},{"floor":28,"key":"REST"},{"data":"Noxious Fumes","floor":32,"key":"SMITH"}],"circlet_count":0,"master_deck":["AscendersBane","Strike_G","Strike_G","Strike_G","Strike_G","Defend_G","Defend_G","Defend_G","Defend_G","Defend_G","Survivor","Neutralize+1","Endless Agony","Leg Sweep","Calculated Gamble+1","Infinite Blades","Predator","Adrenaline","Ghostly","Ghostly","Ghostly","Backflip","Dagger Spray","Cloak And Dagger+1","Riddle With Holes","Noxious Fumes+1"],"relics":["Ring of the Snake","NeowsBlessing","WarpedTongs","Girya","White Beast Statue","Vajra","Sozu","Pocketwatch","Mercury Hourglass","Letter Opener"],"acts_visited":["Exordium","TheCity"],"potions_floor_usage":[7,16,16,23],"damage_taken":[{"damage":0,"enemies":"2 Louse","floor":1,"turns":1},{"damage":2,"enemies":"Small Slimes","floor":4,"turns":1},{"damage":0,"enemies":"Cultist","floor":5,"turns":1},{"damage":25,"enemies":"Gremlin Nob","floor":7,"turns":5},{"damage":7,"enemies":"3 Louse","floor":14,"turns":3},{"damage":13,"enemies":"Slime Boss","floor":16,"turns":9},{"damage":10,"enemies":"2 Thieves","floor":18,"turns":4},{"damage":1,"enemies":"Chosen","floor":20,"turns":3},{"damage":11,"enemies":"Book of Stabbing","floor":23,"turns":5},{"damage":2,"enemies":"3 Cultists","floor":25,"turns":5},{"damage":3,"enemies":"Snake Plant","floor":27,"turns":3},{"damage":0,"enemies":"Chosen and Byrds","floor":29,"turns":4},{"damage":0,"enemies":"Slavers","floor":30,"turns":5},{"damage":0,"enemies":"3 Cultists","floor":31,"turns":4},{"damage":32,"enemies":"Automaton","floor":33,"turns":2}],"seed_played":"-7462711452283326598","potions_obtained":[{"floor":4,"key":"Swift Potion"},{"floor":5,"key":"DuplicationPotion"},{"floor":14,"key":"GhostInAJar"},{"floor":16,"key":"DistilledChaos"}],"is_trial":false,"path_per_floor":["M","?","?","M","M","R","E","R","T","$","?","$","R","M","R","B",null,"M","?","M","?","$","E","R","M","T","M","R","M","E","M","R","B"],"character_chosen":"THE_SILENT","items_purchased":["Regen Potion","Backflip"],"campfire_rested":1,"item_purchase_floors":[12,22],"current_hp_per_floor":[59,64,64,62,62,62,37,37,37,37,19,19,19,12,12,14,57,47,35,34,34,34,23,23,21,21,18,28,28,28,28,28,0,0],"gold":233,"neow_bonus":"THREE_ENEMY_KILL","is_daily":false,"chose_seed":false,"campfire_upgraded":3,"win_rate":0.0,"timestamp":1613502442,"path_taken":["M","?","?","?","M","R","E","R","T","$","?","?","R","M","R","BOSS","M","?","M","?","$","E","R","M","T","M","R","M","E","M","R","BOSS"],"items_purchased_type":["Potion","Card"],"build_version":"2020-12-22","purchased_purges":2,"victory":false,"max_hp_per_floor":[66,71,71,71,71,71,71,71,71,71,71,71,71,71,71,71,71,71,35,35,35,35,35,35,35,35,35,35,35,35,35,35,35,35],"card_choices":[{"not_picked":["Outmaneuver","Well Laid Plans"],"picked":"Endless Agony","floor":1},{"not_picked":["Sucker Punch","All Out Attack"],"picked":"Leg Sweep","floor":4},{"not_picked":["Poisoned Stab","PiercingWail"],"picked":"Calculated Gamble","floor":5},{"not_picked":["Underhanded Strike","Well Laid Plans"],"picked":"Infinite Blades","floor":7},{"not_picked":["Sucker Punch","Expertise"],"picked":"Predator","floor":14},{"not_picked":["Glass Knife","Tools of the Trade"],"picked":"Adrenaline","floor":16},{"not_picked":["Deadly Poison","Predator","Bane"],"picked":"SKIP","floor":18},{"not_picked":["Catalyst","Poisoned Stab","Skewer"],"picked":"SKIP","floor":20},{"not_picked":["Dagger Throw","Sucker Punch"],"picked":"Dagger Spray","floor":23},{"not_picked":["Expertise","Underhanded Strike","Dodge and Roll"],"picked":"SKIP","floor":25},{"not_picked":["Endless Agony","Terror"],"picked":"Cloak And Dagger+1","floor":27},{"not_picked":["Slice","Flying Knee","Endless Agony"],"picked":"SKIP","floor":29},{"not_picked":["Catalyst","Underhanded Strike"],"picked":"Riddle With Holes","floor":30},{"not_picked":["Dodge and Roll","Outmaneuver"],"picked":"Noxious Fumes","floor":31}],"player_experience":3919700,"relics_obtained":[{"floor":7,"key":"Girya"},{"floor":9,"key":"White Beast Statue"},{"floor":23,"key":"Pocketwatch"},{"floor":26,"key":"Mercury Hourglass"},{"floor":30,"key":"Letter Opener"}],"event_choices":[{"damage_healed":0,"gold_gain":0,"player_choice":"Donut","damage_taken":0,"max_hp_gain":5,"max_hp_loss":0,"event_name":"Big Fish","floor":2,"gold_loss":0},{"damage_healed":0,"gold_gain":0,"player_choice":"Rummage","damage_taken":0,"relics_obtained":["WarpedTongs"],"max_hp_gain":0,"max_hp_loss":0,"event_name":"Accursed Blacksmith","floor":3,"gold_loss":0,"cards_obtained":["Pain"]},{"damage_healed":0,"gold_gain":0,"player_choice":"Success","damage_taken":18,"relics_obtained":["Vajra"],"max_hp_gain":0,"max_hp_loss":0,"event_name":"Scrap Ooze","floor":11,"gold_loss":0},{"damage_healed":0,"gold_gain":0,"player_choice":"Became a Ghost","damage_taken":0,"max_hp_gain":0,"max_hp_loss":36,"event_name":"Ghosts","floor":19,"gold_loss":0,"cards_obtained":["Ghostly","Ghostly","Ghostly"]},{"damage_healed":0,"gold_gain":50,"player_choice":"Stole From Cult","damage_taken":0,"max_hp_gain":0,"max_hp_loss":0,"event_name":"Nest","floor":21,"gold_loss":0}],"is_beta":false,"boss_relics":[{"not_picked":["SacredBark","Runic Pyramid"],"picked":"Sozu"}],"items_purged_floors":[10,22],"is_endless":false,"potions_floor_spawned":[4,5,14,16,18,20,23,25,27,29,30,31],"killed_by":"Automaton","ascension_level":17}}