{"host":"hjkuipvvowcpo8la","time":1613490979,"event":{"mods":["AchievementEnabler","BaseMod","Block Reminder","CapriCore","Colored Map","Colored Powertips","Highlight Path","Minty Spire (QoL Compilation)","Permanent Neow","Quick Restart","Rare Cards Sparkle","StSLib"],"gold_per_floor":[116,131,81,97,115,148,148,176,176,194,204,49,83,83,83,214,214,230,145,169,192,192,228,243,283,283,283,304,342,342,38,38,164,164,177,192,192,211,226,261,261,300,300,358,396,487,499,41,41,41,41,41,1,39,39],"floor_reached":56,"language":"ENG","playtime":3073,"items_purged":["Defend_R"],"score":1442,"play_id":"c2450d45-7dfa-4167-8eb1-3db5ab74d980","local_time":"20210216165619","is_ascension_mode":true,"campfire_choices":[{"data":"Feed","floor":7,"key":"SMITH"},{"data":"Immolate","floor":15,"key":"SMITH"},{"data":"Dark Embrace","floor":30,"key":"SMITH"},{"data":"Flame Barrier","floor":32,"key":"SMITH"},{"floor":41,"key":"RECALL"},{"data":"Double Tap","floor":47,"key":"SMITH"},{"data":"Flex","floor":49,"key":"SMITH"},{"data":"Defend_R","floor":52,"key":"PURGE"}],"circlet_count":0,"master_deck":["Defend_R","Defend_R","Bash","Feed+1","Iron Wave","Power Through","Flex+1","Cleave","Immolate+1","Flame Barrier+1","Uppercut","Double Tap+1","Shrug It Off+1","Inflame","Dark Embrace+1","Seeing Red+1","Evolve","Spot Weakness+1","Seeing Red+1","Heavy Blade+1","Metallicize","Feel No Pain","Wild Strike+1","Armaments+1","Wild Strike","Limit Break+1"],"relics":["Burning Blood","Incense Burner","Tiny Chest","Kunai","Medical Kit","Meat on the Bone","Golden Idol","Empty Cage","Charon\u0027s Ashes","Orichalcum","CaptainsWheel","The Courier","Toxic Egg 2","Smiling Mask","Pocketwatch","Philosopher\u0027s Stone","Bag of Preparation","Sundial","Peace Pipe","MawBank","InkBottle","HornCleat","Self Forming Clay","War Paint"],"acts_visited":["Exordium","TheCity","TheBeyond","TheEnding"],"potions_floor_usage":[25,25,38,39,42,42,44,55,55,55],"damage_taken":[{"damage":8,"enemies":"Jaw Worm","floor":1,"turns":6},{"damage":2,"enemies":"2 Louse","floor":2,"turns":3},{"damage":5,"enemies":"Cultist","floor":4,"turns":4},{"damage":7,"enemies":"3 Louse","floor":5,"turns":5},{"damage":23,"enemies":"Gremlin Nob","floor":6,"turns":4},{"damage":9,"enemies":"3 Sentries","floor":8,"turns":8},{"damage":7,"enemies":"Looter","floor":10,"turns":5},{"damage":4,"enemies":"Large Slime","floor":11,"turns":5},{"damage":44,"enemies":"Lagavulin","floor":13,"turns":9},{"damage":38,"enemies":"Hexaghost","floor":16,"turns":15},{"damage":8,"enemies":"3 Byrds","floor":18,"turns":3},{"damage":17,"enemies":"2 Thieves","floor":20,"turns":4},{"damage":24,"enemies":"Cultist and Chosen","floor":21,"turns":6},{"damage":0,"enemies":"Gremlin Leader","floor":23,"turns":8},{"damage":21,"enemies":"Snecko","floor":24,"turns":6},{"damage":36,"enemies":"Book of Stabbing","floor":25,"turns":7},{"damage":0,"enemies":"Sentry and Sphere","floor":28,"turns":4},{"damage":2,"enemies":"Gremlin Leader","floor":29,"turns":6},{"damage":29,"enemies":"Champ","floor":33,"turns":11},{"damage":0,"enemies":"3 Shapes","floor":35,"turns":4},{"damage":0,"enemies":"3 Darklings","floor":36,"turns":4},{"damage":15,"enemies":"Spire Growth","floor":38,"turns":5},{"damage":0,"enemies":"Transient","floor":39,"turns":5},{"damage":20,"enemies":"Nemesis","floor":40,"turns":11},{"damage":26,"enemies":"Giant Head","floor":42,"turns":8},{"damage":33,"enemies":"2 Orb Walkers","floor":44,"turns":3},{"damage":22,"enemies":"Reptomancer","floor":45,"turns":4},{"damage":29,"enemies":"Donu and Deca","floor":50,"turns":7},{"damage":12,"enemies":"Shield and Spear","floor":54,"turns":7},{"damage":41,"enemies":"The Heart","floor":55,"turns":8}],"seed_played":"1417354410433223894","potions_obtained":[{"floor":2,"key":"FairyPotion"},{"floor":5,"key":"Ancient Potion"},{"floor":8,"key":"BlessingOfTheForge"},{"floor":23,"key":"Energy Potion"},{"floor":28,"key":"DuplicationPotion"},{"floor":33,"key":"GamblersBrew"},{"floor":36,"key":"EntropicBrew"},{"floor":38,"key":"LiquidMemories"},{"floor":54,"key":"Ancient Potion"}],"is_trial":false,"path_per_floor":["M","M","?","M","M","E","R","E","T","M","M","$","E","?","R","B",null,"M","?","M","M","?","E","M","E","T","T","M","E","R","$","R","B",null,"M","M","?","M","M","E","R","E","T","?","E","T","R","$","R","B",null,"R","$","E","B",null],"character_chosen":"IRONCLAD","items_purchased":["Medical Kit","Pocketwatch","Seeing Red+1","HornCleat","Self Forming Clay","Armaments+1","Wild Strike"],"campfire_rested":0,"item_purchase_floors":[12,31,31,48,48,48,53],"current_hp_per_floor":[81,86,86,89,91,74,74,75,75,78,84,84,50,50,50,30,100,102,102,95,81,81,91,76,62,62,62,72,76,76,76,76,65,124,128,128,122,117,123,109,109,89,89,75,71,71,71,71,71,60,130,130,130,128,93],"gold":39,"neow_bonus":"ONE_RANDOM_RARE_CARD","is_daily":false,"chose_seed":false,"campfire_upgraded":6,"win_rate":0.0,"timestamp":1613490979,"path_taken":["M","M","?","M","M","E","R","E","T","M","M","$","E","?","R","BOSS","M","?","M","M","?","E","M","E","T","?","?","E","R","$","R","BOSS","M","M","?","M","M","E","R","E","T","?","E","?","R","$","R","BOSS","R","$","E","BOSS"],"items_purchased_type":["Relic","Relic","Card","Relic","Relic","Card","Card"],"build_version":"2020-12-22","purchased_purges":1,"victory":true,"max_hp_per_floor":[83,86,86,89,92,92,92,96,96,100,104,104,108,100,100,100,100,104,104,108,112,112,116,116,120,120,120,124,124,124,124,124,124,124,128,128,122,126,126,126,126,126,126,130,130,130,130,130,130,130,130,130,130,134,134],"card_choices":[{"not_picked":["Headbutt","Warcry"],"picked":"Iron Wave","floor":1},{"not_picked":["Sentinel","Clash"],"picked":"Power Through","floor":2},{"not_picked":["Havoc","True Grit"],"picked":"Flex","floor":4},{"not_picked":["Reckless Charge","Warcry","Armaments"],"picked":"SKIP","floor":5},{"not_picked":["Juggernaut","Flex"],"picked":"Cleave","floor":6},{"not_picked":["Shrug It Off","Pommel Strike"],"picked":"Immolate","floor":8},{"not_picked":["Hemokinesis","Seeing Red"],"picked":"Flame Barrier","floor":10},{"not_picked":["Havoc","Clash","Warcry"],"picked":"SKIP","floor":11},{"not_picked":["Intimidate","Perfected Strike"],"picked":"Uppercut","floor":13},{"not_picked":["Berserk","Limit Break"],"picked":"Double Tap","floor":16},{"not_picked":["Body Slam","Clothesline"],"picked":"Shrug It Off","floor":18},{"not_picked":["Warcry","Flex","Armaments"],"picked":"SKIP","floor":20},{"not_picked":["Perfected Strike","Searing Blow","Sever Soul"],"picked":"SKIP","floor":21},{"not_picked":["Headbutt","Carnage+1"],"picked":"Seeing Red","floor":23},{"not_picked":["Hemokinesis","Body Slam"],"picked":"Evolve","floor":24},{"not_picked":["Iron Wave+1","Double Tap","Rampage+1"],"picked":"SKIP","floor":25},{"not_picked":["Rage+1","Entrench+1"],"picked":"Spot Weakness+1","floor":28},{"not_picked":["Thunderclap+1","Rupture+1","Warcry+1"],"picked":"SKIP","floor":29},{"not_picked":["Sword Boomerang+1","Pommel Strike"],"picked":"Heavy Blade+1","floor":35},{"not_picked":["Clothesline","Entrench+1","Blood for Blood+1"],"picked":"SKIP","floor":36},{"not_picked":["Pommel Strike+1","Perfected Strike"],"picked":"Metallicize","floor":38},{"not_picked":["Metallicize","Clothesline","Searing Blow+1"],"picked":"SKIP","floor":39},{"not_picked":["Thunderclap+1","Sever Soul+1","Dark Embrace+1"],"picked":"SKIP","floor":40},{"not_picked":["Searing Blow+1","Rage+1"],"picked":"Feel No Pain","floor":42},{"not_picked":["Blood for Blood","Sword Boomerang+1"],"picked":"Wild Strike+1","floor":44},{"not_picked":["Rupture+1","Iron Wave+1","Warcry+1"],"picked":"SKIP","floor":45},{"not_picked":["Headbutt+1","Warcry+1"],"picked":"Limit Break+1","floor":54}],"player_experience":289531,"relics_obtained":[{"floor":6,"key":"Incense Burner"},{"floor":8,"key":"Tiny Chest"},{"floor":9,"key":"Kunai"},{"floor":13,"key":"Meat on the Bone"},{"floor":23,"key":"Orichalcum"},{"floor":25,"key":"CaptainsWheel"},{"floor":26,"key":"The Courier"},{"floor":27,"key":"Toxic Egg 2"},{"floor":29,"key":"Smiling Mask"},{"floor":40,"key":"Bag of Preparation"},{"floor":42,"key":"Sundial"},{"floor":44,"key":"Peace Pipe"},{"floor":45,"key":"MawBank"},{"floor":46,"key":"InkBottle"},{"floor":54,"key":"War Paint"}],"event_choices":[{"cards_removed":["Strike_R"],"damage_healed":0,"gold_gain":0,"player_choice":"Card Removal","damage_taken":0,"max_hp_gain":0,"max_hp_loss":0,"event_name":"The Cleric","floor":3,"gold_loss":50},{"damage_healed":0,"gold_gain":0,"player_choice":"Lose Max HP","damage_taken":0,"relics_obtained":["Golden Idol"],"max_hp_gain":0,"max_hp_loss":8,"event_name":"Golden Idol","floor":14,"gold_loss":0},{"damage_healed":0,"gold_gain":0,"player_choice":"Obtained Relic","damage_taken":0,"relics_obtained":["Charon\u0027s Ashes"],"max_hp_gain":0,"max_hp_loss":0,"event_name":"Addict","floor":19,"gold_loss":85},{"damage_healed":0,"gold_gain":0,"cards_transformed":["Strike_R","Strike_R"],"player_choice":"Became Test Subject","damage_taken":0,"max_hp_gain":0,"max_hp_loss":0,"event_name":"Drug Dealer","floor":22,"gold_loss":0,"cards_obtained":["Inflame","Dark Embrace"]},{"damage_healed":0,"gold_gain":0,"player_choice":"Max HP","damage_taken":0,"max_hp_gain":0,"max_hp_loss":6,"event_name":"Winding Halls","floor":37,"gold_loss":0},{"damage_healed":0,"gold_gain":0,"player_choice":"Fight","damage_taken":0,"max_hp_gain":0,"max_hp_loss":0,"event_name":"Mysterious Sphere","floor":44,"gold_loss":0}],"is_beta":false,"boss_relics":[{"not_picked":["Runic Cube","Velvet Choker"],"picked":"Empty Cage"},{"not_picked":["SlaversCollar","Calling Bell"],"picked":"Philosopher\u0027s Stone"}],"items_purged_floors":[48],"is_endless":false,"potions_floor_spawned":[2,5,8,13,23,28,33,35,36,38,54],"ascension_level":1}}