{"host":"dn6kke80v5f7isus","time":1613436025,"event":{"mods":["AchievementEnabler","Act Like it!","BaseMod","Colored Powertips","Custom Start","Defuse TimeMaze Blight","Energized Spire","Gremlin Skip","Highlight Path","Hubris","Infinite Spire","Marisa????????","Minty Spire (QoL Compilation)","Quick Restart","Rare Cards Sparkle","Reliquary","Replay The Spire","StSLib","The Hierophant","The Servant 0.9.4","Uncapped","Unceasing Turn Reminder"],"gold_per_floor":[114,133,133,133,133,174,174,174,201,225,225,261,286,309,309,309,309],"floor_reached":16,"language":"ENG","playtime":250,"items_purged":[],"score":142,"play_id":"0e107cf9-7a24-4808-88a5-9b18c662f2eb","local_time":"20210215194025","is_ascension_mode":true,"campfire_choices":[{"data":"Offering","floor":7,"key":"SMITH"},{"floor":15,"key":"DIG"}],"circlet_count":0,"master_deck":["Strike_R","Strike_R","Strike_R","Defend_R","Defend_R","Defend_R","Defend_R","Bash","Offering+1","Reaper","ReplayReversal"],"relics":["Burning Blood","NeowsBlessing","hubris:Icosahedron","Golden Idol","reliquary:JackalopeAntler","PreservedInsect","Vajra","Blue Doll","King of Hearts"],"acts_visited":["Exordium"],"potions_floor_usage":[16,16],"damage_taken":[{"damage":0.0,"enemies":"2 Louse","floor":1.0,"turns":1.0},{"damage":0.0,"enemies":"Small Slimes","floor":2.0,"turns":1.0},{"damage":0,"enemies":"Gremlin Nob","floor":6,"turns":1},{"damage":12,"enemies":"Cultist","floor":10,"turns":3},{"damage":24,"enemies":"Lagavulin","floor":12,"turns":4},{"damage":6,"enemies":"2 Fungi Beasts","floor":13,"turns":2},{"damage":6,"enemies":"Lots of Slimes","floor":14,"turns":3},{"damage":0,"enemies":"Fading Forest","floor":16,"turns":1}],"seed_played":"6173327145873475022","potions_obtained":[{"floor":10,"key":"Block Potion"},{"floor":12,"key":"AttackPotion"},{"floor":13,"key":"Cursed Concoction"},{"floor":14,"key":"Swift Potion"}],"is_trial":false,"path_per_floor":["M","M","?","?","?","E","R","?","T","M","?","E","M","M","R","B"],"character_chosen":"IRONCLAD","items_purchased":[],"campfire_rested":0,"item_purchase_floors":[],"current_hp_per_floor":[80,80,80,80,60,66,66,66,66,66,66,55,67,80,80,80,80],"gold":309,"neow_bonus":"THREE_ENEMY_KILL","is_daily":false,"chose_seed":false,"campfire_upgraded":1,"win_rate":0.0,"timestamp":1613436025,"path_taken":["M","M","?","?","?","E","R","?","T","?","?","E","?","M","R","BOSS"],"items_purchased_type":[],"build_version":"2020-12-22","purchased_purges":0,"victory":false,"max_hp_per_floor":[80,80,80,80,80,80,80,80,80,80,80,80,80,80,80,80,80],"card_choices":[{"not_picked":["Armaments","Thunderclap","Spot Weakness"],"picked":"SKIP","floor":1.0},{"not_picked":["Run Through","Infernal Blade","Clash"],"picked":"SKIP","floor":2.0},{"not_picked":["Double Tap","Corruption"],"picked":"Offering","floor":6},{"not_picked":["Wild Strike","Body Slam"],"picked":"ReplayReversal","floor":10},{"not_picked":["Iron Wave","Dropkick","Uppercut"],"picked":"SKIP","floor":12},{"not_picked":["Body Slam","Second Wind","Anger"],"picked":"SKIP","floor":13},{"not_picked":["Twin Strike","Pommel Strike","Whirlwind"],"picked":"SKIP","floor":14}],"player_experience":487079,"relics_obtained":[{"floor":6,"key":"reliquary:JackalopeAntler"},{"floor":9,"key":"PreservedInsect"},{"floor":12,"key":"Blue Doll"},{"floor":15,"key":"King of Hearts"}],"event_choices":[{"cards_removed":["Strike_R"],"damage_healed":0.0,"max_hp_gain":0.0,"max_hp_loss":0.0,"gold_gain":0.0,"event_name":"Living Wall","player_choice":"Forget","floor":4.0,"gold_loss":0.0,"damage_taken":0.0},{"damage_healed":0.0,"max_hp_gain":0.0,"max_hp_loss":0.0,"gold_gain":0.0,"event_name":"Golden Idol","player_choice":"Take Damage","floor":5.0,"gold_loss":0.0,"damage_taken":20.0,"relics_obtained":["Golden Idol"]},{"damage_healed":0,"gold_gain":0,"cards_transformed":["Strike_R"],"player_choice":"Transformed","damage_taken":0,"max_hp_gain":0,"max_hp_loss":0,"event_name":"Transmorgrifier","floor":8,"gold_loss":0,"cards_obtained":["Reaper"]},{"damage_healed":0,"gold_gain":0,"player_choice":"Gave Potion","damage_taken":0,"relics_obtained":["Vajra"],"max_hp_gain":0,"max_hp_loss":0,"event_name":"WeMeetAgain","floor":11,"gold_loss":0}],"is_beta":false,"boss_relics":[],"items_purged_floors":[],"is_endless":false,"potions_floor_spawned":[10,12,13,14],"killed_by":"Fading Forest","ascension_level":1}}