{"host":"8vqkh0x3c7vpgzzm","time":1613489898,"event":{"mods":["AchievementEnabler","BaseMod","Colored Map","Colored Powertips","Curses Come First","DeckTracker","Highlight Path","Minty Spire (QoL Compilation)","Permanent Neow","Quick Restart","Random Character Mod","Rare Cards Sparkle","Relic Sorter","Relic Stats","StSLib","SuperFastMode","Unceasing Turn Reminder","egg","everything is the same but u backflip on backflip"],"gold_per_floor":[159,7,20,35,53,80,80,94,140,140,204,239,239,189,189,286,286,297,314,314,60,83,412,412,430,453,473,506,506,531,547,547,650,650,669,669,669,669,717,717,743,761,761,772,789,799,834,538,538,538],"floor_reached":51,"language":"ENG","playtime":1579,"items_purged":["Strike_B","Strike_B"],"score":845,"play_id":"9ef9a220-b2c7-4d4e-926e-9df5f3bbf190","local_time":"20210216163818","is_ascension_mode":false,"campfire_choices":[{"data":"Hyperbeam","floor":7,"key":"SMITH"},{"data":"Zap","floor":10,"key":"SMITH"},{"data":"Dualcast","floor":13,"key":"SMITH"},{"floor":15,"key":"REST"},{"data":"Seek","floor":24,"key":"SMITH"},{"data":"Undo","floor":32,"key":"SMITH"},{"floor":40,"key":"REST"},{"floor":49,"key":"REST"}],"circlet_count":0,"master_deck":["Strike_B+1","Defend_B","Defend_B","Defend_B","Defend_B","Zap+1","Dualcast+1","Sweeping Beam","Hyperbeam+1","Conserve Battery","Cold Snap","Defragment","Ball Lightning+1","Streamline+1","Undo+1","Go for the Eyes+1","Seek+1","Rebound+1","Sunder+1","Sunder+1","Beam Cell+1","BootSequence+1","Meteor Strike+1","Glacier+1","Redo+1","Magnetism","Double Energy+1","Coolheaded+1"],"relics":["Tiny House","Membership Card","Molten Egg 2","Tiny Chest","HornCleat","Orichalcum","Snecko Eye","Shuriken","Bag of Preparation","Old Coin","Nunchaku","Kunai","Mango","Fusion Hammer","Turnip","Gambling Chip","Dream Catcher","Calipers","Happy Flower","Toy Ornithopter","Orrery"],"acts_visited":["Exordium","TheCity","TheBeyond"],"potions_floor_usage":[11,23,33],"damage_taken":[{"damage":1,"enemies":"Cultist","floor":1,"turns":3},{"damage":0,"enemies":"Small Slimes","floor":3,"turns":1},{"damage":0,"enemies":"2 Louse","floor":4,"turns":1},{"damage":0,"enemies":"Looter","floor":5,"turns":3},{"damage":11,"enemies":"Gremlin Nob","floor":6,"turns":4},{"damage":4,"enemies":"2 Fungi Beasts","floor":8,"turns":3},{"damage":26,"enemies":"Lagavulin Event","floor":11,"turns":4},{"damage":10,"enemies":"Lagavulin","floor":12,"turns":8},{"damage":17,"enemies":"Slime Boss","floor":16,"turns":7},{"damage":0,"enemies":"Chosen","floor":18,"turns":4},{"damage":0,"enemies":"3 Byrds","floor":19,"turns":4},{"damage":17,"enemies":"Gremlin Leader","floor":23,"turns":5},{"damage":4,"enemies":"Snake Plant","floor":25,"turns":2},{"damage":2,"enemies":"Shelled Parasite and Fungi","floor":27,"turns":4},{"damage":9,"enemies":"Book of Stabbing","floor":28,"turns":4},{"damage":0,"enemies":"Gremlin Leader","floor":30,"turns":3},{"damage":0,"enemies":"Sentry and Sphere","floor":31,"turns":3},{"damage":28,"enemies":"Automaton","floor":33,"turns":8},{"damage":0,"enemies":"Orb Walker","floor":35,"turns":2},{"damage":4,"enemies":"2 Orb Walkers","floor":39,"turns":3},{"damage":0,"enemies":"3 Darklings","floor":42,"turns":3},{"damage":0,"enemies":"Writhing Mass","floor":44,"turns":2},{"damage":0,"enemies":"Jaw Worm Horde","floor":45,"turns":1},{"damage":0,"enemies":"4 Shapes","floor":46,"turns":1},{"damage":0,"enemies":"Nemesis","floor":47,"turns":3},{"damage":13,"enemies":"Time Eater","floor":50,"turns":11}],"seed_played":"-7613692568944697026","potions_obtained":[{"floor":0,"key":"Energy Potion"},{"floor":1,"key":"Energy Potion"},{"floor":5,"key":"ColorlessPotion"},{"floor":8,"key":"FocusPotion"},{"floor":19,"key":"Strength Potion"},{"floor":25,"key":"Explosive Potion"},{"floor":30,"key":"CultistPotion"},{"floor":39,"key":"Energy Potion"}],"is_trial":false,"path_per_floor":["M","$","M","M","M","E","R","M","T","R","?","E","R","?","R","B",null,"M","M","?","$","T","E","R","M","T","M","E","?","E","M","R","B",null,"M","T","?","?","?","R","T","M","T","M","M","M","E","$","R","B",null],"character_chosen":"DEFECT","items_purchased":["Membership Card","Shuriken","Mayhem","Magnetism","Toy Ornithopter","Orrery"],"campfire_rested":3,"item_purchase_floors":[2,21,21,48,48,48],"current_hp_per_floor":[79,79,79,79,79,68,68,64,64,64,38,28,28,28,52,35,80,80,80,80,80,80,63,63,59,59,57,48,80,94,94,94,66,94,94,94,89,89,85,89,89,89,89,89,89,89,89,89,89,76],"gold":538,"neow_bonus":"BOSS_RELIC","is_daily":false,"chose_seed":false,"campfire_upgraded":5,"win_rate":0.0,"timestamp":1613489898,"path_taken":["M","$","M","M","?","E","R","?","T","R","?","E","R","?","R","BOSS","M","M","?","$","?","E","R","?","T","M","E","?","E","?","R","BOSS","M","?","?","?","?","R","?","M","T","?","M","M","E","$","R","BOSS"],"items_purchased_type":["Relic","Relic","Card","Card","Relic","Relic"],"build_version":"2020-12-22","purchased_purges":2,"victory":true,"max_hp_per_floor":[80,80,80,80,80,80,80,80,80,80,80,80,80,80,80,80,80,80,80,80,80,80,80,80,80,80,80,80,80,94,94,94,94,94,94,94,89,89,89,89,89,89,89,89,89,89,89,89,89,89],"relic_stats":{"Happy Flower":[3],"counters":[26,97],"Bag of Preparation":[30],"Orichalcum":[48],"Nunchaku":[12],"Dream Catcher":1,"Shuriken":[29],"Gambling Chip":[26],"Snecko Eye":[131,132,111,121],"Tiny Chest":3,"Turnip":[0],"Kunai":[22],"obtain_stats":[{"Tiny House":0,"Calipers":43,"Happy Flower":47,"Mango":30,"Bag of Preparation":22,"Orichalcum":12,"Old Coin":23,"Nunchaku":26,"Dream Catcher":41,"HornCleat":11,"Shuriken":21,"Gambling Chip":39,"Snecko Eye":17,"Orrery":48,"Molten Egg 2":6,"Tiny Chest":9,"Fusion Hammer":34,"Turnip":36,"Membership Card":2,"Kunai":28,"Cracked Core":0,"Toy Ornithopter":48},{"Tiny House":0,"Calipers":21,"Happy Flower":25,"Mango":16,"Bag of Preparation":11,"Orichalcum":8,"Old Coin":12,"Nunchaku":13,"Dream Catcher":20,"HornCleat":7,"Shuriken":11,"Gambling Chip":20,"Snecko Eye":9,"Orrery":25,"Molten Egg 2":5,"Tiny Chest":6,"Fusion Hammer":18,"Turnip":19,"Membership Card":1,"Kunai":15,"Cracked Core":0,"Toy Ornithopter":25},{"Tiny House":0,"Calipers":79,"Happy Flower":86,"Mango":60,"Bag of Preparation":42,"Orichalcum":27,"Old Coin":47,"Nunchaku":49,"Dream Catcher":76,"HornCleat":19,"Shuriken":42,"Gambling Chip":76,"Snecko Eye":34,"Orrery":86,"Molten Egg 2":12,"Tiny Chest":15,"Fusion Hammer":71,"Turnip":73,"Membership Card":3,"Kunai":57,"Cracked Core":0,"Toy Ornithopter":86}],"Toy Ornithopter":0},"card_choices":[{"not_picked":["Ball Lightning","Barrage"],"picked":"Sweeping Beam","floor":0},{"not_picked":["Sweeping Beam","Doom and Gloom"],"picked":"Hyperbeam","floor":1},{"not_picked":["Gash","Ball Lightning"],"picked":"Conserve Battery","floor":3},{"not_picked":["Compile Driver","Tempest"],"picked":"Cold Snap","floor":4},{"not_picked":["Ball Lightning","Gash"],"picked":"Defragment","floor":5},{"not_picked":["Redo","Conserve Battery"],"picked":"Ball Lightning+1","floor":6},{"not_picked":["Steam","Ball Lightning+1"],"picked":"Streamline+1","floor":8},{"not_picked":["Reinforced Body","Turbo"],"picked":"Undo","floor":11},{"not_picked":["Streamline+1","Blizzard+1"],"picked":"Go for the Eyes+1","floor":12},{"not_picked":["Amplify","Core Surge+1"],"picked":"Seek","floor":16},{"not_picked":["Gash+1","Capacitor","Coolheaded"],"picked":"SKIP","floor":18},{"not_picked":["Leap","Turbo"],"picked":"Rebound+1","floor":19},{"not_picked":["Blizzard+1","Static Discharge+1","Capacitor"],"picked":"SKIP","floor":23},{"not_picked":["Reinforced Body","Hologram"],"picked":"Sunder+1","floor":25},{"not_picked":["Compile Driver+1","Gash+1","Blizzard+1"],"picked":"SKIP","floor":27},{"not_picked":["Rainbow","Cold Snap+1"],"picked":"Steam Power+1","floor":28},{"not_picked":["Loop","Cold Snap+1"],"picked":"Beam Cell+1","floor":30},{"not_picked":["Sweeping Beam+1","Rebound+1"],"picked":"BootSequence+1","floor":31},{"not_picked":["Reboot","Echo Form"],"picked":"Meteor Strike+1","floor":33},{"not_picked":["Streamline+1","Genetic Algorithm","Conserve Battery"],"picked":"SKIP","floor":35},{"not_picked":["Steam","Stack"],"picked":"Glacier+1","floor":42},{"not_picked":["Defragment","Compile Driver+1"],"picked":"Redo+1","floor":44},{"not_picked":["Beam Cell+1","Cold Snap+1","Streamline+1"],"picked":"SKIP","floor":45},{"not_picked":["Conserve Battery+1","Tempest+1","Hologram"],"picked":"SKIP","floor":46},{"not_picked":["Leap","Rebound+1","Hyperbeam+1"],"picked":"SKIP","floor":47},{"not_picked":["Beam Cell+1","Steam+1"],"picked":"Double Energy+1","floor":48},{"not_picked":["Go for the Eyes+1","Static Discharge"],"picked":"Coolheaded+1","floor":48}],"player_experience":569628,"relics_obtained":[{"floor":6,"key":"Molten Egg 2"},{"floor":9,"key":"Tiny Chest"},{"floor":11,"key":"HornCleat"},{"floor":12,"key":"Orichalcum"},{"floor":22,"key":"Bag of Preparation"},{"floor":23,"key":"Old Coin"},{"floor":26,"key":"Nunchaku"},{"floor":28,"key":"Kunai"},{"floor":30,"key":"Mango"},{"floor":36,"key":"Turnip"},{"floor":39,"key":"Gambling Chip"},{"floor":41,"key":"Dream Catcher"},{"floor":43,"key":"Calipers"},{"floor":47,"key":"Happy Flower"}],"event_choices":[{"damage_healed":0,"gold_gain":0,"player_choice":"Searched \u00271\u0027 times","damage_taken":0,"max_hp_gain":0,"max_hp_loss":0,"event_name":"Dead Adventurer","floor":11,"gold_loss":0},{"cards_removed":["Strike_B"],"damage_healed":0,"gold_gain":0,"player_choice":"Card Removal","damage_taken":0,"max_hp_gain":0,"max_hp_loss":0,"event_name":"The Cleric","floor":14,"gold_loss":50},{"damage_healed":0,"gold_gain":0,"player_choice":"Read","damage_taken":0,"max_hp_gain":0,"max_hp_loss":0,"event_name":"The Library","floor":20,"gold_loss":0,"cards_obtained":["Sunder"]},{"cards_removed":["Steam Power"],"damage_healed":32,"gold_gain":0,"player_choice":"Offered Uncommon","damage_taken":0,"max_hp_gain":0,"max_hp_loss":0,"event_name":"Bonfire Elementals","floor":29,"gold_loss":0},{"damage_healed":0,"gold_gain":0,"player_choice":"Max HP","damage_taken":0,"max_hp_gain":0,"max_hp_loss":5,"event_name":"Winding Halls","floor":37,"gold_loss":0},{"cards_removed":["Mayhem"],"damage_healed":0,"gold_gain":0,"player_choice":"Removed Power","damage_taken":0,"max_hp_gain":0,"max_hp_loss":0,"event_name":"Falling","floor":38,"gold_loss":0},{"damage_healed":0,"gold_gain":0,"player_choice":"Fight","damage_taken":0,"max_hp_gain":0,"max_hp_loss":0,"event_name":"Mysterious Sphere","floor":39,"gold_loss":0}],"is_beta":false,"boss_relics":[{"not_picked":["Philosopher\u0027s Stone","Coffee Dripper"],"picked":"Snecko Eye"},{"not_picked":["SlaversCollar","Pandora\u0027s Box"],"picked":"Fusion Hammer"}],"items_purged_floors":[21,48],"is_endless":false,"potions_floor_spawned":[1,5,6,8,19,25,30,39,44,45],"ascension_level":0}}