{"host":"5dk97cf2ubw2v967","time":1613482619,"event":{"mods":["AlwaysNeverKeys","BaseMod","Better Altar","Better Vampires","Block Reminder","Card Filter","Colored Powertips","Downfall","Googly Eyes","Highlight Path","Minty Spire (QoL Compilation)","Permanent Neow","Potion Indicator Mod","Quick Restart","Relic Filter","Relic Stats","Say the Spire","Spicy Shops","StSLib","Waifu the Spire","everything is the same but u backflip on backflip"],"gold_per_floor":[116,133,133,144,144,177,177,192,245,271,271,271,301,49,49,49,49],"floor_reached":16,"language":"ENG","playtime":641,"items_purged":["Parasite","Strike_R"],"score":236,"play_id":"169c7eed-417b-4e44-bcbe-8bd5c7240804","local_time":"20210216133659","is_ascension_mode":true,"campfire_choices":[{"floor":7,"key":"REST"},{"floor":11,"key":"REST"},{"data":"Berserk","floor":15,"key":"SMITH"}],"circlet_count":0,"master_deck":["AscendersBane","Strike_R","Strike_R","Strike_R","Strike_R","Defend_R","Defend_R","Defend_R","Defend_R","Bash","Brutality","Thunderclap","Iron Wave","Thunderclap","Shrug It Off","Carnage","Havoc","Berserk+1","Rupture"],"relics":["Burning Blood","Thread and Needle","Ornamental Fan","MealTicket","Charon\u0027s Ashes","Matryoshka"],"acts_visited":["Exordium"],"potions_floor_usage":[6,16],"damage_taken":[{"damage":11,"enemies":"2 Louse","floor":1,"turns":5},{"damage":15,"enemies":"Jaw Worm","floor":2,"turns":5},{"damage":4,"enemies":"Small Slimes","floor":4,"turns":4},{"damage":40,"enemies":"Lagavulin","floor":6,"turns":8},{"damage":5,"enemies":"Blue Slaver","floor":8,"turns":5},{"damage":17,"enemies":"3 Sentries","floor":10,"turns":8},{"damage":35,"enemies":"Lagavulin","floor":13,"turns":7},{"damage":48,"enemies":"The Guardian","floor":16,"turns":12}],"seed_played":"8635759836076407682","potions_obtained":[{"floor":4,"key":"HeartOfIron"},{"floor":8,"key":"Swift Potion"}],"is_trial":false,"path_per_floor":["M","M","?","M","?","E","R","M","T","E","R","?","E","$","R","B"],"character_chosen":"IRONCLAD","items_purchased":["Rupture"],"campfire_rested":2,"item_purchase_floors":[14],"current_hp_per_floor":[63,54,54,56,45,11,33,34,34,23,45,63,34,49,49,1,1],"gold":49,"neow_bonus":"THREE_RARE_CARDS","is_daily":false,"chose_seed":false,"campfire_upgraded":1,"win_rate":0.0,"timestamp":1613482619,"path_taken":["M","M","?","M","?","E","R","M","T","E","R","?","E","?","R","BOSS"],"items_purchased_type":["Card"],"build_version":"2020-12-22","purchased_purges":2,"victory":false,"max_hp_per_floor":[75,75,75,75,75,75,75,75,75,75,75,75,75,72,72,72,72],"relic_stats":{"counters":[8,54],"Ornamental Fan":[28],"MealTicket":15,"Charon\u0027s Ashes":[15],"obtain_stats":[{"Matryoshka":13,"Ornamental Fan":6,"Thread and Needle":5,"MealTicket":9,"Charon\u0027s Ashes":10,"Burning Blood":0},{"Matryoshka":7,"Ornamental Fan":4,"Thread and Needle":3,"MealTicket":5,"Charon\u0027s Ashes":6,"Burning Blood":0},{"Matryoshka":42,"Ornamental Fan":22,"Thread and Needle":14,"MealTicket":27,"Charon\u0027s Ashes":35,"Burning Blood":0}],"Burning Blood":42},"card_choices":[{"not_picked":["Barricade","Berserk"],"picked":"Brutality","floor":0},{"not_picked":["Wild Strike","Iron Wave"],"picked":"Thunderclap","floor":1},{"not_picked":["Wild Strike","Havoc"],"picked":"Iron Wave","floor":2},{"not_picked":["Second Wind","Heavy Blade"],"picked":"Thunderclap","floor":4},{"not_picked":["Corruption","Whirlwind"],"picked":"Shrug It Off","floor":6},{"not_picked":["Wild Strike","Clothesline"],"picked":"Carnage","floor":8},{"not_picked":["Wild Strike","Carnage"],"picked":"Havoc","floor":10},{"not_picked":["Barricade","Iron Wave"],"picked":"Berserk","floor":13}],"player_experience":1325751,"relics_obtained":[{"floor":6,"key":"Ornamental Fan"},{"floor":9,"key":"MealTicket"},{"floor":10,"key":"Charon\u0027s Ashes"},{"floor":13,"key":"Matryoshka"}],"event_choices":[{"cards_removed":["downfall:Icky"],"damage_healed":0,"gold_gain":0,"player_choice":"Forget","damage_taken":0,"max_hp_gain":0,"max_hp_loss":0,"event_name":"Living Wall","floor":3,"gold_loss":0},{"damage_healed":0,"gold_gain":0,"player_choice":"Success","damage_taken":11,"relics_obtained":["Thread and Needle"],"max_hp_gain":0,"max_hp_loss":0,"event_name":"Scrap Ooze","floor":5,"gold_loss":0},{"damage_healed":18,"gold_gain":0,"player_choice":"Healed and dodged fight","damage_taken":0,"max_hp_gain":0,"max_hp_loss":0,"event_name":"Mushrooms","floor":12,"gold_loss":0,"cards_obtained":["Parasite"]}],"is_beta":false,"boss_relics":[],"items_purged_floors":[14,14],"is_endless":false,"potions_floor_spawned":[4,8],"killed_by":"The Guardian","ascension_level":20}}