{"host":"o3b7ow6d1xe49css","time":1613455969,"event":{"mods":["Act Like it!","Aspiration","BaseMod","Bestiary","Better Altar","Better Match","Better Note","Better Sensory Stone","Better Skull","Better Third Choice","Colored Powertips","Conspire","Energized Spire","Force Act Four","GifTheSpireLib","Halation","Hermit","Hubris","Infinite Spire","Lobotomy","Minty Spire (QoL Compilation)","Quick Restart","Rare Cards Sparkle","Relic Filter Mod","Reliquary","Replay The Spire","Spicy Shops","Spikes Relics","StSLib","Stuff the Spire","The Blue Laboratory","The Disciple","Wandering Minibosses"],"gold_per_floor":[119,148,168,168,68,118,83,83,110,175,199,227,227],"floor_reached":12,"language":"ENG","playtime":323,"items_purged":[],"score":120,"play_id":"561f87b0-2a81-4d84-ac92-67be287b0eee","local_time":"20210215211249","daily_mods":["Heirloom","Flight"],"is_ascension_mode":true,"campfire_choices":[{"data":"Bash","floor":8,"key":"SMITH"}],"circlet_count":0,"master_deck":["Strike_R","Strike_R","Strike_R","Strike_R","Strike_R","Defend_R","Defend_R","Defend_R","Defend_R","Bash+1","Cleave","UniverseFragment","Inflame","conspire:SpireCoStock","conspire:SpireCoStock","True Grit","Replay:Undeath\u0027s Touch","Flame Barrier"],"relics":["Burning Blood","Ring of Chaos","Durian","CogitoBucket","Peace Pipe","Oddly Smooth Stone","Lantern","Bag of Marbles","hubris:MysteriousPyramids"],"acts_visited":["Exordium"],"potions_floor_usage":[6,10],"damage_taken":[{"damage":23,"enemies":"Jaw Worm","floor":1,"turns":4},{"damage":0,"enemies":"Small Slimes","floor":2,"turns":4},{"damage":0,"enemies":"2 Louse","floor":3,"turns":1},{"damage":36,"enemies":"Gremlin Nob","floor":6,"turns":5},{"damage":28,"enemies":"3 Sentries","floor":10,"turns":6},{"damage":21,"enemies":"Replay:BlueRogue","floor":11,"turns":6},{"damage":31,"enemies":"Lagavulin","floor":12,"turns":5}],"seed_played":"-2070999595620553454","potions_obtained":[{"floor":2,"key":"Elixir"},{"floor":3,"key":"Explosive Potion"}],"is_trial":true,"path_per_floor":["M","M","M","?","?","E","?","R","T","E","E","E"],"character_chosen":"IRONCLAD","items_purchased":[],"campfire_rested":0,"item_purchase_floors":[],"current_hp_per_floor":[68,74,80,68,68,38,59,59,59,37,22,0,0],"gold":227,"neow_bonus":"","is_daily":false,"chose_seed":false,"campfire_upgraded":1,"win_rate":0.0,"timestamp":1613455969,"path_taken":["M","M","M","?","?","E","?","R","T","E","E","E"],"items_purchased_type":[],"build_version":"2020-12-22","purchased_purges":0,"victory":false,"max_hp_per_floor":[85,85,85,85,85,85,85,85,85,85,85,85,85],"card_choices":[{"not_picked":["Murderer","CherryBlossoms","PunishingBird"],"picked":"Singing Bowl","floor":1},{"not_picked":["ReplayReversal","StuffTheSpire:Incineration","Uppercut"],"picked":"SKIP","floor":1},{"not_picked":["Rage","Perfected Strike"],"picked":"Cleave","floor":2},{"not_picked":["Variant","WallGazer"],"picked":"UniverseFragment","floor":2},{"not_picked":["hubris:SharpeningStone","Havoc"],"picked":"Inflame","floor":3},{"not_picked":["Clash","StuffTheSpire:Incineration"],"picked":"True Grit","floor":6},{"not_picked":["Absolvement","Demon Form"],"picked":"Replay:Undeath\u0027s Touch","floor":10},{"not_picked":["Havoc","Pommel Strike"],"picked":"Flame Barrier","floor":11}],"player_experience":1518119,"relics_obtained":[{"floor":6,"key":"Oddly Smooth Stone"},{"floor":9,"key":"Lantern"},{"floor":10,"key":"Bag of Marbles"},{"floor":11,"key":"hubris:MysteriousPyramids"}],"event_choices":[{"damage_healed":0,"gold_gain":0,"player_choice":"Relic ","damage_taken":12,"max_hp_gain":0,"max_hp_loss":0,"event_name":"betterThird:BetterScrap","floor":4,"gold_loss":0,"cards_obtained":["StuffTheSpire:NuclearReactor"]},{"damage_healed":0,"gold_gain":0,"player_choice":"Invest 2","damage_taken":0,"max_hp_gain":0,"max_hp_loss":0,"event_name":"conspire:Investor","floor":5,"gold_loss":0},{"damage_healed":21,"gold_gain":0,"player_choice":"Healed","damage_taken":0,"max_hp_gain":0,"max_hp_loss":0,"event_name":"The Cleric","floor":7,"gold_loss":35}],"is_beta":false,"boss_relics":[],"items_purged_floors":[],"is_endless":false,"potions_floor_spawned":[2,3],"killed_by":"Lagavulin","ascension_level":5}}