{"host":"q0zqetm8yj025qes","time":1613453586,"event":{"mods":["2.2 Compatiblity","Act Like it!","Bard","BaseMod","Bestiary","Better Third Choice","Colored Map","Colored Powertips","Conspire","Downfall","Friendly Minions","Googly Eyes","Hallownest","Hermit","Hubris","Infinite Spire","Mad Scientist","Mimic Mod","Minty Spire (QoL Compilation)","Quick Restart","Rare Cards Sparkle","Replay The Spire","Robot Space Explorer","Shade Mod","Shop Mod","Spicy Shops","StSLib","The Blackbeard","The Bladedancer","The Bug Knight","The Construct","The Cursed","The Disciple","The Hierophant","The Jungle","The Necromancer","The Runesmith","The Valiant","The Witch"],"gold_per_floor":[118,130,130,155,165,165,180,180,180,190,220,220,239,258,258,359,359,373,373,385,385,399,433,433,433,433],"floor_reached":25,"language":"ENG","playtime":963,"items_purged":[],"score":275,"play_id":"5624cd29-5429-44c8-a0e5-5dfb20b9bff2","local_time":"20210215223306","is_ascension_mode":false,"campfire_choices":[{"data":"Searing Blow","floor":6,"key":"SMITH"},{"data":"Searing Blow+1","floor":8,"key":"SMITH"},{"data":"Searing Blow+2","floor":12,"key":"SMITH"},{"data":"Searing Blow+3","floor":15,"key":"SMITH"}],"circlet_count":0,"master_deck":["Defend_R","Defend_R","Defend_R","Defend_R","Bash","Searing Blow+4","Whirlwind","Metallicize","Immolate","Heavy Blade+1","Slimebound:Tackle+1","Slimebound:Tackle+1","Slimebound:Tackle+1","Thunderclap","Disarm+1"],"relics":["ReplayTheSpireMod:DimensionalGlitch","Red Skull","Bird Faced Urn","Replay:Towering Pillar of Hats","conspire:SpecialSausage","MealTicket","HornCleat","hubris:BottledHeart"],"acts_visited":["Exordium","TheCity"],"potions_floor_usage":[16],"damage_taken":[{"damage":0,"enemies":"Cultist","floor":1,"turns":2},{"damage":8,"enemies":"Jaw Worm","floor":2,"turns":3},{"damage":3,"enemies":"2 Louse","floor":5,"turns":2},{"damage":11,"enemies":"Red Slaver","floor":7,"turns":4},{"damage":7,"enemies":"Blue Slaver","floor":10,"turns":3},{"damage":14,"enemies":"Gremlin Nob","floor":11,"turns":3},{"damage":11,"enemies":"Exordium Wildlife","floor":13,"turns":2},{"damage":0,"enemies":"Gremlin Gang","floor":14,"turns":1},{"damage":0,"enemies":"Slime Boss","floor":16,"turns":5},{"damage":10,"enemies":"2 Thieves","floor":18,"turns":3},{"damage":5,"enemies":"Spheric Guardian","floor":20,"turns":2},{"damage":15,"enemies":"Cultist and Chosen","floor":22,"turns":3},{"damage":24,"enemies":"conspire:SneckoGhost","floor":23,"turns":4},{"damage":6,"enemies":"Slavers","floor":25,"turns":1}],"seed_played":"-6075285893231432862","potions_obtained":[{"floor":1,"key":"Dexterity Potion"},{"floor":2,"key":"hexamod:SoulburnPotion"},{"floor":10,"key":"ElixirPotion"},{"floor":18,"key":"bronze:BurnAndBuffPotion"},{"floor":20,"key":"LifebloodPotion"}],"is_trial":false,"path_per_floor":["M","M","?","T","M","R","M","R","T","M","E","R","M","M","R","B",null,"M","?","M","?","M","E","?","E"],"character_chosen":"IRONCLAD","items_purchased":[],"campfire_rested":0,"item_purchase_floors":[],"current_hp_per_floor":[80,72,72,72,69,69,58,58,58,51,37,37,26,26,26,26,80,71,71,66,66,51,28,1,0,0],"gold":433,"neow_bonus":"BOSS_RELIC","is_daily":false,"chose_seed":false,"campfire_upgraded":4,"win_rate":0.0,"timestamp":1613453586,"path_taken":["M","M","?","?","M","R","M","R","T","M","E","R","?","M","R","BOSS","M","?","M","?","?","E","?","E"],"items_purchased_type":[],"build_version":"2020-12-22","purchased_purges":0,"victory":false,"max_hp_per_floor":[80,80,80,80,80,80,80,80,80,80,80,80,80,80,80,80,80,80,80,80,80,80,80,1,1,1],"card_choices":[{"not_picked":["Massacre","Rage"],"picked":"Searing Blow","floor":1},{"not_picked":["Perfected Strike","Entrench","Massacre"],"picked":"SKIP","floor":2},{"not_picked":["Clothesline","Shrug It Off","Anger"],"picked":"SKIP","floor":5},{"not_picked":["Iron Wave","Ghostly Armor","Flex"],"picked":"SKIP","floor":7},{"not_picked":["Rampage","Burning Pact"],"picked":"Whirlwind","floor":10},{"not_picked":["Warcry","Heavy Blade"],"picked":"Metallicize","floor":11},{"not_picked":["Dropkick","Disarm","Sword Boomerang"],"picked":"SKIP","floor":13},{"not_picked":["Dark Embrace","Power Through","Replay:Undeath\u0027s Touch"],"picked":"SKIP","floor":14},{"not_picked":["Impervious","Eclipse"],"picked":"Immolate","floor":16},{"not_picked":["Shrug It Off","Armaments"],"picked":"Heavy Blade+1","floor":18},{"not_picked":["Armaments","Fire Breathing","Perfected Strike"],"picked":"SKIP","floor":20},{"not_picked":["Perfected Strike","Havoc"],"picked":"Thunderclap","floor":22},{"not_picked":["Power Through+1","Whirlwind"],"picked":"Disarm+1","floor":23}],"player_experience":416703,"relics_obtained":[{"floor":4,"key":"Red Skull"},{"floor":9,"key":"Bird Faced Urn"},{"floor":11,"key":"Replay:Towering Pillar of Hats"},{"floor":23,"key":"HornCleat"}],"event_choices":[{"damage_healed":0,"gold_gain":0,"player_choice":"Gave Potion","damage_taken":0,"relics_obtained":["MealTicket"],"max_hp_gain":0,"max_hp_loss":0,"event_name":"WeMeetAgain","floor":21,"gold_loss":0}],"is_beta":false,"boss_relics":[{"not_picked":["ChewingGum","Replay:Grab Bag"],"picked":"conspire:SpecialSausage"}],"items_purged_floors":[],"is_endless":false,"potions_floor_spawned":[1,2,10,11,18,20],"killed_by":"Slavers","ascension_level":0}}