{"host":"m6rwrrl4vtok99e8","time":1613446645,"event":{"mods":["Act Like it!","Arknights","BaseMod","Colored Powertips","Downfall","KomeijiMod","Lobotomy","Marisa????????","Minty Spire (QoL Compilation)","Remilia??????","Replay The Spire","StSLib","The Bug Knight","The Hierophant","The Servant 0.9.4","WarShipGirlsR/????R mod","Yuri Mod"],"gold_per_floor":[99,115,134,234,294,294,317,317,317,336,371,646,646,389,404,502,502,502,520,554,588,626,666,691,491,525,543,297,307,360,396,396,396],"floor_reached":32,"language":"ZHS","playtime":3213,"items_purged":["Regret","Strike_RM"],"score":316,"play_id":"5aaf6bbd-89e2-4172-8cf3-cbc1dd97a10a","local_time":"20210216113725","is_ascension_mode":false,"campfire_choices":[{"floor":1,"key":"RECALL"},{"data":"EternalNight","floor":6,"key":"SMITH"},{"data":"ScarletShoot","floor":8,"key":"SMITH"},{"floor":13,"key":"REST"},{"floor":25,"key":"REST"}],"circlet_count":0,"master_deck":["Strike_RM","Strike_RM","Strike_RM","Defend_RM","Defend_RM","Defend_RM","Defend_RM","RedMoon+1","ScarletShoot+1","BloodAndWine","EternalNight+1","AfternoonTea","CharismaGuard","BlasphemousPunishment","Apotheosis","ReplayTheSpireMod:Necrogeddon","TransientEternity+1","FavorOfDestiny+1","BloodAndWine+1","Ultimatum","EmergencyRegeneration+1","UnstableMagic+1"],"relics":["ScarletHat","Sundial","ReplayTheSpireMod:Lightbulb","Pet Ghost","ReplayTheSpireMod:ShopPack","SlaversCollar","downfall:HeartBlessingBlue","downfall:HeartBlessingRed","Strawberry","Replay:Arrowhead"],"acts_visited":["Exordium","TheCity"],"potions_floor_usage":[11,28],"damage_taken":[{"damage":0,"enemies":"Small Slimes","floor":2,"turns":4},{"damage":3,"enemies":"2 Louse","floor":3,"turns":4},{"damage":0,"enemies":"Jaw Worm","floor":10,"turns":5},{"damage":12,"enemies":"Gremlin Nob","floor":11,"turns":4},{"damage":5,"enemies":"downfall:FleeingMerchant","floor":14,"turns":4},{"damage":6,"enemies":"2 Fungi Beasts","floor":15,"turns":3},{"damage":25,"enemies":"DF_ARCHETYPE_STREAMLINE","floor":16,"turns":14},{"damage":10,"enemies":"Shell Parasite","floor":19,"turns":4},{"damage":12,"enemies":"Spheric Guardian","floor":20,"turns":5},{"damage":0,"enemies":"Snake Plant","floor":21,"turns":6},{"damage":23,"enemies":"Snecko","floor":22,"turns":6},{"damage":16,"enemies":"Centurion and Healer","floor":23,"turns":5},{"damage":26,"enemies":"Cultist and Chosen","floor":26,"turns":6},{"damage":29,"enemies":"Snake Plant","floor":27,"turns":3},{"damage":10,"enemies":"downfall:FleeingMerchant","floor":28,"turns":4},{"damage":15,"enemies":"Shelled Parasite and Fungi","floor":29,"turns":4},{"damage":48,"enemies":"Slavers","floor":30,"turns":8},{"damage":81,"enemies":"3 Cultists","floor":31,"turns":4},{"damage":28,"enemies":"Cultist and Chosen","floor":32,"turns":4}],"seed_played":"4833539350791229123","potions_obtained":[{"floor":2,"key":"SpeedPotion"},{"floor":3,"key":"Fire Potion"},{"floor":5,"key":"DuplicationPotion"},{"floor":11,"key":"Elixir"},{"floor":29,"key":"DuplicationPotion"}],"is_trial":false,"path_per_floor":["R","M","M","?","?","R","T","R","?","M","E","?","R","$","M","B",null,"R","M","M","M","M","M","T","R","M","M","$","M","E","M","M"],"character_chosen":"REMILIA","items_purchased":["BlasphemousPunishment","ReplayTheSpireMod:ShopPack","Strawberry"],"campfire_rested":2,"item_purchase_floors":[14,14,28],"current_hp_per_floor":[82,82,81,81,61,61,61,61,61,67,59,59,82,80,77,59,82,82,78,72,76,65,55,55,92,72,50,71,65,25,19,0,0],"gold":396,"neow_bonus":"TEN_PERCENT_HP_BONUS","is_daily":false,"chose_seed":false,"campfire_upgraded":2,"win_rate":0.0,"timestamp":1613446645,"path_taken":["R","M","M","?","?","R","T","R","?","?","E","?","R","$","M","BOSS","R","M","M","M","M","M","T","R","M","?","$","M","E","M","M"],"items_purchased_type":["Card","Relic","Relic"],"build_version":"2020-12-22","purchased_purges":2,"victory":false,"max_hp_per_floor":[82,82,82,82,82,82,82,82,82,82,82,82,82,82,82,82,82,82,82,82,82,82,82,82,92,92,92,99,99,99,99,99,99],"card_choices":[{"not_picked":["VampireSweep","NightLord"],"picked":"BloodAndWine","floor":2},{"not_picked":["FavorOfDestiny","DevilSight"],"picked":"EternalNight","floor":3},{"not_picked":["BloodHunter","GlobalNightmare"],"picked":"AfternoonTea","floor":5},{"not_picked":["VampireFantasy","ScarletImprint","AfternoonTea"],"picked":"SKIP","floor":10},{"not_picked":["RedNightlessCastle","FavorOfDestiny"],"picked":"CharismaGuard","floor":11},{"not_picked":["BlasphemousPunishment","CharismaGuard","ScarletSymphony"],"picked":"SKIP","floor":14},{"not_picked":["Metamorphosis","Panacea"],"picked":"Apotheosis","floor":14},{"not_picked":["Thinking Ahead","Transmutation"],"picked":"ReplayTheSpireMod:Necrogeddon","floor":14},{"not_picked":["EndlessAdversity","BloodHunter","TwelveNightmare"],"picked":"SKIP","floor":15},{"not_picked":["ChaoticDestiny","BloodySeventeenLaser"],"picked":"TransientEternity","floor":16},{"not_picked":["ScarletGensokyo+1","RedRainbow"],"picked":"FavorOfDestiny+1","floor":19},{"not_picked":["UltimateOffering+1","BlasphemousPunishment","DiffusionOfMisfortune+1"],"picked":"SKIP","floor":20},{"not_picked":["EndlessAdversity","DiffusionOfMisfortune"],"picked":"BloodAndWine+1","floor":21},{"not_picked":["DiffusionOfMisfortune","DevilSight"],"picked":"Ultimatum","floor":22},{"not_picked":["BlasphemousPunishment+1","TwelveNightmare","BloodHunter"],"picked":"SKIP","floor":23},{"not_picked":["ScarletDream","BloodyTrap","FavorOfDestiny+1"],"picked":"SKIP","floor":26},{"not_picked":["UnderTheZenith","Ultimatum","DevilSight"],"picked":"SKIP","floor":27},{"not_picked":["MastersStateliness","AfternoonTea+1","UnderTheZenith+1"],"picked":"SKIP","floor":28},{"not_picked":["FavorOfDestiny","EndlessAdversity","UnderTheZenith"],"picked":"SKIP","floor":29},{"not_picked":["BloodyHallows","ScarletImprint"],"picked":"EmergencyRegeneration+1","floor":30},{"not_picked":["TwelveNightmare","ScarletImprint"],"picked":"UnstableMagic+1","floor":31}],"player_experience":8998,"relics_obtained":[{"floor":5,"key":"Sundial"},{"floor":7,"key":"ReplayTheSpireMod:Lightbulb"},{"floor":11,"key":"Pet Ghost"},{"floor":30,"key":"Replay:Arrowhead"}],"event_choices":[{"damage_healed":0,"gold_gain":0,"player_choice":"Forge","damage_taken":0,"max_hp_gain":0,"max_hp_loss":0,"event_name":"Accursed Blacksmith","floor":9,"gold_loss":0,"cards_upgraded":["RedMoon"]}],"is_beta":false,"boss_relics":[{"not_picked":["Replay:Bronze Core","Replay:Grab Bag"],"picked":"SlaversCollar"}],"items_purged_floors":[14,28],"is_endless":false,"potions_floor_spawned":[2,3,11,16,21,26,29,30],"killed_by":"Cultist and Chosen","ascension_level":0}}