{"host":"s9znsjs818tlhh47","time":1613519828,"event":{"mods":["2.2 Compatiblity","ATMod(°¢èªMod)","AchievementEnabler","Act Like it!","Arknights","BaseMod","Better Note","Better Skull","Better Third Choice","Better Vampires","Bossed Relics","Card Forge","Colored Powertips","Force Act Four","Minty Spire (QoL Compilation)","Permanent Neow","Quick Restart","StSLib","¡¾¹¦ÄÜMod¡¿»ìãçÖ®»·ÐÞ¸´²¹¶¡","¡¾ÒÅÎï¿¨ÅÆ¡¿REMEMod","²ÐÁôÖ®Îï"],"gold_per_floor":[110,60,80,99,114,114,174,209,235,262,299,161,175,194,194,303,303,316,107,157,178,205,240,240,340,349,360,360,399,425,435,435,543,543,572,581,608,333,367,405,426,245,278,289,322,340,349,378,378,378,378,378,128,159,159,159],"floor_reached":55,"language":"ZHS","playtime":4158,"items_purged":["ats:Strike V","ats:Defend","ats:Magnetic Hammer","Pain","ats:Armor Crushing Shot+1"],"score":781,"play_id":"cce0cc53-ac15-4c31-a3a5-cd8a6d4d0b05","local_time":"20210216185708","is_ascension_mode":false,"campfire_choices":[{"data":"AT_Desolate","floor":6.0,"key":"SMITH"},{"data":"ats:Absolute Focus","floor":15.0,"key":"SMITH"},{"data":"ats:Encircling Forest","floor":24.0,"key":"SMITH"},{"floor":32.0,"key":"RECALL"},{"floor":49,"key":"REST"},{"data":"ats:Strike G","floor":52,"key":"SMITH"}],"circlet_count":0,"master_deck":["ats:Strike G+1","ats:Defend","ats:Defend","ats:Defend","ats:Emotion Absorption+1","ats:Soul Rend+1","AT_Desolate+1","ats:Apocalypse+1","ats:Red Shift+1","ats:Hammer On+1","ats:Absolute Focus+1","ats:Shell Defense+1","ats:Chain Hook+1","ats:Assault Order+1","ats:Shadow Assault+1","ats:Phantom+1","ats:Absolute Focus+1","ats:Encircling Forest+1","ats:Apocalypse+1","ats:Song Of Battle+1","ats:Directed Diagnosis+1","ats:Composite Medical Shells+1","ats:True Silver Slash+1","ats:Shadow Raid+1","ats:Counter Healing Mode+1","ats:Guard Mode+1","ats:Steam Pump+1","Madness+1","Madness+1","REME_MagicPocketWatch+1","ats:Blood Oath+1"],"relics":["ats:Sanity","Hammer of Thor","Seething Fire","Anvil of the Gods","REME_ComplimentaryCards","AT_ATBox","Art of War","ats:Originium","CeramicFish","ats:Hidden Killer","Incense Burner","Cursed Key","Centennial Puzzle","Question Card","ats:Rhine Circuitry","Astrolabe","ats:Support","Ancient Tea Set","Nunchaku","Prayer Wheel","ats:Ability Aura"],"acts_visited":["Exordium","TheCity","TheBeyond","TheEnding"],"potions_floor_usage":[50,54,55],"damage_taken":[{"damage":4.0,"enemies":"2 Louse","floor":1.0,"turns":3.0},{"damage":4.0,"enemies":"ats:Genji","floor":3.0,"turns":5.0},{"damage":0.0,"enemies":"Small Slimes","floor":4.0,"turns":3.0},{"damage":7.0,"enemies":"2 Fungi Beasts","floor":5.0,"turns":3.0},{"damage":14.0,"enemies":"Gremlin Nob","floor":7.0,"turns":3.0},{"damage":0.0,"enemies":"Lagavulin","floor":8.0,"turns":3.0},{"damage":10.0,"enemies":"Large Slime","floor":10.0,"turns":6.0},{"damage":14.0,"enemies":"Gremlin Nob","floor":11.0,"turns":3.0},{"damage":21.0,"enemies":"Exordium Thugs","floor":13.0,"turns":5.0},{"damage":1.0,"enemies":"2 Fungi Beasts","floor":14.0,"turns":2.0},{"damage":18.0,"enemies":"Slime Boss","floor":16.0,"turns":9.0},{"damage":10.0,"enemies":"Chosen","floor":18.0,"turns":4.0},{"damage":12.0,"enemies":"3 Byrds","floor":21.0,"turns":5.0},{"damage":18.0,"enemies":"Snecko","floor":22.0,"turns":4.0},{"damage":33.0,"enemies":"REME_1_Revenger","floor":23.0,"turns":4.0},{"damage":2.0,"enemies":"Snake Plant","floor":27.0,"turns":3.0},{"damage":23.0,"enemies":"Gremlin Leader","floor":29.0,"turns":5.0},{"damage":20.0,"enemies":"Cultist and Chosen","floor":30.0,"turns":6.0},{"damage":30.0,"enemies":"3 Cultists","floor":31.0,"turns":7.0},{"damage":5.0,"enemies":"Champ","floor":33.0,"turns":7.0},{"damage":13.0,"enemies":"Orb Walker","floor":35.0,"turns":3.0},{"damage":34.0,"enemies":"3 Darklings","floor":37.0,"turns":5.0},{"damage":71.0,"enemies":"Nemesis","floor":40.0,"turns":7.0},{"damage":23.0,"enemies":"Writhing Mass","floor":41.0,"turns":6.0},{"damage":43.0,"enemies":"Transient","floor":44.0,"turns":5.0},{"damage":9.0,"enemies":"Reptomancer","floor":45.0,"turns":5.0},{"damage":16,"enemies":"Sphere and 2 Shapes","floor":48,"turns":4},{"damage":84,"enemies":"Time Eater","floor":50,"turns":10},{"damage":72,"enemies":"Shield and Spear","floor":54,"turns":7},{"damage":73,"enemies":"The Heart","floor":55,"turns":5}],"seed_played":"7878508437312144931","potions_obtained":[{"floor":7.0,"key":"REME_GoldPotion"},{"floor":10.0,"key":"AttackPotion"},{"floor":11.0,"key":"Dexterity Potion"},{"floor":14.0,"key":"Energy Potion"},{"floor":16.0,"key":"Fruit Juice"},{"floor":22.0,"key":"FearPotion"},{"floor":23.0,"key":"EntropicBrew"},{"floor":30.0,"key":"ColorlessPotion"},{"floor":41.0,"key":"Dexterity Potion"},{"floor":44.0,"key":"ats:Emergency Sanity Potion"},{"floor":45.0,"key":"PlaceholderMod:PlaceholderPotion"}],"is_trial":false,"path_per_floor":["M","?","M","M","M","R","?","E","T","M","E","$","M","M","R","B",null,"M","$","?","M","M","E","R","?","T","M","?","E","M","M","R","B",null,"M","?","M","$","T","E","M","$","T","M","E","?","?","M","R","B",null,"R","$","E","B"],"character_chosen":"DOCTOR_CLASS","items_purchased":["ats:Chain Hook","ats:Phantom","ats:Absolute Focus","ats:Support","ats:Steam Pump","DistilledChaos"],"campfire_rested":1,"item_purchase_floors":[12,19,19,38,42,53],"current_hp_per_floor":[68,68,68,72,72,72,60,72,72,72,60,60,59,58,58,63,77,69,69,69,71,63,47,47,47,47,62,62,73,60,62,62,77,77,72,72,68,68,68,31,33,33,33,18,71,62,62,58,74,45,74,74,74,44,0,0],"gold":159,"neow_bonus":"REMOVE_CARD","is_daily":false,"chose_seed":false,"campfire_upgraded":4,"win_rate":0.0,"timestamp":1613519828,"path_taken":["M","?","M","M","M","R","?","E","T","M","E","$","M","M","R","BOSS","M","$","?","M","M","E","R","?","T","?","?","E","M","M","R","BOSS","M","?","M","$","?","E","?","$","T","M","E","?","?","M","R","BOSS","R","$","E","BOSS"],"items_purchased_type":["Card","Card","Card","Relic","Card","Potion"],"build_version":"2020-12-22","purchased_purges":5,"victory":false,"max_hp_per_floor":[72,72,72,72,72,72,72,72,72,72,72,72,72,72,72,77,77,77,77,77,77,77,77,77,77,77,77,77,77,77,77,77,77,77,77,77,77,77,77,77,77,77,74,74,74,74,74,74,74,74,74,74,74,74,74,74],"card_choices":[{"not_picked":["ats:Encircling Forest","ats:Absolute Focus"],"picked":"ats:Apocalypse","floor":1.0},{"not_picked":["ats:Consecutive Shot Auto","ats:Cat Scratch"],"picked":"ats:Red Shift","floor":3.0},{"not_picked":["ats:Sword Rain","ats:Poison Spread"],"picked":"ats:Hammer On","floor":4.0},{"not_picked":["ats:Leaping Hammer","ats:Durian"],"picked":"ats:Absolute Focus","floor":5.0},{"not_picked":["ats:Blood Oath","ats:Disruption Kick"],"picked":"ats:Shell Defense","floor":8.0},{"not_picked":["ats:Powerful Strike","ats:Cat Scratch"],"picked":"ats:Magnetic Hammer","floor":10.0},{"not_picked":["ats:Sashimi Platter","ats:Rapid Magazine"],"picked":"ats:Cat Scratch","floor":11.0},{"not_picked":["ats:Apocalypse","ats:Sashimi Platter","ats:Ignite"],"picked":"SKIP","floor":13.0},{"not_picked":["ats:Poison Spread","ats:Apocalypse"],"picked":"ats:Assault Order","floor":14.0},{"not_picked":["ats:Calcification","ats:Volcano"],"picked":"ats:Shadow Assault","floor":16.0},{"not_picked":["ats:Ignite","ats:Hammer On","ats:Powerful Strike"],"picked":"SKIP","floor":18.0},{"not_picked":["ats:Burning Ground+1","ats:Support Order"],"picked":"ats:Encircling Forest","floor":21.0},{"not_picked":["ats:Curse Doll","ats:Red Shift"],"picked":"ats:Apocalypse+1","floor":22.0},{"not_picked":["ats:Thorns+1","ats:Phantom","ats:Poison Spread"],"picked":"SKIP","floor":23.0},{"not_picked":["ats:Thorns+1","ats:Phantom","ats:Poison Spread"],"picked":"SKIP","floor":23.0},{"not_picked":["ats:Hammer On","ats:LN2 Cannon","ats:Curse Doll","ats:Spore Proliferation"],"picked":"SKIP","floor":27.0},{"not_picked":["ats:Hammer On","ats:LN2 Cannon","ats:Curse Doll","ats:Spore Proliferation"],"picked":"SKIP","floor":27.0},{"not_picked":["ats:Leaping Hammer","ats:Hammer On","ats:Serious Mode+1"],"picked":"ats:Song Of Battle","floor":29.0},{"not_picked":["ats:Assault Order","ats:Consecutive Shot Auto+1","ats:True Silver Slash"],"picked":"ats:Directed Diagnosis","floor":30.0},{"not_picked":["ats:Consecutive Shot Auto","ats:Cat Scratch","ats:Sunburst","ats:Poison Spread"],"picked":"SKIP","floor":31.0},{"not_picked":["ats:Durian","ats:Rat Pack","ats:Volcano"],"picked":"ats:Calcification","floor":33.0},{"not_picked":["ats:Assault Order","ats:Ignite","ats:Curse Doll"],"picked":"ats:Composite Medical Shells","floor":35.0},{"not_picked":["ats:Hammer On+1","ats:Thorns","ats:Phantom"],"picked":"ats:Shadow Raid+1","floor":37.0},{"not_picked":["ats:LN2 Cannon+1","ats:Powerful Strike+1","ats:Assault Order+1"],"picked":"ats:Counter Healing Mode+1","floor":40.0},{"not_picked":["ats:Explosion Area Strengthen","ats:Chain Hook","ats:Leaping Hammer+1"],"picked":"ats:Guard Mode+1","floor":41.0},{"not_picked":["ats:Poison Spread","ats:Explosion Area Strengthen","ats:Consecutive Shot Auto","ats:LN2 Cannon"],"picked":"SKIP","floor":44.0},{"not_picked":["ats:Consecutive Shot Auto+1","ats:Disruption Kick","ats:Poison Spread+1","ats:Cat Scratch"],"picked":"SKIP","floor":45.0},{"not_picked":["Finesse","Swift Strike","Purity"],"picked":"REME_MagicPocketWatch","floor":47},{"not_picked":["ats:Closed Bolt Burst Fire+1","ats:Collapsing Strike+1","ats:Counter Healing Mode+1"],"picked":"ats:Blood Oath+1","floor":48},{"not_picked":["ats:Absolute Focus+1","ats:Closed Bolt Burst Fire+1","ats:Guard Mode+1","ats:Apocalypse"],"picked":"SKIP","floor":48},{"not_picked":["ats:Flexible Camouflage+1","ats:Poison Spread+1","ats:Closed Bolt Burst Fire+1","ats:Ambush"],"picked":"SKIP","floor":54}],"player_experience":331268,"relics_obtained":[{"floor":7.0,"key":"Art of War"},{"floor":8.0,"key":"ats:Originium"},{"floor":8.0,"key":"CeramicFish"},{"floor":9.0,"key":"ats:Hidden Killer"},{"floor":11.0,"key":"ats:Originium"},{"floor":11.0,"key":"Incense Burner"},{"floor":23.0,"key":"ats:Originium"},{"floor":23.0,"key":"Centennial Puzzle"},{"floor":26.0,"key":"Question Card"},{"floor":29.0,"key":"ats:Originium"},{"floor":29.0,"key":"ats:Rhine Circuitry"},{"floor":40.0,"key":"Ancient Tea Set"},{"floor":43.0,"key":"Nunchaku"},{"floor":45.0,"key":"Prayer Wheel"},{"floor":54,"key":"ats:Ability Aura"}],"event_choices":[{"cards_removed":["ats:Strike C"],"damage_healed":0.0,"max_hp_gain":0.0,"max_hp_loss":0.0,"gold_gain":0.0,"event_name":"The Cleric","player_choice":"Card Removal","floor":2.0,"gold_loss":50.0,"damage_taken":0.0},{"damage_healed":0.0,"max_hp_gain":0.0,"max_hp_loss":0.0,"gold_gain":30.0,"event_name":"Dead Adventurer","player_choice":"Searched \u00273\u0027 times","floor":7.0,"gold_loss":0.0,"damage_taken":0.0},{"damage_healed":0.0,"max_hp_gain":0.0,"max_hp_loss":0.0,"gold_gain":100.0,"event_name":"The Joust","player_choice":"Bet on Murderer","floor":20.0,"gold_loss":50.0,"damage_taken":0.0},{"damage_healed":0.0,"max_hp_gain":0.0,"max_hp_loss":0.0,"gold_gain":100.0,"event_name":"Golden Shrine","player_choice":"Pray","floor":25.0,"gold_loss":0.0,"damage_taken":0.0},{"damage_healed":0.0,"max_hp_gain":0.0,"max_hp_loss":0.0,"gold_gain":0.0,"event_name":"Accursed Blacksmith","player_choice":"Forge","floor":28.0,"gold_loss":0.0,"damage_taken":0.0,"cards_upgraded":["ats:Shadow Assault"]},{"damage_healed":0.0,"max_hp_gain":0.0,"max_hp_loss":0.0,"gold_gain":0.0,"cards_transformed":["ats:Cat Scratch"],"event_name":"Transmorgrifier","player_choice":"Transformed","floor":36.0,"gold_loss":0.0,"damage_taken":0.0,"cards_obtained":["ats:True Silver Slash"]},{"damage_healed":0.0,"max_hp_gain":0.0,"max_hp_loss":0.0,"gold_gain":0.0,"event_name":"Winding Halls","player_choice":"Embrace Madness","floor":46.0,"gold_loss":0.0,"damage_taken":9.0,"cards_obtained":["Madness","Madness"]},{"damage_healed":0,"gold_gain":0,"player_choice":"Memory 1","damage_taken":0,"max_hp_gain":0,"max_hp_loss":0,"event_name":"SensoryStone","floor":47,"gold_loss":0}],"is_beta":false,"boss_relics":[{"not_picked":["AT_TrinityForce","Coffee Dripper"],"picked":"Cursed Key"},{"not_picked":["Runic Pyramid","Velvet Choker"],"picked":"Astrolabe"}],"items_purged_floors":[12,19,38,42,53],"is_endless":false,"potions_floor_spawned":[7,10,11,14,16,22,23,30,31,40,41,44,45],"killed_by":"The Heart","ascension_level":0}}