{"host":"7jl4uf745pjtflnx","time":1613471048,"event":{"mods":["BaseMod","BetterRewards","Hubris","Minty Spire (QoL Compilation)","Reliquary","Replay The Spire","StSLib","SuperFastMode","The Construct"],"gold_per_floor":[114,114,124,49,68,68,102,102,126,57,69,80,80,4,4,4,4],"floor_reached":16,"language":"ENG","playtime":311,"items_purged":["hubris:Disease"],"score":170,"play_id":"71d328df-221e-4b5e-b424-80549892f41f","local_time":"20210216052408","is_ascension_mode":true,"campfire_choices":[{"data":"Bash","floor":6,"key":"SMITH"},{"data":"Sword Boomerang","floor":8,"key":"SMITH"},{"floor":13,"key":"REST"},{"data":"Heavy Blade","floor":15,"key":"SMITH"}],"circlet_count":0,"master_deck":["Strike_R","Strike_R","Strike_R","Strike_R","Strike_R","Defend_R","Defend_R","Defend_R","Defend_R","Bash+1","Dual Wield","Ghostly Armor","Flex","Sword Boomerang+1","Rampage","Heavy Blade+1","Seeing Red","ReplayTheSpireMod:Stacked"],"relics":["Burning Blood","reliquary:WeakTea","reliquary:FerryPass"],"acts_visited":["Exordium"],"potions_floor_usage":[7,7],"damage_taken":[{"damage":1,"enemies":"Small Slimes","floor":1,"turns":4},{"damage":11,"enemies":"Cultist","floor":3,"turns":4},{"damage":2,"enemies":"Jaw Worm","floor":5,"turns":5},{"damage":65,"enemies":"Lagavulin","floor":7,"turns":7},{"damage":7,"enemies":"Looter","floor":11,"turns":3},{"damage":14,"enemies":"Red Slaver","floor":12,"turns":4},{"damage":65,"enemies":"Slime Boss","floor":16,"turns":8}],"seed_played":"4466880339832041845","potions_obtained":[{"floor":3,"key":"SkillPotion"},{"floor":5,"key":"Regen Potion"}],"is_trial":false,"path_per_floor":["M","?","M","$","M","R","E","R","T","$","M","M","R","$","R","B"],"character_chosen":"IRONCLAD","items_purchased":["Rampage","ReplayTheSpireMod:Stacked"],"campfire_rested":1,"item_purchase_floors":[10,14],"current_hp_per_floor":[93,93,88,88,92,92,42,42,42,42,41,33,61,61,61,0,0],"gold":4,"neow_bonus":"TWENTY_PERCENT_HP_BONUS","is_daily":false,"chose_seed":false,"campfire_upgraded":3,"win_rate":0.0,"timestamp":1613471048,"path_taken":["M","?","M","$","?","R","E","R","T","$","M","M","R","$","R","BOSS"],"items_purchased_type":["Card","Card"],"build_version":"2020-12-22","purchased_purges":1,"victory":false,"max_hp_per_floor":[96,96,96,96,96,96,96,96,96,96,96,96,96,96,96,96,96],"card_choices":[{"not_picked":["Body Slam","Bloodletting"],"picked":"Dual Wield","floor":1},{"not_picked":["Clash","Replay:Undeath\u0027s Touch"],"picked":"Ghostly Armor","floor":3},{"not_picked":["Shrug It Off","Warcry"],"picked":"Flex","floor":5},{"not_picked":["Shrug It Off","Seeing Red"],"picked":"Sword Boomerang","floor":7},{"not_picked":["Anger","Dual Wield"],"picked":"Heavy Blade","floor":11},{"not_picked":["Anger","Wild Strike"],"picked":"Seeing Red","floor":12}],"player_experience":838084,"relics_obtained":[{"floor":7,"key":"reliquary:WeakTea"},{"floor":9,"key":"reliquary:FerryPass"}],"event_choices":[{"damage_healed":0,"gold_gain":0,"player_choice":"Ignored","damage_taken":0,"max_hp_gain":0,"max_hp_loss":0,"event_name":"NoteForYourself","floor":2,"gold_loss":0}],"is_beta":false,"boss_relics":[],"items_purged_floors":[4],"is_endless":false,"potions_floor_spawned":[3,5],"killed_by":"Slime Boss","ascension_level":9}}