{"host":"gaqyve1328ta0etl","time":1613470220,"event":{"mods":["BaseMod","Colored Map","Colored Powertips","Duelist Mod","Googly Eyes","Hero for Fun","Minty Spire (QoL Compilation)","Shop Mod","StSLib","SuperFastMode","The Hierophant","The Runesmith"],"gold_per_floor":[144,5,3,15,15,15,45,56,106,120,120,41,41,58,58,58,58],"floor_reached":16,"language":"ENG","playtime":544,"items_purged":[],"score":155,"play_id":"554664f0-b022-4c03-a6e4-0c4508c0a372","local_time":"20210216021020","is_ascension_mode":true,"campfire_choices":[{"data":"theDuelist:CocoonUltraEvolution","floor":6,"key":"SMITH"},{"floor":13,"key":"REST"},{"floor":15,"key":"REST"}],"circlet_count":0,"master_deck":["AscendersBane","theDuelist:BloodSparks","theDuelist:CastleWalls","theDuelist:CastleWalls","theDuelist:CrossSwordBeetle","theDuelist:EmpressMantis","theDuelist:InsectKnight","theDuelist:RazorLizard","theDuelist:RazorLizard","theDuelist:Sparks","theDuelist:Sparks","theDuelist:WallThorns","theDuelist:CocoonUltraEvolution+1","theDuelist:GigaMantis","theDuelist:BlockSpider","theDuelist:HammerShot","theDuelist:DarkSpider","theDuelist:SphereKuriboh"],"relics":["theDuelist:MillenniumPuzzle","theDuelist:CardPoolRelic","theDuelist:CardPoolBasicRelic","theDuelist:BoosterPackPoolRelic","theDuelist:CardPoolAddRelic","theDuelist:CardPoolMinusRelic","theDuelist:CardPoolSaveRelic","theDuelist:CardPoolOptionsRelic","theDuelist:NamelessWarRelicB","theDuelist:MillenniumArmor","Orichalcum"],"acts_visited":["Exordium"],"potions_floor_usage":[8,14],"damage_taken":[{"damage":3,"enemies":"Cultist","floor":1,"turns":4},{"damage":9,"enemies":"Small Slimes","floor":4,"turns":5},{"damage":47,"enemies":"Lagavulin","floor":7,"turns":9},{"damage":0,"enemies":"Jaw Worm","floor":8,"turns":3},{"damage":4,"enemies":"Red Slaver","floor":10,"turns":5},{"damage":0,"enemies":"2 Fungi Beasts","floor":14,"turns":2},{"damage":66,"enemies":"Hexaghost","floor":16,"turns":12}],"seed_played":"-9210036455406423104","potions_obtained":[{"floor":4,"key":"theDuelist:DestructPotionPotB"},{"floor":7,"key":"Weak Potion"},{"floor":8,"key":"DistilledChaos"}],"is_trial":false,"path_per_floor":["M","$","?","M","?","R","E","M","T","M","?","$","R","M","R","B"],"character_chosen":"THE_DUELIST","items_purchased":["theDuelist:GigaMantis","theDuelist:DarkSpider"],"campfire_rested":2,"item_purchase_floors":[2,12],"current_hp_per_floor":[69,69,69,60,60,60,13,13,13,9,14,14,39,39,64,0,0],"gold":58,"neow_bonus":"ONE_RANDOM_RARE_CARD","is_daily":false,"chose_seed":false,"campfire_upgraded":1,"win_rate":0.0,"timestamp":1613470220,"path_taken":["M","$","?","M","?","R","E","M","T","M","?","?","R","M","R","BOSS"],"items_purchased_type":["Card","Card"],"build_version":"2020-12-22","purchased_purges":0,"victory":false,"max_hp_per_floor":[80,80,80,80,80,80,80,80,80,80,85,85,85,85,85,85,85],"card_choices":[{"not_picked":["theDuelist:InsectQueen","theDuelist:GigaCricket"],"picked":"theDuelist:CocoonUltraEvolution","floor":1},{"not_picked":["theDuelist:NeoBug","theDuelist:BeeListSoldier","theDuelist:PinchHopper","theDuelist:BrainCrusher","theDuelist:BigInsect"],"picked":"SKIP","floor":4},{"not_picked":["theDuelist:ManEaterBug","theDuelist:EmpressMantis","theDuelist:BasicInsect","theDuelist:CorrosiveScales"],"picked":"theDuelist:BlockSpider","floor":7},{"not_picked":["theDuelist:EarthquakeGiant","theDuelist:DarklordSuperbia","theDuelist:Mudora","theDuelist:Sangan"],"picked":"theDuelist:HammerShot","floor":8},{"not_picked":["theDuelist:NeoBug","theDuelist:KarakuriSpider","theDuelist:RazorLizard","theDuelist:Invigoration","theDuelist:TornadoDragon"],"picked":"SKIP","floor":10},{"not_picked":["theDuelist:ReptiliannePoison+1","theDuelist:FuryFire+1","theDuelist:DianKeto+1","theDuelist:LightningDarts"],"picked":"theDuelist:SphereKuriboh","floor":14}],"player_experience":2206415,"relics_obtained":[{"floor":7,"key":"theDuelist:MillenniumArmor"},{"floor":9,"key":"Orichalcum"}],"event_choices":[{"total_magic_score":34,"gold_gain":0,"duelist":true,"damage_taken":0,"relics_obtained":["theDuelist:NamelessWarRelicB"],"points":2,"war_reward":2,"max_hp_gain":0,"max_hp_loss":0,"spent_points":{"magic":0,"greed":0,"war":2,"power":0,"hunger":0},"event_name":"Nameless Tomb","floor":3,"gold_loss":2,"cards_obtained":[]},{"damage_healed":0,"gold_gain":0,"player_choice":"Leave","duelist":true,"damage_taken":0,"max_hp_gain":0,"max_hp_loss":0,"event_name":"Relic Duplicator","floor":5,"gold_loss":0},{"damage_healed":0,"gold_gain":0,"player_choice":"Donut","damage_taken":0,"max_hp_gain":5,"max_hp_loss":0,"event_name":"Big Fish","floor":11,"gold_loss":0}],"is_beta":false,"boss_relics":[],"items_purged_floors":[],"is_endless":false,"potions_floor_spawned":[4,7,8],"killed_by":"Hexaghost","ascension_level":11}}