{"host":"nlbr7nnijupf3yfg","time":1613514064,"event":{"mods":["AchievementEnabler","BaseMod","BetterRewards","Card Forge","Colored Powertips","DeckTracker","Downfall","Hubris","Infinite Spire","Minty Spire (QoL Compilation)","Quick Restart","Relic Stats","Replay The Spire","Shop Mod","StSLib","SuperFastMode"],"gold_per_floor":[119,119,119,129,146,175,175,205,258,271,302,362,180,211,211,311,311,325,336,26,37,37,37,64,84,84,97,97,126,142,152,152,256,256,275,275,275,275,275,275,275],"floor_reached":40,"language":"ENG","playtime":1546,"items_purged":[],"score":502,"play_id":"1bd240e5-0573-456f-a6c6-f0bccd3caa30","local_time":"20210216172104","is_ascension_mode":true,"campfire_choices":[{"floor":7.0,"key":"REST"},{"floor":15.0,"key":"REST"},{"floor":23.0,"key":"REST"},{"floor":28.0,"key":"REST"},{"floor":32.0,"key":"REST"}],"circlet_count":0,"master_deck":["Strike_G","Strike_G+1","Strike_G","Strike_G","Defend_G+1","Defend_G","Defend_G+1","Defend_G","Defend_G","Survivor+1","Neutralize","Dagger Spray","Poisoned Stab+1","Poisoned Stab","Flying Knee+1","Acrobatics+1","Outmaneuver+1","Cloak And Dagger","Sucker Punch","Dagger Spray","PiercingWail","PiercingWail","Crippling Poison+1","Burst+1","Acrobatics","Deadly Poison+1","Poison Darts","Deadly Poison","Fluid Movement+1","Bane","Slice+1","Dodge and Roll+1","Backflip","ReplayTheSpireMod:Necrosis","ReplayTheSpireMod:From All Sides","Deadly Poison","ReplayTheSpireMod:Chaos Vortex"],"relics":["Ring of the Snake","Hammer of Thor","Seething Fire","Anvil of the Gods","Gremlin Food","Pet Ghost","Paper Crane","Replay:Baseball","hubris:GlazedTorus","ReplayTheSpireMod:Ninjato","Ornamental Fan","Snecko Eye","Guide Book","WarpedTongs","Ginger","Peace Pipe","infinitespire:Joker Card","Replay:Ancient Bell","Bronze Scales","infinitespire:CheckeredPen","champ:DuelingGlove"],"acts_visited":["Exordium","TheCity","TheBeyond"],"potions_floor_usage":[],"damage_taken":[{"damage":6.0,"enemies":"Jaw Worm","floor":1.0,"turns":6.0},{"damage":0.0,"enemies":"Small Slimes","floor":4.0,"turns":4.0},{"damage":0.0,"enemies":"Cultist","floor":5.0,"turns":3.0},{"damage":25.0,"enemies":"3 Sentries","floor":6.0,"turns":8.0},{"damage":15.0,"enemies":"Gremlin Nob","floor":8.0,"turns":4.0},{"damage":0.0,"enemies":"Blue Slaver","floor":10.0,"turns":2.0},{"damage":3.0,"enemies":"3 Sentries","floor":11.0,"turns":4.0},{"damage":8.0,"enemies":"Replay:BlueRogue","floor":14.0,"turns":5.0},{"damage":2.0,"enemies":"Slime Boss","floor":16.0,"turns":8.0},{"damage":0.0,"enemies":"Shell Parasite","floor":18.0,"turns":5.0},{"damage":6.0,"enemies":"Spheric Guardian","floor":19.0,"turns":4.0},{"damage":12.0,"enemies":"Centurion and Healer","floor":21.0,"turns":6.0},{"damage":10.0,"enemies":"Slavers","floor":24.0,"turns":4.0},{"damage":3.0,"enemies":"Snecko","floor":25.0,"turns":4.0},{"damage":4.0,"enemies":"Cultist and Chosen","floor":27.0,"turns":4.0},{"damage":2.0,"enemies":"Gremlin Leader","floor":29.0,"turns":4.0},{"damage":1.0,"enemies":"3 Cultists","floor":30.0,"turns":3.0},{"damage":23.0,"enemies":"Shelled Parasite and Fungi","floor":31.0,"turns":4.0},{"damage":51.0,"enemies":"Champ","floor":33.0,"turns":12.0},{"damage":20.0,"enemies":"3 Darklings","floor":35.0,"turns":4.0},{"damage":59,"enemies":"infinitespire:MassOfShapes","floor":40,"turns":11}],"seed_played":"4477882467452379880","potions_obtained":[{"floor":5.0,"key":"BlessingOfTheForge"},{"floor":6.0,"key":"SteroidPotion"},{"floor":8.0,"key":"Milkshake"},{"floor":10.0,"key":"Fruit Juice"},{"floor":18.0,"key":"Languid Potion"},{"floor":27.0,"key":"DuplicationPotion"}],"is_trial":false,"path_per_floor":["M","?","?","M","M","E","R","E","T","M","E","?","$","E","R","B",null,"M","M","$","M","?","R","E","M","T","M","R","E","M","M","R","B",null,"M","?","?","$","?","B"],"character_chosen":"THE_SILENT","items_purchased":["EntropicBrew","PowerPotion","PiercingWail","Guide Book","Poison Darts"],"campfire_rested":5,"item_purchase_floors":[13,13,13,20,20],"current_hp_per_floor":[64,50,50,50,50,25,46,31,31,36,33,33,33,25,47,45,75,75,69,69,57,57,75,65,62,62,58,75,73,72,49,71,20,75,55,55,55,55,55,0,0],"gold":275,"neow_bonus":"RANDOM_COMMON_RELIC","is_daily":false,"chose_seed":false,"campfire_upgraded":0,"win_rate":0.0,"timestamp":1613514064,"path_taken":["M","?","?","M","M","E","R","E","T","?","E","?","?","E","R","BOSS","M","M","$","M","?","R","E","M","T","M","R","E","M","M","R","BOSS","M","?","?","$","?","BOSS"],"items_purchased_type":["Potion","Potion","Card","Relic","Card"],"build_version":"2020-12-22","purchased_purges":0,"victory":false,"max_hp_per_floor":[70,70,70,70,70,70,70,70,70,75,75,75,75,75,75,75,75,75,75,75,75,75,75,75,75,75,75,75,75,75,75,75,75,75,75,75,75,75,75,75,75],"relic_stats":{"Peace Pipe":0,"counters":[21,109],"Ornamental Fan":[88],"Bronze Scales":[64],"Snecko Eye":[128,140,135,158],"Ginger":[8],"obtain_stats":[{"Gremlin Food":0,"champ:DuelingGlove":34,"ReplayTheSpireMod:Ninjato":12,"Guide Book":20,"Hammer of Thor":0,"infinitespire:Joker Card":29,"Replay:Ancient Bell":34,"Seething Fire":0,"Ginger":24,"infinitespire:CheckeredPen":34,"Paper Crane":8,"Pet Ghost":6,"WarpedTongs":22,"Peace Pipe":26,"Replay:Baseball":9,"Anvil of the Gods":0,"Ornamental Fan":14,"Bronze Scales":34,"Snecko Eye":17,"Ring of the Snake":0,"hubris:GlazedTorus":11},{"Gremlin Food":0,"champ:DuelingGlove":19,"ReplayTheSpireMod:Ninjato":7,"Guide Book":11,"Hammer of Thor":0,"infinitespire:Joker Card":16,"Replay:Ancient Bell":19,"Seething Fire":0,"Ginger":13,"infinitespire:CheckeredPen":19,"Paper Crane":5,"Pet Ghost":4,"WarpedTongs":12,"Peace Pipe":14,"Replay:Baseball":5,"Anvil of the Gods":0,"Ornamental Fan":8,"Bronze Scales":19,"Snecko Eye":9,"Ring of the Snake":0,"hubris:GlazedTorus":7},{"Gremlin Food":0,"champ:DuelingGlove":94,"ReplayTheSpireMod:Ninjato":31,"Guide Book":53,"Hammer of Thor":0,"infinitespire:Joker Card":75,"Replay:Ancient Bell":94,"Seething Fire":0,"Ginger":63,"infinitespire:CheckeredPen":94,"Paper Crane":25,"Pet Ghost":21,"WarpedTongs":59,"Peace Pipe":67,"Replay:Baseball":25,"Anvil of the Gods":0,"Ornamental Fan":36,"Bronze Scales":94,"Snecko Eye":44,"Ring of the Snake":0,"hubris:GlazedTorus":31}],"Ring of the Snake":[42],"WarpedTongs":[50]},"card_choices":[{"not_picked":["Noxious Fumes","Dash"],"picked":"Dagger Spray","floor":1.0},{"not_picked":["Hidden Blade","Burst"],"picked":"Poisoned Stab","floor":4.0},{"not_picked":["PiercingWail","Sucker Punch"],"picked":"Flying Knee","floor":5.0},{"not_picked":["Poisoned Stab","Prepared"],"picked":"Acrobatics","floor":6.0},{"not_picked":["PiercingWail","Escape Plan"],"picked":"Outmaneuver","floor":8.0},{"not_picked":["ReplayTheSpireMod:Exploit Weakness","Hidden Blade"],"picked":"Cloak And Dagger","floor":10.0},{"not_picked":["Reflex","Heel Hook"],"picked":"Sucker Punch","floor":11.0},{"not_picked":["Sucker Punch","Tools of the Trade"],"picked":"Dagger Spray","floor":12.0},{"not_picked":["Endless Agony","Backflip"],"picked":"Crippling Poison","floor":14.0},{"not_picked":["Adrenaline","Glass Knife"],"picked":"Burst","floor":16.0},{"not_picked":["Cloak And Dagger","Replay:Poison Smokescreen"],"picked":"Acrobatics","floor":18.0},{"not_picked":["ReplayTheSpireMod:The Works","Underhanded Strike"],"picked":"Deadly Poison+1","floor":19.0},{"not_picked":["Quick Slash+1","Dagger Spray"],"picked":"Deadly Poison","floor":21.0},{"not_picked":["Predator","Outmaneuver"],"picked":"Fluid Movement+1","floor":24.0},{"not_picked":["hubris:Counter","Footwork"],"picked":"Bane","floor":25.0},{"not_picked":["Flying Knee","Doppelganger"],"picked":"Slice+1","floor":27.0},{"not_picked":["ReplayTheSpireMod:The Works","Dagger Throw"],"picked":"Dodge and Roll+1","floor":29.0},{"not_picked":["Quick Slash+1","Poisoned Stab"],"picked":"Backflip","floor":30.0},{"not_picked":["Deadly Poison","ReplayTheSpireMod:Speed Training"],"picked":"ReplayTheSpireMod:Necrosis","floor":31.0},{"not_picked":["Storm of Steel","Phantasmal Killer"],"picked":"ReplayTheSpireMod:From All Sides","floor":33.0},{"not_picked":["Shame","downfall:Malfunctioning"],"picked":"Voices","floor":34.0},{"not_picked":["Overencumbered","hubris:Greed"],"picked":"Clumsy","floor":34.0},{"not_picked":["Clumsy","Languid"],"picked":"Pain","floor":34.0},{"not_picked":["Calculated Gamble","Well Laid Plans"],"picked":"Deadly Poison","floor":35.0},{"not_picked":["infinitespire:Execution","ReplayTheSpireMod:Haul"],"picked":"ReplayTheSpireMod:Chaos Vortex","floor":36.0}],"player_experience":93087,"relics_obtained":[{"floor":6.0,"key":"Pet Ghost"},{"floor":8.0,"key":"Paper Crane"},{"floor":9.0,"key":"Replay:Baseball"},{"floor":11.0,"key":"hubris:GlazedTorus"},{"floor":12.0,"key":"ReplayTheSpireMod:Ninjato"},{"floor":14.0,"key":"Ornamental Fan"},{"floor":24.0,"key":"Ginger"},{"floor":26.0,"key":"Peace Pipe"},{"floor":29.0,"key":"infinitespire:Joker Card"}],"event_choices":[{"damage_healed":0.0,"max_hp_gain":0.0,"max_hp_loss":0.0,"gold_gain":0.0,"event_name":"Shining Light","player_choice":"Entered Light","floor":2.0,"gold_loss":0.0,"damage_taken":14.0,"cards_upgraded":["Strike_G","Survivor"]},{"damage_healed":0.0,"max_hp_gain":0.0,"max_hp_loss":0.0,"gold_gain":0.0,"event_name":"Accursed Blacksmith","player_choice":"Rummage","floor":22.0,"gold_loss":0.0,"damage_taken":0.0,"relics_obtained":["WarpedTongs"],"cards_obtained":["Pain"]},{"damage_healed":0.0,"max_hp_gain":0.0,"max_hp_loss":0.0,"gold_gain":0.0,"event_name":"Tomb of Lord Red Mask","player_choice":"Ignored","floor":37.0,"gold_loss":0.0,"damage_taken":0.0},{"damage_healed":0.0,"max_hp_gain":0.0,"max_hp_loss":0.0,"gold_gain":0.0,"event_name":"SecretPortal","player_choice":"Took Portal","floor":39.0,"gold_loss":0.0,"damage_taken":0.0}],"is_beta":false,"boss_relics":[{"not_picked":["ChewingGum","Kintsugi"],"picked":"Snecko Eye"},{"not_picked":["Runic Dome","Ring of Chaos"],"picked":"Replay:Ancient Bell"},{"not_picked":["bronze:BronzeIdol","Replay:Bandana"],"picked":"Bronze Scales"},{"not_picked":["Matryoshka","Chameleon Ring"],"picked":"infinitespire:CheckeredPen"},{"not_picked":["Durian","hubris:Teleporter"],"picked":"champ:DuelingGlove"}],"items_purged_floors":[],"is_endless":false,"potions_floor_spawned":[5,6,8,10,18,27,31],"killed_by":"infinitespire:MassOfShapes","ascension_level":1}}