{"host":"tr0r177cvmpvg89h","time":1613516035,"event":{"mods":["BaseMod","Colored Map","DeckTracker","Minty Spire (QoL Compilation)","StSLib","SuperFastMode"],"gold_per_floor":[114,114,128,128,138,165,179,59,59,59,73,91,110,121,121,121,121],"floor_reached":16,"language":"KOR","playtime":698,"items_purged":["Strike_R"],"score":156,"play_id":"9acf28e6-e482-4cc7-9eae-3fa5e94143cd","local_time":"20210217075355","is_ascension_mode":false,"campfire_choices":[{"data":"Anger","floor":10,"key":"SMITH"},{"data":"Offering","floor":15,"key":"SMITH"}],"circlet_count":0,"master_deck":["Strike_R","Strike_R","Strike_R","Strike_R+1","Defend_R","Defend_R","Defend_R","Defend_R","Bash+1","Anger","Cleave","Pain","Thunderclap","Wild Strike","Anger+1","Shrug It Off","Dual Wield","Offering+1"],"relics":["Burning Blood","NeowsBlessing","WarpedTongs","Pen Nib","Red Skull"],"acts_visited":["Exordium"],"potions_floor_usage":[16,16],"damage_taken":[{"damage":0,"enemies":"Cultist","floor":1,"turns":1},{"damage":0,"enemies":"Jaw Worm","floor":3,"turns":1},{"damage":0,"enemies":"Small Slimes","floor":5,"turns":1},{"damage":30,"enemies":"Gremlin Nob","floor":6,"turns":4},{"damage":10,"enemies":"2 Fungi Beasts","floor":7,"turns":3},{"damage":5,"enemies":"Looter","floor":11,"turns":2},{"damage":14,"enemies":"3 Louse","floor":12,"turns":2},{"damage":1,"enemies":"2 Fungi Beasts","floor":13,"turns":2},{"damage":2,"enemies":"Exordium Wildlife","floor":14,"turns":1}],"seed_played":"-3569118669026946718","potions_obtained":[{"floor":1,"key":"FearPotion"},{"floor":6,"key":"Swift Potion"},{"floor":11,"key":"BlessingOfTheForge"},{"floor":13,"key":"SkillPotion"}],"is_trial":false,"path_per_floor":["M","?","M","?","M","E","M","$","T","R","M","M","M","M","R","B"],"character_chosen":"IRONCLAD","items_purchased":["Shrug It Off"],"campfire_rested":0,"item_purchase_floors":[8],"current_hp_per_floor":[80,64,70,70,76,52,48,48,48,48,49,41,46,50,50,0,0],"gold":121,"neow_bonus":"THREE_ENEMY_KILL","is_daily":false,"chose_seed":false,"campfire_upgraded":2,"win_rate":0.0,"timestamp":1613516035,"path_taken":["M","?","M","?","?","E","M","$","T","R","?","M","M","M","R","BOSS"],"items_purchased_type":["Card"],"build_version":"2020-12-22","purchased_purges":1,"victory":false,"max_hp_per_floor":[80,80,80,80,80,80,80,80,80,80,80,80,80,80,80,80,80],"card_choices":[{"not_picked":["Seeing Red","Heavy Blade"],"picked":"Anger","floor":1},{"not_picked":["Pommel Strike","Body Slam"],"picked":"Cleave","floor":3},{"not_picked":["Disarm","Uppercut"],"picked":"Thunderclap","floor":5},{"not_picked":["Sword Boomerang","Perfected Strike"],"picked":"Wild Strike","floor":6},{"not_picked":["Sword Boomerang","Thunderclap"],"picked":"Anger","floor":7},{"not_picked":["Armaments","Rupture"],"picked":"Dual Wield","floor":11},{"not_picked":["Shrug It Off","Wild Strike","Feel No Pain"],"picked":"SKIP","floor":12},{"not_picked":["Iron Wave","Cleave","Searing Blow"],"picked":"SKIP","floor":13},{"not_picked":["Hemokinesis","Seeing Red"],"picked":"Offering","floor":14}],"player_experience":70127,"relics_obtained":[{"floor":6,"key":"Pen Nib"},{"floor":9,"key":"Red Skull"}],"event_choices":[{"damage_healed":0,"gold_gain":0,"player_choice":"Entered Light","damage_taken":16,"max_hp_gain":0,"max_hp_loss":0,"event_name":"Shining Light","floor":2,"gold_loss":0,"cards_upgraded":["Bash","Strike_R"]},{"damage_healed":0,"gold_gain":0,"player_choice":"Rummage","damage_taken":0,"relics_obtained":["WarpedTongs"],"max_hp_gain":0,"max_hp_loss":0,"event_name":"Accursed Blacksmith","floor":4,"gold_loss":0,"cards_obtained":["Pain"]}],"is_beta":false,"boss_relics":[],"items_purged_floors":[8],"is_endless":false,"potions_floor_spawned":[1,6,11,12,13],"killed_by":"The Guardian","ascension_level":0}}