{"host":"e1dlxrn9xf91lno8","time":1613498937,"event":{"mods":["AchievementEnabler","Aspiration","Bard","BaseMod","Beaked The Cultist","Bestiary","Better Altar","Better Sensory Stone","Better Third Choice","BetterRewards","Bossed Relics","Colored Map","Colored Powertips","Energized Spire","Filter the Spire","GungeonMod","Hermit","Highlight Path","Hubris","Infinite Spire","Mimic Mod","Minty Spire (QoL Compilation)","Morshu Shopkeeper","Morshu Shopkeeper - ENHANCED","Quick Restart","Rare Cards Sparkle","Reliquary","Replay The Spire","Shop Mod","Smile Girya","Somnambulant","StSLib","The Blue Laboratory","The Cursed","The Disciple","The Runesmith","Together in Spire","Uncapped","everything is the same but u backflip on backflip","slay the spire mod where everything is the same but ironclad has a cowboy hat"],"gold_per_floor":[369,369,387,387,169,169,184,207,280,40,66,66,66,81,81,207,207,228,228,253,185,185,185],"floor_reached":22,"language":"ENG","playtime":728,"items_purged":["DemoMod:Defend_Huntress"],"score":174,"play_id":"c781a1ab-0392-427f-be99-c7261aec580f","local_time":"20210216130857","is_ascension_mode":false,"campfire_choices":[{"data":"hermit:Ricochet","floor":6,"key":"SMITH"},{"data":"DevaForm","floor":12,"key":"SMITH"},{"floor":15,"key":"REST"}],"circlet_count":0,"master_deck":["hermit:Strike_Hermit","hermit:Strike_Hermit","hermit:Strike_Hermit","hermit:Strike_Hermit","hermit:Defend_Hermit","hermit:Defend_Hermit","hermit:Defend_Hermit","hermit:Defend_Hermit+1","hermit:Snapshot","hermit:Covet","bard:Defend","hermit:Ricochet+1","hermit:Ricochet+1","Apotheosis","hermit:BigShot","DevaForm+1","hermit:HighCaliber","PanicButton","hermit:Desperado","hermit:WideOpen"],"relics":["hermit:Momento","Golden Idol","PrismaticShard","infinitespire:Lucky Rock","beaked:ShinyBauble","Odd Mushroom","reliquary:ThirdArm"],"acts_visited":["Exordium","TheCity"],"potions_floor_usage":[16],"damage_taken":[{"damage":6,"enemies":"Cultist","floor":1,"turns":5},{"damage":2,"enemies":"Small Slimes","floor":3,"turns":2},{"damage":0,"enemies":"Jaw Worm","floor":7,"turns":2},{"damage":0,"enemies":"2 Fungi Beasts","floor":8,"turns":3},{"damage":33,"enemies":"The Mushroom Lair","floor":11,"turns":4},{"damage":0,"enemies":"Red Slaver","floor":14,"turns":3},{"damage":28,"enemies":"Fading Forest","floor":16,"turns":11},{"damage":26,"enemies":"Spheric Guardian","floor":18,"turns":5},{"damage":32,"enemies":"2 Thieves","floor":20,"turns":4},{"damage":38,"enemies":"Snake Plant","floor":22,"turns":3}],"seed_played":"7604059229904811525","potions_obtained":[{"floor":7,"key":"PowerPotion"},{"floor":8,"key":"DuplicationPotion"},{"floor":16,"key":"DemoMod:LeadSkinPotion"},{"floor":18,"key":"Dexterity Potion"},{"floor":20,"key":"Elixir"}],"is_trial":false,"path_per_floor":["M","?","M","?","$","R","M","M","T","$","?","R","?","M","R","B",null,"M","?","M","$","M"],"character_chosen":"HERMIT","items_purchased":["infinitespire:Lucky Rock","Apotheosis","hermit:BigShot","hermit:Desperado","hermit:WideOpen"],"campfire_rested":1,"item_purchase_floors":[5,10,10,21,21],"current_hp_per_floor":[69,69,67,67,67,67,67,67,67,67,34,34,20,20,40,22,69,43,69,37,37,0,0],"gold":185,"neow_bonus":"TWO_FIFTY_GOLD","is_daily":false,"chose_seed":false,"campfire_upgraded":2,"win_rate":0.0,"timestamp":1613498937,"path_taken":["M","?","M","?","?","R","?","M","T","$","?","R","?","M","R","BOSS","M","?","?","?","M"],"items_purchased_type":["Relic","Card","Card","Card","Card"],"build_version":"2020-12-22","purchased_purges":1,"victory":false,"max_hp_per_floor":[75,69,69,69,69,69,69,69,69,69,69,69,69,69,69,69,69,69,69,69,69,69,69],"card_choices":[{"not_picked":["hermit:ItchyTrigger","hermit:FlashPowder"],"picked":"hermit:Ricochet","floor":1},{"not_picked":["hermit:BigShot","hermit:Snipe"],"picked":"hermit:Ricochet","floor":3},{"not_picked":["TheCursedMod:Stretching","beaked:Foresight","Expertise"],"picked":"SKIP","floor":7},{"not_picked":["Capacitor","beaked:Flinch","TheCursedMod:CursedShiv"],"picked":"SKIP","floor":8},{"not_picked":["bard:LingeringPerformance","Runesmith:EnergizedChisel"],"picked":"DevaForm","floor":11},{"not_picked":["DemoMod:ChanceBullets","ReplayTheSpireMod:Exploit Weakness","somnambulantmod: Pinch"],"picked":"SKIP","floor":14},{"not_picked":["TheCursedMod:Stretching","beaked:Tradeoff"],"picked":"hermit:HighCaliber","floor":18},{"not_picked":["Sneak Up","Demonic Infusion"],"picked":"PanicButton","floor":20}],"player_experience":26114,"relics_obtained":[{"floor":9,"key":"beaked:ShinyBauble"},{"floor":11,"key":"Odd Mushroom"}],"event_choices":[{"damage_healed":0,"gold_gain":0,"player_choice":"Lose Max HP","damage_taken":0,"relics_obtained":["Golden Idol"],"max_hp_gain":0,"max_hp_loss":6,"event_name":"Golden Idol","floor":2,"gold_loss":0},{"damage_healed":0,"gold_gain":0,"player_choice":"Fought Mushrooms","damage_taken":0,"max_hp_gain":0,"max_hp_loss":0,"event_name":"Mushrooms","floor":11,"gold_loss":0},{"damage_healed":34,"gold_gain":0,"player_choice":"Upgrade","damage_taken":14,"max_hp_gain":0,"max_hp_loss":69,"event_name":"betterThird:BetterShining","floor":13,"gold_loss":0,"cards_upgraded":["hermit:Ricochet","hermit:Defend_Hermit"]},{"damage_healed":26,"gold_gain":0,"player_choice":"Full Heal","damage_taken":0,"max_hp_gain":0,"max_hp_loss":0,"event_name":"Wheel of Change","floor":19,"gold_loss":0}],"is_beta":false,"boss_relics":[{"not_picked":["Empty Cage","aspiration:RunesmithSkillbook"],"picked":"reliquary:ThirdArm"}],"items_purged_floors":[5],"is_endless":false,"potions_floor_spawned":[7,8,16,18,20],"killed_by":"Snake Plant","ascension_level":0}}