{"host":"65a95dzim48ko8ke","time":1613441403,"event":{"mods":["Act Like it!","BaseMod","Block Reminder","Colored Powertips","Curses Come First","DeckTracker","Hallownest","Minty Spire (QoL Compilation)","Permanent Neow","Quick Restart","Random Character Button","Rare Cards Sparkle","Relic Sorter","StSLib","Synergy Search","The Bug Knight","The IronCluck"],"gold_per_floor":[119,44,60,60,35,35,35,67,67,67,67,67,85,117,117,219,219,231,1,1,14,25,72,72,102,102,102,127,28,28,85,85,185,185,203,123,123,136,57,57,57,57,81,92,92,126,126,136,136,136],"floor_reached":51,"language":"ENG","playtime":4672,"items_purged":["Writhe"],"score":793,"play_id":"13d4bf41-5119-4792-8680-30ee2475e8a2","local_time":"20210216111003","is_ascension_mode":true,"campfire_choices":[{"data":"HollowMod:Weaversong","floor":6.0,"key":"SMITH"},{"data":"HollowMod:ChannelNail","floor":12.0,"key":"SMITH"},{"data":"HollowMod:HuntersJournal","floor":15.0,"key":"SMITH"},{"data":"HollowMod:ShapeofUnn","floor":24.0,"key":"SMITH"},{"data":"HollowMod:DashSlash","floor":27.0,"key":"SMITH"},{"data":"HollowMod:CornifersMapStart","floor":30.0,"key":"SMITH"},{"data":"HollowMod:PogoStrike","floor":32.0,"key":"SMITH"},{"data":"HollowMod:theNailsmith","floor":40.0,"key":"SMITH"},{"data":"Hallownest:attackMasterDashSlash","floor":42,"key":"SMITH"},{"data":"HollowMod:HuntersJournal","floor":45,"key":"SMITH"},{"data":"HollowMod:SoulStrike","floor":49,"key":"SMITH"}],"circlet_count":0,"master_deck":["HollowMod:NailStrikeStart","HollowMod:NailStrikeStart","HollowMod:NailStrikeStart","HollowMod:NailStrikeStart","HollowMod:QuickDashStart","HollowMod:QuickDashStart","HollowMod:QuickDashStart+1","HollowMod:QuickDashStart+1","HollowMod:FocusHealStart+1","HollowMod:PogoStrike+1","HollowMod:Weaversong+1","HollowMod:SoulStrike+1","Hallownest:skillGreenpathMap","HollowMod:DashSlash+1","HollowMod:ChannelNail+1","HollowMod:SoulMaster","HollowMod:HowlingWraiths","HollowMod:HuntersJournal+1","HollowMod:VoidDash","HollowMod:CloakDash","HollowMod:ShapeofUnn+1","HollowMod:NewLittleFool","HollowMod:CloakDash","HollowMod:CornifersMapStart+1","HollowMod:SiblingsSouls+1","HollowMod:theNailsmith+1","HollowMod:CornifersMapStart+1","Hallownest:attackMasterDashSlash+1","HollowMod:HuntersJournal+1","HollowMod:CrystalDash","HollowMod:SiblingsSouls+1"],"relics":["HollowMod:VesselMask","Nunchaku","Bottled Tornado","HollowMod:KingsBrand","Philosopher\u0027s Stone","War Paint","Strawberry","White Beast Statue","Blue Candle","Darkstone Periapt","Busted Crown","Kunai","Juzu Bracelet","Pen Nib"],"acts_visited":["Exordium","Hallownest:Greenpath","Hallownest:CityofTears"],"potions_floor_usage":[46,50],"damage_taken":[{"damage":0.0,"enemies":"Hallownest:monsterHuskWarrior","floor":1.0,"turns":4.0},{"damage":0.0,"enemies":"2_ Uuma","floor":3.0,"turns":6.0},{"damage":0.0,"enemies":"Hallownest:eliteMossKnight","floor":8.0,"turns":6.0},{"damage":4.0,"enemies":"Hallownest:monsterHuskGuard","floor":13.0,"turns":5.0},{"damage":4.0,"enemies":"Hallownest:eliteVengeflyKing","floor":14.0,"turns":8.0},{"damage":50.0,"enemies":"Hallownest:BossFalseKnight","floor":16.0,"turns":8.0},{"damage":3.0,"enemies":"Hallownest:Guard_and_Sentry","floor":18.0,"turns":5.0},{"damage":0.0,"enemies":"Hallownest:Flukemon_and_Top","floor":21.0,"turns":5.0},{"damage":15.0,"enemies":"Hallownest:monsterShrumalOgre","floor":22.0,"turns":6.0},{"damage":6.0,"enemies":"Hallownest:Nosk","floor":23.0,"turns":6.0},{"damage":28.0,"enemies":"Hallownest:eliteWatcherKnight","floor":25.0,"turns":11.0},{"damage":1.0,"enemies":"Hallownest:Nosk","floor":28.0,"turns":6.0},{"damage":24.0,"enemies":"Hallownest:Glutton_and_Coward","floor":31.0,"turns":3.0},{"damage":58.0,"enemies":"Hallownest:BossSoulMaster","floor":33.0,"turns":10.0},{"damage":17.0,"enemies":"Hallownest:3_Siblings","floor":35.0,"turns":6.0},{"damage":0.0,"enemies":"Hallownest:Shield_Heavy","floor":38.0,"turns":4.0},{"damage":0,"enemies":"Hallownest:2_Great","floor":44,"turns":5},{"damage":0,"enemies":"Hallownest:StalkingDevout","floor":46,"turns":5},{"damage":10,"enemies":"Hallownest:2_Soldiers_and_1_Guardian","floor":48,"turns":4},{"damage":3,"enemies":"Hallownest:Radiance","floor":50,"turns":11}],"seed_played":"1645376867397880179","potions_obtained":[{"floor":8.0,"key":"ColorlessPotion"},{"floor":18.0,"key":"SpeedPotion"},{"floor":21.0,"key":"SteroidPotion"},{"floor":25.0,"key":"Weak Potion"},{"floor":28.0,"key":"SpeedPotion"},{"floor":31.0,"key":"FearPotion"},{"floor":33.0,"key":"GamblersBrew"},{"floor":35.0,"key":"FairyPotion"},{"floor":38.0,"key":"Dexterity Potion"},{"floor":44,"key":"Energy Potion"},{"floor":46,"key":"LiquidMemories"},{"floor":48,"key":"Block Potion"}],"is_trial":false,"path_per_floor":["M","?","M","?","$","R","?","E","T","?","?","R","M","E","R","B",null,"M","$","?","M","M","E","R","E","T","R","E","$","R","M","R","B",null,"M","?","T","M","$","R","?","R","T","M","R","E","?","M","R","B",null],"character_chosen":"THE_BUGKNIGHT","items_purchased":["HollowMod:ChannelNail","War Paint","Fruit Juice","HollowMod:CrystalDash"],"campfire_rested":0,"item_purchase_floors":[5,19,29,39],"current_hp_per_floor":[64,64,74,83,83,83,83,83,83,83,83,83,79,84,84,40,84,81,81,81,84,75,86,86,68,68,68,77,82,82,64,64,18,96,85,85,85,91,91,91,91,91,91,96,96,96,91,87,87,89],"gold":136,"neow_bonus":"THREE_RARE_CARDS","is_daily":false,"chose_seed":false,"campfire_upgraded":11,"win_rate":0.0,"timestamp":1613441403,"path_taken":["M","?","M","?","?","R","?","E","T","?","?","R","M","E","R","BOSS","M","$","?","M","M","E","R","E","T","R","E","$","R","?","R","BOSS","M","?","?","M","?","R","?","R","T","M","R","E","?","M","R","BOSS"],"items_purchased_type":["Card","Relic","Potion","Card"],"build_version":"2020-12-22","purchased_purges":1,"victory":true,"max_hp_per_floor":[75,75,75,84,84,84,84,84,84,84,84,84,84,84,84,84,84,84,84,84,84,84,91,91,91,91,91,91,96,96,96,96,96,96,96,96,96,96,96,96,96,96,96,96,96,96,91,91,91,91],"card_choices":[{"not_picked":["HollowMod:Hiveblood","HollowMod:MidwifesHunger"],"picked":"HollowMod:Weaversong","floor":0.0},{"not_picked":["HollowMod:InfectedAttack","HollowMod:LifebloodCocoon"],"picked":"HollowMod:SoulStrike","floor":1.0},{"not_picked":["HollowMod:VengefulVoid","HollowMod:FastStrike"],"picked":"HollowMod:DashSlash","floor":3.0},{"not_picked":["HollowMod:DesolateDive","HollowMod:HuntersJournal"],"picked":"HollowMod:SoulMaster","floor":8.0},{"not_picked":["HollowMod:WraithStrike","HollowMod:DoubleDash"],"picked":"HollowMod:HowlingWraiths","floor":13.0},{"not_picked":["HollowMod:NewLittleFool","HollowMod:Grubsong"],"picked":"HollowMod:HuntersJournal","floor":14.0},{"not_picked":["HollowMod:theNailsmith","HollowMod:AwokenDreamNail"],"picked":"HollowMod:VoidDash","floor":16.0},{"not_picked":["HollowMod:HeavyBlow","HollowMod:InfectedCysts+1"],"picked":"HollowMod:CloakDash","floor":18.0},{"not_picked":["HollowMod:VengefulSpirit+1","HollowMod:SiblingsSouls"],"picked":"HollowMod:ShapeofUnn","floor":21.0},{"not_picked":["HollowMod:HeavyBlow","HollowMod:SharpenedNail"],"picked":"HollowMod:NewLittleFool","floor":22.0},{"not_picked":["HollowMod:BrokenVessel","HollowMod:RecoilStrike"],"picked":"HollowMod:CloakDash","floor":23.0},{"not_picked":["HollowMod:MidwifesHunger","HollowMod:VengefulSpirit"],"picked":"HollowMod:CornifersMapStart","floor":25.0},{"not_picked":["HollowMod:SoulStrike","HollowMod:VoidDash"],"picked":"HollowMod:SiblingsSouls+1","floor":28.0},{"not_picked":["HollowMod:NewLittleFool","HollowMod:HowlingWraiths+1","HollowMod:BrokenVessel"],"picked":"SKIP","floor":31.0},{"not_picked":["HollowMod:VoidDash","HollowMod:ElderbugsWisdom"],"picked":"HollowMod:theNailsmith","floor":33.0},{"not_picked":[],"picked":"HollowMod:CornifersMapStart+1","floor":35.0},{"not_picked":[],"picked":"HollowMod:HuntersJournal","floor":38.0},{"not_picked":[],"picked":"HollowMod:SiblingsSouls+1","floor":44},{"not_picked":["HollowMod:FallenFury"],"picked":"SKIP","floor":46},{"not_picked":["HollowMod:BrokenVessel"],"picked":"SKIP","floor":48}],"player_experience":411493,"relics_obtained":[{"floor":8.0,"key":"Nunchaku"},{"floor":9.0,"key":"Bottled Tornado"},{"floor":14.0,"key":"HollowMod:KingsBrand"},{"floor":23.0,"key":"Strawberry"},{"floor":25.0,"key":"White Beast Statue"},{"floor":26.0,"key":"Blue Candle"},{"floor":28.0,"key":"Darkstone Periapt"},{"floor":37.0,"key":"Kunai"},{"floor":43,"key":"Juzu Bracelet"},{"floor":46,"key":"Pen Nib"}],"event_choices":[],"is_beta":false,"boss_relics":[{"not_picked":["SacredBark","Snecko Eye"],"picked":"Philosopher\u0027s Stone"},{"not_picked":["Sozu","Empty Cage"],"picked":"Busted Crown"}],"items_purged_floors":[19],"is_endless":false,"potions_floor_spawned":[8,18,21,25,28,31,33,35,38,44,46,48],"ascension_level":1}}