{"host":"pj7egx7jkoz18hom","time":1613455457,"event":{"mods":["AchievementEnabler","BaseMod","Keyboard Shortcuts","Minty Spire (QoL Compilation)","SuperFastMode"],"gold_per_floor":[115,125,300,311,330,359,359,373,454,68,68,68,100,110,110,205,205,219,318,318,169,169,169,199,216,216,245,258,258,278,297,297,396,396,409,409,419,201,213,213,232,279,279,259,61,61,61,61],"floor_reached":47,"language":"KOR","playtime":1917,"items_purged":["Doubt","Strike_R","Strike_R","Strike_R"],"score":645,"play_id":"82f9a0a1-f668-4c73-93e0-993881941b7a","local_time":"20210216150417","is_ascension_mode":true,"campfire_choices":[{"data":"Cleave","floor":7,"key":"SMITH"},{"data":"True Grit","floor":11,"key":"SMITH"},{"floor":15,"key":"REST"},{"data":"Armaments","floor":23,"key":"SMITH"},{"floor":29,"key":"REST"},{"floor":32,"key":"REST"},{"floor":40,"key":"REST"},{"floor":46,"key":"REST"}],"circlet_count":0,"master_deck":["Strike_R","Defend_R","Defend_R+1","Defend_R","Defend_R+1","Bash+1","Anger","Carnage","Cleave+1","Flex","Anger","Anger","True Grit+1","Armaments+1","Thunderclap+1","Rage","Anger","Sentinel+1","Clash+1","Ghostly Armor+1","Madness+1","Madness+1"],"relics":["Burning Blood","Singing Bowl","Pear","Lantern","War Paint","WarpedTongs","Incense Burner","Empty Cage","Enchiridion","Dream Catcher","Toxic Egg 2","Bronze Scales","Runic Pyramid","Membership Card","TungstenRod","Bottled Lightning","Mercury Hourglass"],"acts_visited":["Exordium","TheCity","TheBeyond"],"potions_floor_usage":[6,16,16,24,27,27,33,35],"damage_taken":[{"damage":7,"enemies":"Jaw Worm","floor":1,"turns":3},{"damage":9,"enemies":"2 Louse","floor":2,"turns":3},{"damage":11,"enemies":"Cultist","floor":4,"turns":4},{"damage":21,"enemies":"Large Slime","floor":5,"turns":4},{"damage":8,"enemies":"Gremlin Nob","floor":6,"turns":3},{"damage":1,"enemies":"2 Fungi Beasts","floor":8,"turns":2},{"damage":31,"enemies":"Lagavulin","floor":13,"turns":4},{"damage":4,"enemies":"Blue Slaver","floor":14,"turns":4},{"damage":70,"enemies":"The Guardian","floor":16,"turns":9},{"damage":0,"enemies":"Chosen","floor":18,"turns":3},{"damage":24,"enemies":"Slavers","floor":24,"turns":5},{"damage":12,"enemies":"Shell Parasite","floor":25,"turns":5},{"damage":35,"enemies":"Gremlin Leader","floor":27,"turns":8},{"damage":10,"enemies":"Snake Plant","floor":28,"turns":3},{"damage":29,"enemies":"Centurion and Healer","floor":30,"turns":4},{"damage":2,"enemies":"Shelled Parasite and Fungi","floor":31,"turns":4},{"damage":29,"enemies":"Champ","floor":33,"turns":7},{"damage":41,"enemies":"3 Darklings","floor":35,"turns":6},{"damage":2,"enemies":"3 Shapes","floor":37,"turns":3},{"damage":56,"enemies":"Sphere and 2 Shapes","floor":39,"turns":6},{"damage":22,"enemies":"3 Darklings","floor":41,"turns":6},{"damage":71,"enemies":"2 Orb Walkers","floor":42,"turns":7},{"damage":79,"enemies":"Giant Head","floor":47,"turns":8}],"seed_played":"-519022496294165272","potions_obtained":[{"floor":1,"key":"Swift Potion"},{"floor":6,"key":"BlessingOfTheForge"},{"floor":8,"key":"Fire Potion"},{"floor":13,"key":"EssenceOfSteel"},{"floor":16,"key":"Strength Potion"},{"floor":25,"key":"HeartOfIron"},{"floor":30,"key":"FairyPotion"},{"floor":31,"key":"LiquidMemories"},{"floor":33,"key":"LiquidMemories"},{"floor":42,"key":"Fire Potion"},{"floor":44,"key":"GamblersBrew"}],"is_trial":false,"path_per_floor":["M","M","?","M","M","E","R","M","T","$","R","?","E","M","R","B",null,"M","?","?","$","?","R","E","M","T","E","M","R","M","M","R","B",null,"M","?","M","$","M","R","M","?","T","?","$","R","E"],"character_chosen":"IRONCLAD","items_purchased":["True Grit","Lantern","War Paint","Anger","Membership Card","Mercury Hourglass"],"campfire_rested":5,"item_purchase_floors":[10,10,10,21,38,45],"current_hp_per_floor":[79,76,76,71,56,54,54,59,69,69,69,69,44,48,75,13,94,94,94,94,94,78,78,62,58,58,31,29,59,36,40,72,51,106,73,59,65,65,17,52,38,17,17,17,17,54,0,0],"gold":61,"neow_bonus":"UPGRADE_CARD","is_daily":false,"chose_seed":false,"campfire_upgraded":3,"win_rate":0.0,"timestamp":1613455457,"path_taken":["M","M","?","M","M","E","R","M","T","$","R","?","E","?","R","BOSS","M","?","?","$","?","R","E","M","T","E","M","R","M","M","R","BOSS","M","?","M","$","M","R","M","?","T","?","$","R","E"],"items_purchased_type":["Card","Relic","Relic","Card","Relic","Relic"],"build_version":"2020-12-22","purchased_purges":4,"victory":false,"max_hp_per_floor":[80,80,80,80,80,80,80,80,90,90,90,90,90,92,92,94,94,94,94,94,94,94,94,96,98,98,100,102,102,102,102,104,106,106,108,108,110,110,112,114,116,118,118,118,118,120,120,120],"card_choices":[{"not_picked":["Uppercut","Warcry"],"picked":"Anger","floor":1},{"not_picked":["Spot Weakness","Power Through"],"picked":"Carnage","floor":2},{"not_picked":["Clash","Rampage"],"picked":"Cleave","floor":4},{"not_picked":["Evolve","Twin Strike"],"picked":"Flex","floor":5},{"not_picked":["Flex","Havoc"],"picked":"Anger","floor":6},{"not_picked":["Armaments","Twin Strike"],"picked":"Anger","floor":8},{"not_picked":["Demon Form","True Grit"],"picked":"Armaments","floor":13},{"not_picked":["Metallicize","Clothesline","Armaments"],"picked":"Singing Bowl","floor":14},{"not_picked":["Demon Form","Barricade","Juggernaut"],"picked":"Singing Bowl","floor":16},{"not_picked":["Flex","Havoc"],"picked":"Thunderclap+1","floor":18},{"not_picked":["Flex","Warcry","Sever Soul"],"picked":"Singing Bowl","floor":24},{"not_picked":["Reaper","Havoc","True Grit"],"picked":"Singing Bowl","floor":25},{"not_picked":["Thunderclap+1","Brutality","True Grit+1"],"picked":"Singing Bowl","floor":27},{"not_picked":["Carnage+1","Twin Strike","Burning Pact+1"],"picked":"Singing Bowl","floor":28},{"not_picked":["Pommel Strike+1","Burning Pact+1"],"picked":"Sentinel+1","floor":29},{"not_picked":["Fire Breathing","Iron Wave+1"],"picked":"Clash+1","floor":30},{"not_picked":["Twin Strike","Shrug It Off+1"],"picked":"Ghostly Armor+1","floor":31},{"not_picked":["Fire Breathing","Pummel","Perfected Strike"],"picked":"Singing Bowl","floor":32},{"not_picked":["Limit Break+1","Berserk","Offering+1"],"picked":"Singing Bowl","floor":33},{"not_picked":["Iron Wave","Thunderclap+1","Heavy Blade"],"picked":"Singing Bowl","floor":35},{"not_picked":["Ghostly Armor+1","Uppercut","Burning Pact+1"],"picked":"Singing Bowl","floor":37},{"not_picked":["Cleave+1","Feel No Pain+1","Body Slam"],"picked":"Singing Bowl","floor":39},{"not_picked":["Metallicize","Havoc+1","Dropkick+1"],"picked":"Singing Bowl","floor":40},{"not_picked":["Burning Pact+1","Rupture","Armaments+1"],"picked":"Singing Bowl","floor":41},{"not_picked":["Flex+1","Entrench+1","Iron Wave+1"],"picked":"Singing Bowl","floor":42},{"not_picked":["Wild Strike","Brutality","Sword Boomerang+1"],"picked":"Singing Bowl","floor":46}],"player_experience":96987,"relics_obtained":[{"floor":6,"key":"Singing Bowl"},{"floor":9,"key":"Pear"},{"floor":13,"key":"Incense Burner"},{"floor":22,"key":"Enchiridion"},{"floor":24,"key":"Dream Catcher"},{"floor":26,"key":"Toxic Egg 2"},{"floor":27,"key":"Bronze Scales"},{"floor":42,"key":"TungstenRod"},{"floor":43,"key":"Bottled Lightning"}],"event_choices":[{"damage_healed":0,"gold_gain":175,"player_choice":"AGREE","damage_taken":0,"max_hp_gain":0,"max_hp_loss":0,"event_name":"Liars Game","floor":3,"gold_loss":0,"cards_obtained":["Doubt"]},{"damage_healed":0,"gold_gain":0,"player_choice":"Rummage","damage_taken":0,"relics_obtained":["WarpedTongs"],"max_hp_gain":0,"max_hp_loss":0,"event_name":"Accursed Blacksmith","floor":12,"gold_loss":0,"cards_obtained":["Pain"]},{"damage_healed":0,"gold_gain":99,"player_choice":"Stole From Cult","damage_taken":0,"max_hp_gain":0,"max_hp_loss":0,"event_name":"Nest","floor":19,"gold_loss":0},{"damage_healed":0,"gold_gain":0,"player_choice":"Read","damage_taken":0,"max_hp_gain":0,"max_hp_loss":0,"event_name":"The Library","floor":20,"gold_loss":0,"cards_obtained":["Rage"]},{"damage_healed":0,"gold_gain":0,"player_choice":"Obtained Book","damage_taken":16,"max_hp_gain":0,"max_hp_loss":0,"event_name":"Cursed Tome","floor":22,"gold_loss":0},{"damage_healed":0,"gold_gain":0,"player_choice":"Embrace Madness","damage_taken":14,"max_hp_gain":0,"max_hp_loss":0,"event_name":"Winding Halls","floor":36,"gold_loss":0,"cards_obtained":["Madness","Madness"]},{"damage_healed":0,"gold_gain":0,"player_choice":"Fight","damage_taken":0,"max_hp_gain":0,"max_hp_loss":0,"event_name":"Mysterious Sphere","floor":42,"gold_loss":0},{"damage_healed":0,"gold_gain":0,"player_choice":"Bought 1 Potion","damage_taken":0,"max_hp_gain":0,"max_hp_loss":0,"event_name":"The Woman in Blue","floor":44,"gold_loss":0}],"is_beta":false,"boss_relics":[{"not_picked":["Philosopher\u0027s Stone","SlaversCollar"],"picked":"Empty Cage"},{"not_picked":["Coffee Dripper","Black Star"],"picked":"Runic Pyramid"}],"items_purged_floors":[10,21,38,45],"is_endless":false,"potions_floor_spawned":[1,6,8,13,16,25,30,31,33,42],"killed_by":"Giant Head","ascension_level":4}}