{"host":"bg8va46pgqgvtzim","time":1613470366,"event":{"mods":["BaseMod","Minty Spire (QoL Compilation)","Quick Restart","StSLib","SuperFastMode"],"gold_per_floor":[17,29,29,42,60,60,60,95,95,20,20,58,136,136,21,35,54,15,15,36,77,98,98,98,224,224,240,240,43,63,84,354,367,167,206,221,221,265,265,340,392,392,407,423,423,464,482,502,502,502,623,623,641,641,654,717,740,740,1073,1100,1100,1100,1100,1115,1193,1209,1221,1250,1262,1273,569,589,589,589,589,589,589,177,210,210],"floor_reached":81,"language":"ZHS","playtime":3239,"items_purged":["Strike_G","Strike_G","Strike_G","Strike_G","Dagger Throw"],"score":1834,"play_id":"f906f2ec-94e0-4a0e-85bf-b107cf339c48","local_time":"20210216181246","is_ascension_mode":true,"campfire_choices":[{"data":"Neutralize","floor":9,"key":"SMITH"},{"data":"Terror","floor":11,"key":"SMITH"},{"data":"Well Laid Plans","floor":14,"key":"SMITH"},{"data":"Flechettes","floor":19,"key":"SMITH"},{"data":"Noxious Fumes","floor":23,"key":"SMITH"},{"data":"Tactician","floor":24,"key":"SMITH"},{"data":"Acrobatics","floor":39,"key":"SMITH"},{"data":"Footwork","floor":45,"key":"SMITH"},{"data":"Blade Dance","floor":49,"key":"SMITH"},{"data":"Accuracy","floor":50,"key":"SMITH"},{"floor":61,"key":"REST"},{"floor":63,"key":"RECALL"},{"floor":73,"key":"REST"},{"floor":74,"key":"REST"},{"floor":77,"key":"REST"}],"circlet_count":0,"master_deck":["Defend_G","Defend_G","Defend_G","Defend_G","Survivor","Neutralize+1","Secret Technique","Terror+1","Acrobatics+1","Well Laid Plans+1","Accuracy+1","Noxious Fumes+1","Flechettes+1","Footwork+1","Tactician+1","Backflip","Blade Dance+1","Impatience+1","Expertise+1","Reflex+1","Acrobatics+1","After Image","Calculated Gamble+1","Calculated Gamble","Prepared+1","Finesse","Impatience","Purity","Tactician+1","Choke+1","Acrobatics+1","Prepared"],"relics":["Ring of the Snake","Dream Catcher","StoneCalendar","Paper Crane","Snake Skull","HoveringKite","Omamori","Red Mask","Ornamental Fan","Nunchaku","Tough Bandages","Fusion Hammer","Pocketwatch","Lantern","Thread and Needle","Medical Kit","Bottled Lightning","Vajra","Orichalcum","FossilizedHelix"],"acts_visited":["Exordium","TheCity","TheBeyond","TheEnding"],"potions_floor_usage":[8,30,33,35,35,35,46,56,80,80],"damage_taken":[{"damage":0,"enemies":"Jaw Worm","floor":1,"turns":6},{"damage":0,"enemies":"2 Louse","floor":2,"turns":4},{"damage":1,"enemies":"Cultist","floor":4,"turns":3},{"damage":4,"enemies":"Blue Slaver","floor":5,"turns":5},{"damage":0,"enemies":"Gremlin Nob","floor":8,"turns":3},{"damage":2,"enemies":"Lagavulin","floor":12,"turns":7},{"damage":0,"enemies":"Large Slime","floor":16,"turns":3},{"damage":0,"enemies":"2 Fungi Beasts","floor":17,"turns":4},{"damage":3,"enemies":"Lots of Slimes","floor":20,"turns":6},{"damage":24,"enemies":"Gremlin Nob","floor":21,"turns":5},{"damage":0,"enemies":"Blue Slaver","floor":22,"turns":6},{"damage":0,"enemies":"Hexaghost","floor":25,"turns":7},{"damage":0,"enemies":"3 Byrds","floor":27,"turns":4},{"damage":8,"enemies":"2 Thieves","floor":30,"turns":4},{"damage":12,"enemies":"Shelled Parasite and Fungi","floor":31,"turns":4},{"damage":8,"enemies":"Centurion and Healer","floor":33,"turns":6},{"damage":5,"enemies":"Gremlin Leader","floor":35,"turns":4},{"damage":4,"enemies":"3 Cultists","floor":36,"turns":6},{"damage":0,"enemies":"Masked Bandits","floor":38,"turns":4},{"damage":0,"enemies":"Cultist and Chosen","floor":43,"turns":3},{"damage":0,"enemies":"Centurion and Healer","floor":44,"turns":3},{"damage":0,"enemies":"Slavers","floor":46,"turns":3},{"damage":0,"enemies":"Chosen and Byrds","floor":47,"turns":4},{"damage":1,"enemies":"Snecko","floor":48,"turns":5},{"damage":0,"enemies":"Champ","floor":51,"turns":4},{"damage":0,"enemies":"3 Shapes","floor":53,"turns":3},{"damage":0,"enemies":"Orb Walker","floor":55,"turns":2},{"damage":0,"enemies":"Mind Bloom Boss Battle","floor":56,"turns":3},{"damage":0,"enemies":"Transient","floor":57,"turns":4},{"damage":0,"enemies":"Giant Head","floor":60,"turns":2},{"damage":0,"enemies":"3 Darklings","floor":64,"turns":1},{"damage":0,"enemies":"4 Shapes","floor":66,"turns":3},{"damage":1,"enemies":"Writhing Mass","floor":67,"turns":3},{"damage":0,"enemies":"Reptomancer","floor":68,"turns":2},{"damage":0,"enemies":"3 Darklings","floor":69,"turns":2},{"damage":0,"enemies":"Maw","floor":70,"turns":2},{"damage":0,"enemies":"Spire Growth","floor":72,"turns":1},{"damage":0,"enemies":"Donu and Deca","floor":75,"turns":2},{"damage":0,"enemies":"Shield and Spear","floor":79,"turns":2},{"damage":0,"enemies":"The Heart","floor":80,"turns":3}],"seed_played":"-4701305973214978667","potions_obtained":[{"floor":2,"key":"EssenceOfSteel"},{"floor":4,"key":"Energy Potion"},{"floor":17,"key":"Swift Potion"},{"floor":20,"key":"DistilledChaos"},{"floor":30,"key":"Fruit Juice"},{"floor":35,"key":"EssenceOfSteel"},{"floor":44,"key":"Explosive Potion"},{"floor":46,"key":"Poison Potion"},{"floor":47,"key":"Fruit Juice"},{"floor":56,"key":"SpeedPotion"},{"floor":57,"key":"EssenceOfSteel"},{"floor":67,"key":"DistilledChaos"},{"floor":70,"key":"Energy Potion"}],"is_trial":false,"path_per_floor":["M","M","?","M","M","?","$","E","R","$","R","E","T","R","$","M","M","$","R","M","E","M","R","R","B",null,"M","?","$","M","M","?","M","$","E","M","?","?","R","T","T","?","M","M","R","E","M","M","R","R","B",null,"M","?","M","?","M","?","?","E","R","?","R","M","T","M","M","E","M","M","$","M","R","R","B",null,"R","$","E","B",null],"character_chosen":"THE_SILENT","items_purchased":["Noxious Fumes","Flechettes","Footwork","Impatience","Regen Potion","Medical Kit","Bottled Lightning","Vajra","Prepared","Orichalcum","Strength Potion"],"campfire_rested":4,"item_purchase_floors":[15,15,18,29,34,71,71,71,78,78,78],"current_hp_per_floor":[70,70,53,52,48,41,41,41,41,41,41,39,39,39,39,39,39,39,39,36,12,12,12,12,12,70,70,70,70,62,50,23,15,15,27,23,23,23,23,23,23,23,23,23,23,23,23,22,22,22,22,75,75,71,71,76,76,66,66,66,76,76,76,76,76,76,75,75,75,75,75,75,76,76,76,76,76,76,76,76],"gold":210,"neow_bonus":"RANDOM_COLORLESS_2","is_daily":false,"chose_seed":false,"campfire_upgraded":10,"win_rate":0.0,"timestamp":1613470366,"path_taken":["M","M","?","M","M","?","?","E","R","$","R","E","T","R","$","M","M","?","R","M","E","M","R","R","BOSS","M","?","$","M","M","?","M","$","E","?","?","?","R","T","T","?","M","?","R","E","M","M","R","R","BOSS","M","?","M","?","M","?","?","E","R","?","R","?","T","M","M","E","M","M","$","M","R","R","BOSS","R","$","E","BOSS"],"items_purchased_type":["Card","Card","Card","Card","Potion","Relic","Relic","Relic","Card","Relic","Potion"],"build_version":"2020-12-22","purchased_purges":5,"victory":true,"max_hp_per_floor":[70,70,70,70,70,70,70,70,70,70,70,70,70,70,70,70,70,70,70,70,70,70,70,70,70,70,70,70,70,70,70,70,70,70,75,75,75,75,75,75,75,75,75,75,75,75,75,75,75,75,75,75,75,71,71,76,76,76,76,76,76,76,76,76,76,76,76,76,76,76,76,76,76,76,76,76,76,76,76,76],"card_choices":[{"not_picked":["Magnetism","Mayhem"],"picked":"Secret Technique","floor":0},{"not_picked":["Cloak And Dagger","Dagger Throw"],"picked":"Terror","floor":1},{"not_picked":["Outmaneuver","Quick Slash"],"picked":"Dagger Throw","floor":2},{"not_picked":["PiercingWail","Prepared","Distraction"],"picked":"SKIP","floor":4},{"not_picked":["Prepared","PiercingWail"],"picked":"Acrobatics","floor":5},{"not_picked":["Riddle With Holes","Prepared"],"picked":"Well Laid Plans","floor":8},{"not_picked":["Caltrops","Dagger Spray"],"picked":"Accuracy","floor":12},{"not_picked":["Quick Slash","Underhanded Strike","Slice"],"picked":"SKIP","floor":16},{"not_picked":["Wraith Form v2","Bane","Slice"],"picked":"SKIP","floor":17},{"not_picked":["Poisoned Stab","Outmaneuver","Prepared"],"picked":"SKIP","floor":20},{"not_picked":["All Out Attack","Cloak And Dagger"],"picked":"Tactician","floor":21},{"not_picked":["Choke","Concentrate"],"picked":"Backflip","floor":22},{"not_picked":["Terror","Flying Knee"],"picked":"Blade Dance","floor":27},{"not_picked":["Cloak And Dagger+1","Backflip+1","Dagger Spray"],"picked":"SKIP","floor":30},{"not_picked":["Backflip","Caltrops","Catalyst"],"picked":"SKIP","floor":31},{"not_picked":["Dagger Throw+1","Leg Sweep","Dash"],"picked":"SKIP","floor":33},{"not_picked":["Envenom","Quick Slash","Bullet Time"],"picked":"SKIP","floor":35},{"not_picked":["Caltrops","Bouncing Flask"],"picked":"Expertise+1","floor":36},{"not_picked":["Dash+1","Outmaneuver"],"picked":"Reflex+1","floor":38},{"not_picked":["Poisoned Stab","Prepared"],"picked":"Acrobatics+1","floor":43},{"not_picked":["Dagger Throw","Outmaneuver","Sucker Punch+1"],"picked":"SKIP","floor":44},{"not_picked":["Well Laid Plans","Slice+1"],"picked":"After Image","floor":46},{"not_picked":["Deflect","Deadly Poison"],"picked":"Calculated Gamble+1","floor":47},{"not_picked":["Cloak And Dagger","Flying Knee+1","Slice+1"],"picked":"SKIP","floor":48},{"not_picked":["Cloak And Dagger+1","Acrobatics+1"],"picked":"Calculated Gamble","floor":53},{"not_picked":["Dodge and Roll+1","Flying Knee","Acrobatics+1"],"picked":"SKIP","floor":55},{"not_picked":["All Out Attack+1","Dodge and Roll"],"picked":"Prepared+1","floor":56},{"not_picked":["Distraction","Calculated Gamble","Outmaneuver"],"picked":"SKIP","floor":57},{"not_picked":["Thinking Ahead","Mind Blast"],"picked":"Finesse","floor":58},{"not_picked":["Secret Weapon","Forethought"],"picked":"Impatience","floor":58},{"not_picked":["Dramatic Entrance","Discovery"],"picked":"Purity","floor":58},{"not_picked":["Riddle With Holes+1","Predator+1","Outmaneuver"],"picked":"SKIP","floor":60},{"not_picked":["Deadly Poison","PiercingWail+1","Bouncing Flask+1"],"picked":"SKIP","floor":64},{"not_picked":["Riddle With Holes","Quick Slash","Dodge and Roll"],"picked":"SKIP","floor":66},{"not_picked":["Dodge and Roll+1","Bane+1","Deflect"],"picked":"SKIP","floor":67},{"not_picked":["Eviscerate+1","Quick Slash+1","Bane+1"],"picked":"SKIP","floor":68},{"not_picked":["Cloak And Dagger+1","Dagger Spray+1","Backflip+1"],"picked":"SKIP","floor":69},{"not_picked":["Calculated Gamble+1","Outmaneuver"],"picked":"Choke+1","floor":70},{"not_picked":["Bane+1","Dagger Throw","Unload"],"picked":"SKIP","floor":72},{"not_picked":["Deflect","Cloak And Dagger"],"picked":"Acrobatics+1","floor":73},{"not_picked":["Noxious Fumes+1","Crippling Poison+1","Riddle With Holes+1"],"picked":"SKIP","floor":79}],"player_experience":2464354,"relics_obtained":[{"floor":8,"key":"Dream Catcher"},{"floor":12,"key":"StoneCalendar"},{"floor":13,"key":"Paper Crane"},{"floor":21,"key":"Snake Skull"},{"floor":35,"key":"Omamori"},{"floor":38,"key":"Red Mask"},{"floor":40,"key":"Ornamental Fan"},{"floor":41,"key":"Nunchaku"},{"floor":46,"key":"Tough Bandages"},{"floor":56,"key":"Pocketwatch"},{"floor":60,"key":"Lantern"},{"floor":68,"key":"Thread and Needle"},{"floor":79,"key":"FossilizedHelix"}],"event_choices":[{"damage_healed":0,"gold_gain":0,"player_choice":"Take Damage","damage_taken":17,"relics_obtained":["Golden Idol"],"max_hp_gain":0,"max_hp_loss":0,"event_name":"Golden Idol","floor":3,"gold_loss":0},{"cards_removed":["Defend_G"],"damage_healed":0,"gold_gain":0,"player_choice":"Card Removal","damage_taken":7,"max_hp_gain":0,"max_hp_loss":0,"event_name":"Golden Wing","floor":6,"gold_loss":0},{"damage_healed":0,"gold_gain":0,"player_choice":"Ignored","damage_taken":0,"max_hp_gain":0,"max_hp_loss":0,"event_name":"Vampires","floor":28,"gold_loss":0},{"damage_healed":0,"gold_gain":270,"player_choice":"GOLD GOLD GOLD ","damage_taken":27,"max_hp_gain":0,"max_hp_loss":0,"event_name":"Knowing Skull","floor":32,"potions_obtained":[],"gold_loss":0,"cards_obtained":[]},{"cards_removed":["Strike_G"],"damage_healed":0,"gold_gain":0,"player_choice":"Elegance","damage_taken":0,"max_hp_gain":0,"max_hp_loss":0,"event_name":"Back to Basics","floor":37,"gold_loss":0},{"damage_healed":0,"gold_gain":0,"player_choice":"Fought Bandits","damage_taken":0,"max_hp_gain":0,"max_hp_loss":0,"event_name":"Masked Bandits","floor":38,"gold_loss":0},{"damage_healed":0,"gold_gain":0,"player_choice":"Forge","damage_taken":0,"max_hp_gain":0,"max_hp_loss":0,"event_name":"Accursed Blacksmith","floor":42,"gold_loss":0,"cards_upgraded":["Impatience"]},{"damage_healed":0,"gold_gain":0,"player_choice":"Max HP","damage_taken":0,"max_hp_gain":0,"max_hp_loss":4,"event_name":"Winding Halls","floor":54,"gold_loss":0},{"damage_healed":0,"gold_gain":0,"player_choice":"Fight","damage_taken":0,"max_hp_gain":0,"max_hp_loss":0,"event_name":"MindBloom","floor":56,"gold_loss":0},{"damage_healed":0,"gold_gain":0,"player_choice":"Memory 3","damage_taken":10,"max_hp_gain":0,"max_hp_loss":0,"event_name":"SensoryStone","floor":58,"gold_loss":0},{"damage_healed":0,"gold_gain":333,"player_choice":"Gave Idol","damage_taken":0,"max_hp_gain":0,"max_hp_loss":0,"event_name":"The Moai Head","floor":59,"relics_lost":["Golden Idol"],"gold_loss":0},{"damage_healed":0,"gold_gain":0,"player_choice":"Copied","damage_taken":0,"max_hp_gain":0,"max_hp_loss":0,"event_name":"Duplicator","floor":62,"gold_loss":0,"cards_obtained":["Tactician"]}],"is_beta":false,"boss_relics":[{"not_picked":["Philosopher\u0027s Stone","Busted Crown"],"picked":"HoveringKite"},{"not_picked":["Snecko Eye","SacredBark"],"picked":"Fusion Hammer"}],"items_purged_floors":[10,29,34,71,78],"is_endless":false,"potions_floor_spawned":[2,4,17,20,21,30,35,44,46,47,56,57,66,67,70],"ascension_level":1}}