{"host":"syfsfjmzue8y1a6l","time":1613487853,"event":{"mods":["AchievementEnabler","BaseMod","Colored Map","DeckTracker","Minty Spire (QoL Compilation)","Permanent Neow","SuperFastMode"],"gold_per_floor":[111,111,129,142,155,155,181,194,194,205,236,114,128,128,128,251,314,339,89,108,108,122,146,146,171,194,194,207,207,221,240,157,157,157,157],"floor_reached":34,"language":"KOR","playtime":2307,"items_purged":["Strike_G","Defend_G","Strike_G"],"score":272,"play_id":"e111562f-8c5a-4cec-920e-f38a718393ae","local_time":"20210217000413","is_ascension_mode":false,"campfire_choices":[{"data":"Outmaneuver","floor":6,"key":"SMITH"},{"data":"Prepared","floor":15,"key":"SMITH"},{"data":"Choke","floor":24,"key":"SMITH"},{"floor":33,"key":"REST"}],"circlet_count":0,"master_deck":["Strike_G","Strike_G","Strike_G+1","Defend_G","Defend_G","Defend_G","Defend_G","Survivor","Neutralize","Choke+1","Outmaneuver+1","Flechettes","Prepared+1","Backstab","Blade Dance","Blade Dance","Die Die Die","Prepared+1","Outmaneuver","Accuracy"],"relics":["Runic Pyramid","Bag of Preparation","Centennial Puzzle","Golden Idol","Tiny House","Membership Card","Mummified Hand"],"acts_visited":["Exordium","TheCity"],"potions_floor_usage":[7,7,10,16,16,22,23,25,34,34],"damage_taken":[{"damage":0,"enemies":"Jaw Worm","floor":1,"turns":4},{"damage":0,"enemies":"Small Slimes","floor":3,"turns":3},{"damage":0,"enemies":"Cultist","floor":4,"turns":3},{"damage":5,"enemies":"Large Slime","floor":5,"turns":7},{"damage":32,"enemies":"Gremlin Nob","floor":7,"turns":6},{"damage":0,"enemies":"3 Louse","floor":8,"turns":3},{"damage":8,"enemies":"Lots of Slimes","floor":10,"turns":4},{"damage":10,"enemies":"3 Sentries","floor":11,"turns":11},{"damage":0,"enemies":"Looter","floor":13,"turns":2},{"damage":17,"enemies":"The Guardian","floor":16,"turns":10},{"damage":0,"enemies":"Chosen","floor":18,"turns":4},{"damage":0,"enemies":"Shell Parasite","floor":20,"turns":2},{"damage":3,"enemies":"Snecko","floor":22,"turns":3},{"damage":11,"enemies":"Snake Plant","floor":23,"turns":4},{"damage":19,"enemies":"Centurion and Healer","floor":25,"turns":5},{"damage":14,"enemies":"Shelled Parasite and Fungi","floor":26,"turns":3},{"damage":10,"enemies":"Snecko","floor":28,"turns":3},{"damage":19,"enemies":"Centurion and Healer","floor":30,"turns":3},{"damage":0,"enemies":"3 Cultists","floor":31,"turns":4},{"damage":28,"enemies":"Collector","floor":34,"turns":3}],"seed_played":"8511389257261923893","potions_obtained":[{"floor":4,"key":"PowerPotion"},{"floor":5,"key":"Fruit Juice"},{"floor":7,"key":"EssenceOfSteel"},{"floor":8,"key":"Poison Potion"},{"floor":11,"key":"LiquidBronze"},{"floor":16,"key":"Dexterity Potion"},{"floor":17,"key":"Block Potion"},{"floor":18,"key":"PowerPotion"},{"floor":20,"key":"Poison Potion"},{"floor":23,"key":"Strength Potion"},{"floor":26,"key":"SpeedPotion"},{"floor":31,"key":"DistilledChaos"}],"is_trial":false,"path_per_floor":["M","?","M","M","M","R","E","M","T","M","E","$","M","?","R","B",null,"M","$","M","M","M","M","R","M","M","T","M","?","M","M","$","R","B"],"character_chosen":"THE_SILENT","items_purchased":["Blade Dance","Membership Card","Accuracy"],"campfire_rested":1,"item_purchase_floors":[12,19,32],"current_hp_per_floor":[70,75,75,75,70,70,43,43,43,35,25,25,25,25,25,8,79,79,79,79,79,76,65,65,46,32,32,22,22,3,3,3,26,0,0],"gold":157,"neow_bonus":"BOSS_RELIC","is_daily":false,"chose_seed":false,"campfire_upgraded":3,"win_rate":0.0,"timestamp":1613487853,"path_taken":["M","?","M","M","M","R","E","M","T","M","E","$","M","?","R","BOSS","M","$","M","M","M","M","R","M","M","T","M","?","M","M","$","R","BOSS"],"items_purchased_type":["Card","Relic","Card"],"build_version":"2020-12-22","purchased_purges":3,"victory":false,"max_hp_per_floor":[70,75,75,75,75,75,80,80,80,80,80,80,80,74,74,74,79,79,79,79,79,79,79,79,79,79,79,79,79,79,79,79,79,79,79],"card_choices":[{"not_picked":["Dagger Spray","Outmaneuver"],"picked":"Choke","floor":1},{"not_picked":["Leg Sweep","Cloak And Dagger","Bouncing Flask"],"picked":"SKIP","floor":3},{"not_picked":["Cloak And Dagger","Catalyst"],"picked":"Outmaneuver","floor":4},{"not_picked":["Footwork","Slice","PiercingWail"],"picked":"SKIP","floor":5},{"not_picked":["Backstab","Burst"],"picked":"Flechettes","floor":7},{"not_picked":["Acrobatics","Eviscerate"],"picked":"Prepared","floor":8},{"not_picked":["Riddle With Holes","Outmaneuver","Reflex"],"picked":"SKIP","floor":10},{"not_picked":["Endless Agony","Accuracy"],"picked":"Backstab","floor":11},{"not_picked":["Deflect","All Out Attack"],"picked":"Blade Dance","floor":13},{"not_picked":["Corpse Explosion","Wraith Form v2"],"picked":"Die Die Die","floor":16},{"not_picked":["Dodge and Roll","Poisoned Stab"],"picked":"Prepared","floor":17},{"not_picked":["Flying Knee","Acrobatics","Dodge and Roll"],"picked":"SKIP","floor":18},{"not_picked":["Poisoned Stab","Footwork","Deflect"],"picked":"SKIP","floor":20},{"not_picked":["Bane","Flying Knee","Crippling Poison+1"],"picked":"SKIP","floor":22},{"not_picked":["All Out Attack","Escape Plan","Prepared"],"picked":"SKIP","floor":23},{"not_picked":["Leg Sweep+1","Acrobatics","Crippling Poison+1"],"picked":"SKIP","floor":25},{"not_picked":["Sucker Punch+1","Prepared"],"picked":"Outmaneuver","floor":26},{"not_picked":["Choke","Leg Sweep","Prepared+1"],"picked":"SKIP","floor":28},{"not_picked":["Cloak And Dagger+1","Underhanded Strike","Bane+1"],"picked":"SKIP","floor":30},{"not_picked":["Deflect","Heel Hook","Predator"],"picked":"SKIP","floor":31}],"player_experience":97922,"relics_obtained":[{"floor":7,"key":"Bag of Preparation"},{"floor":11,"key":"Centennial Puzzle"},{"floor":27,"key":"Mummified Hand"}],"event_choices":[{"damage_healed":0,"gold_gain":0,"player_choice":"Donut","damage_taken":0,"max_hp_gain":5,"max_hp_loss":0,"event_name":"Big Fish","floor":2,"gold_loss":0},{"damage_healed":0,"gold_gain":0,"player_choice":"Lose Max HP","damage_taken":0,"relics_obtained":["Golden Idol"],"max_hp_gain":0,"max_hp_loss":6,"event_name":"Golden Idol","floor":14,"gold_loss":0},{"damage_healed":0,"gold_gain":0,"player_choice":"Upgraded","damage_taken":0,"max_hp_gain":0,"max_hp_loss":0,"event_name":"Upgrade Shrine","floor":29,"gold_loss":0,"cards_upgraded":["Prepared"]}],"is_beta":false,"boss_relics":[{"not_picked":["Snecko Eye","Calling Bell"],"picked":"Tiny House"}],"items_purged_floors":[12,19,32],"is_endless":false,"potions_floor_spawned":[4,5,7,8,11,16,18,20,23,26,31],"killed_by":"Collector","ascension_level":0}}