{"host":"cnjdghfb9ohep0ah","time":1613450829,"event":{"mods":["Act Like it!","BaseMod","Downfall","Minty Spire (QoL Compilation)","Replay The Spire","StSLib","The Cursed","The Servant 0.9.4"],"gold_per_floor":[20,20,57,77,77,111,111,154,180,105,124,89,124,139,139,260,260,285,304,319,319,319],"floor_reached":21,"language":"ZHS","playtime":1604,"items_purged":["Carnage"],"score":229,"play_id":"b4e64bfa-8c10-4d4e-9fee-a6f2462b8500","local_time":"20210216124709","is_ascension_mode":true,"campfire_choices":[{"data":"Demon Form","floor":7,"key":"SMITH"},{"data":"Perfected Strike","floor":15,"key":"SMITH"}],"circlet_count":0,"master_deck":["Strike_R","Strike_R","Strike_R","Strike_R","Strike_R","Defend_R","Defend_R","Defend_R","Defend_R","Bash","Demon Form+1","Sentinel","Anger","Perfected Strike+1","Iron Wave","Body Slam","Anger","Anger","Double Tap","Heavy Blade+1","Perfected Strike"],"relics":["Black Blood","Strawberry","Golden Idol","Toy Ornithopter","Pantograph","Orichalcum","Paper Frog"],"acts_visited":["Exordium","TheCity"],"potions_floor_usage":[13,13,13,16],"damage_taken":[{"damage":13,"enemies":"Jaw Worm","floor":1,"turns":4},{"damage":6,"enemies":"2 Louse","floor":4,"turns":4},{"damage":32,"enemies":"Gremlin Nob","floor":6,"turns":4},{"damage":20,"enemies":"3 Sentries","floor":8,"turns":5},{"damage":17,"enemies":"Small Slimes","floor":11,"turns":4},{"damage":13,"enemies":"Gremlin Nob","floor":13,"turns":3},{"damage":14,"enemies":"Exordium Wildlife","floor":14,"turns":3},{"damage":27,"enemies":"The Guardian","floor":16,"turns":6},{"damage":39,"enemies":"Shell Parasite","floor":18,"turns":5},{"damage":13,"enemies":"Chosen","floor":19,"turns":4},{"damage":55,"enemies":"3 Cultists","floor":20,"turns":6},{"damage":55,"enemies":"Centurion and Healer","floor":21,"turns":4}],"seed_played":"1033276899011056170","potions_obtained":[{"floor":3,"key":"Slimebound:ThreeZeroPotion"},{"floor":8,"key":"BlessingOfTheForge"},{"floor":11,"key":"Regen Potion"},{"floor":14,"key":"PowerPotion"},{"floor":19,"key":"FairyPotion"}],"is_trial":false,"path_per_floor":["M","$","?","M","?","E","R","E","T","$","M","?","E","M","R","B",null,"M","M","M","M"],"character_chosen":"IRONCLAD","items_purchased":[],"campfire_rested":0,"item_purchase_floors":[],"current_hp_per_floor":[73,73,80,80,59,33,33,19,19,19,8,29,46,38,38,47,87,60,59,16,0,0],"gold":319,"neow_bonus":"THREE_RARE_CARDS","is_daily":false,"chose_seed":false,"campfire_upgraded":2,"win_rate":0.0,"timestamp":1613450829,"path_taken":["M","$","?","M","?","E","R","E","T","$","M","?","E","M","R","BOSS","M","M","M","M"],"items_purchased_type":[],"build_version":"2020-12-22","purchased_purges":1,"victory":false,"max_hp_per_floor":[80,80,87,87,87,87,87,87,87,87,87,87,87,87,87,87,87,87,87,87,87,87],"card_choices":[{"not_picked":["Hemogenesis","Bludgeon"],"picked":"Demon Form","floor":0},{"not_picked":["Headbutt","Wild Strike"],"picked":"Sentinel","floor":1},{"not_picked":["Warcry","Havoc"],"picked":"Carnage","floor":3},{"not_picked":["Warcry","Battle Trance"],"picked":"Anger","floor":3},{"not_picked":["Clash","Life Link"],"picked":"Perfected Strike","floor":4},{"not_picked":["Clash","Clothesline"],"picked":"Iron Wave","floor":6},{"not_picked":["Shockwave","Sword Boomerang"],"picked":"Body Slam","floor":8},{"not_picked":["Flex","Headbutt"],"picked":"Anger","floor":11},{"not_picked":["Battle Trance","Power Through","Intimidate"],"picked":"SKIP","floor":13},{"not_picked":["Warcry","True Grit"],"picked":"Anger","floor":14},{"not_picked":["Eclipse","Bludgeon"],"picked":"Double Tap","floor":16},{"not_picked":["Pommel Strike","Whirlwind"],"picked":"Heavy Blade+1","floor":18},{"not_picked":["Dark Embrace+1","Thunderclap+1","Body Slam"],"picked":"SKIP","floor":19},{"not_picked":["Blood for Blood+1","Evolve"],"picked":"Perfected Strike","floor":20}],"player_experience":238131,"relics_obtained":[{"floor":3,"key":"Strawberry"},{"floor":6,"key":"Toy Ornithopter"},{"floor":8,"key":"Pantograph"},{"floor":9,"key":"Orichalcum"},{"floor":13,"key":"Paper Frog"}],"event_choices":[{"damage_healed":0,"gold_gain":0,"player_choice":"Take Damage","damage_taken":21,"relics_obtained":["Golden Idol"],"max_hp_gain":0,"max_hp_loss":0,"event_name":"Golden Idol","floor":5,"gold_loss":0},{"damage_healed":21,"gold_gain":0,"player_choice":"Healed","damage_taken":0,"max_hp_gain":0,"max_hp_loss":0,"event_name":"The Cleric","floor":12,"gold_loss":35}],"is_beta":false,"boss_relics":[{"not_picked":["Cursed Key","Abe\u0027s Treasure"],"picked":"Black Blood"}],"items_purged_floors":[10],"is_endless":false,"potions_floor_spawned":[8,11,14,19],"killed_by":"Centurion and Healer","ascension_level":3}}