{"host":"j2zti408atcvju3x","time":1613468907,"event":{"mods":["BaseMod","Minty Spire (QoL Compilation)","Quick Restart","StSLib"],"gold_per_floor":[119,89,39,50,23,23,23,23,23,95,95,20,20,20,20,20,20],"floor_reached":16,"language":"ZHS","playtime":489,"items_purged":["Strike_B"],"score":109,"play_id":"7a17ba53-1c7c-48e2-9b64-e314c3fbc805","local_time":"20210216174827","is_ascension_mode":false,"campfire_choices":[{"data":"Dualcast","floor":6,"key":"SMITH"},{"data":"Zap","floor":8,"key":"SMITH"},{"data":"Coolheaded","floor":11,"key":"SMITH"},{"data":"Conserve Battery","floor":13,"key":"SMITH"},{"floor":15,"key":"REST"}],"circlet_count":0,"master_deck":["Strike_B+1","Strike_B","Defend_B+1","Defend_B","Defend_B","Defend_B","Zap+1","Dualcast+1","Conserve Battery+1","Rebound","Coolheaded+1"],"relics":["Cracked Core","Boot","Pear"],"acts_visited":["Exordium"],"potions_floor_usage":[16],"damage_taken":[{"damage":5,"enemies":"Small Slimes","floor":1,"turns":3},{"damage":1,"enemies":"Jaw Worm","floor":4,"turns":4},{"damage":97,"enemies":"Hexaghost","floor":16,"turns":16}],"seed_played":"-2669163074506000130","potions_obtained":[{"floor":4,"key":"FearPotion"}],"is_trial":false,"path_per_floor":["M","?","?","M","$","R","?","R","T","T","R","$","R","?","R","B"],"character_chosen":"DEFECT","items_purchased":["Coolheaded"],"campfire_rested":1,"item_purchase_floors":[5],"current_hp_per_floor":[77,77,77,76,76,76,60,60,60,70,70,70,70,75,97,0,0],"gold":20,"neow_bonus":"TEN_PERCENT_HP_BONUS","is_daily":false,"chose_seed":false,"campfire_upgraded":4,"win_rate":0.0,"timestamp":1613468907,"path_taken":["M","?","?","M","$","R","?","R","T","?","R","?","R","?","R","BOSS"],"items_purchased_type":["Card"],"build_version":"2020-12-22","purchased_purges":1,"victory":false,"max_hp_per_floor":[82,82,82,82,82,82,82,82,82,92,92,92,92,97,97,97,97],"card_choices":[{"not_picked":["Gash","Streamline"],"picked":"Conserve Battery","floor":1},{"not_picked":["Stack","Beam Cell"],"picked":"Rebound","floor":4}],"player_experience":13984,"relics_obtained":[{"floor":9,"key":"Boot"},{"floor":10,"key":"Pear"}],"event_choices":[{"damage_healed":0,"gold_gain":0,"player_choice":"Left Gold","damage_taken":0,"max_hp_gain":0,"max_hp_loss":0,"event_name":"World of Goop","floor":2,"gold_loss":30},{"cards_removed":["Strike_B"],"damage_healed":0,"gold_gain":0,"player_choice":"Card Removal","damage_taken":0,"max_hp_gain":0,"max_hp_loss":0,"event_name":"The Cleric","floor":3,"gold_loss":50},{"damage_healed":0,"gold_gain":0,"player_choice":"Entered Light","damage_taken":16,"max_hp_gain":0,"max_hp_loss":0,"event_name":"Shining Light","floor":7,"gold_loss":0,"cards_upgraded":["Defend_B","Strike_B"]},{"damage_healed":0,"gold_gain":0,"player_choice":"Donut","damage_taken":0,"max_hp_gain":5,"max_hp_loss":0,"event_name":"Big Fish","floor":14,"gold_loss":0}],"is_beta":false,"boss_relics":[],"items_purged_floors":[12],"is_endless":false,"potions_floor_spawned":[4],"killed_by":"Hexaghost","ascension_level":0}}