{"host":"4lruzp1xu8o5tnk3","time":1613480436,"event":{"mods":["Act Like it!","BaseMod","Gensokyo","GifTheSpireLib","Hubris","Jedi Mod","Minty Spire (QoL Compilation)","Replay The Spire","StSLib","Stuff the Spire"],"gold_per_floor":[113,131,206,218,235,265,265,292,342,342,381,390,390,390,390,413,413,520,520,539,561,589,610,630,630,647,647,671,671,442,509,526,538,538,650,659,688,708,270,304,315,315,301,301,301,373,386,414,464,514,514,514],"floor_reached":53,"language":"ENG","playtime":1651,"items_purged":["Strike_R","Strike_R"],"score":752,"play_id":"dc6a9671-093f-463b-b2a6-e04e13ea6a11","local_time":"20210216160036","is_ascension_mode":false,"campfire_choices":[{"data":"Sword Boomerang","floor":7,"key":"SMITH"},{"floor":10,"key":"REST"},{"data":"Immolate","floor":15,"key":"SMITH"},{"floor":17,"key":"REST"},{"data":"Inflame","floor":25,"key":"SMITH"},{"floor":29,"key":"REST"},{"data":"Feed","floor":34,"key":"SMITH"},{"data":"Limit Break","floor":42,"key":"SMITH"},{"data":"Rage","floor":44,"key":"SMITH"},{"data":"Sword Boomerang","floor":51,"key":"SMITH"}],"circlet_count":0,"master_deck":["Strike_R","Strike_R","Strike_R","Defend_R","Defend_R","Defend_R","Bash","Thunderclap","Rage+1","Sword Boomerang+1","Replay:Undeath\u0027s Touch","Inflame+1","Immolate+1","Abandon","Dropkick","Sword Boomerang+1","Pummel","Pummel","Battle Trance+1","Disarm+1","Limit Break+1","AbeCurse","Power Through+1","Heavy Blade+1","Parasite","Sword Boomerang","Feel No Pain+1","Sword Boomerang+1"],"relics":["Burning Blood","StuffTheSpire:PointBlank","Odd Mushroom","CeramicFish","Kunai","hubris:VirtuousBlindfold","SsserpentHead","hubris:ToyBattleship","jedi:crownofsimplicity","Abe\u0027s Treasure","Membership Card","Thread and Needle","Potion Belt","Pondfish Scales","InkBottle"],"acts_visited":["Exordium","TheCity","TheBeyond"],"potions_floor_usage":[11,23,41,49,52,52],"damage_taken":[{"damage":1,"enemies":"Jaw Worm","floor":1,"turns":3},{"damage":9,"enemies":"2 Louse","floor":2,"turns":3},{"damage":1,"enemies":"Cultist","floor":4,"turns":3},{"damage":12,"enemies":"Gremlin Gang","floor":5,"turns":6},{"damage":26,"enemies":"Gremlin Nob","floor":6,"turns":5},{"damage":14,"enemies":"The Mushroom Lair","floor":8,"turns":4},{"damage":27,"enemies":"Lagavulin","floor":11,"turns":4},{"damage":0,"enemies":"3 Louse","floor":16,"turns":1},{"damage":37,"enemies":"The Guardian","floor":18,"turns":6},{"damage":5,"enemies":"Chosen","floor":20,"turns":3},{"damage":0,"enemies":"Shell Parasite","floor":21,"turns":1},{"damage":27,"enemies":"Snake Plant","floor":22,"turns":3},{"damage":8,"enemies":"Snecko","floor":23,"turns":3},{"damage":14,"enemies":"Shelled Parasite and Fungi","floor":24,"turns":2},{"damage":26,"enemies":"Centurion and Healer","floor":26,"turns":3},{"damage":0,"enemies":"3 Cultists","floor":31,"turns":2},{"damage":2,"enemies":"Shelled Parasite and Fungi","floor":32,"turns":3},{"damage":12,"enemies":"Centurion and Healer","floor":33,"turns":2},{"damage":43,"enemies":"Automaton","floor":35,"turns":7},{"damage":30,"enemies":"3 Darklings","floor":37,"turns":3},{"damage":15,"enemies":"Orb Walker","floor":38,"turns":3},{"damage":3,"enemies":"Writhing Mass","floor":40,"turns":6},{"damage":5,"enemies":"Transient","floor":41,"turns":5},{"damage":20,"enemies":"Spire Growth","floor":46,"turns":3},{"damage":0,"enemies":"4 Shapes","floor":47,"turns":1},{"damage":16,"enemies":"3 Darklings","floor":48,"turns":3},{"damage":12,"enemies":"hubris:GrandSnecko","floor":52,"turns":7}],"seed_played":"-6956739053627255414","potions_obtained":[{"floor":4,"key":"PowerPotion"},{"floor":6,"key":"Elixir"},{"floor":18,"key":"AttackPotion"},{"floor":21,"key":"jedi:holywater"},{"floor":23,"key":"Elixir"},{"floor":26,"key":"Venom Potion"},{"floor":37,"key":"BlessingOfTheForge"},{"floor":41,"key":"DistilledChaos"},{"floor":48,"key":"jedi:mysterypotion"}],"is_trial":false,"path_per_floor":["M","M","?","M","M","E","R","?","T","R","E","?","PTL","PTL","R","M","R","B",null,"M","M","M","M","M","R","M","?","T","R","$","M","M","M","R","B",null,"M","M","$","M","M","R","?","R","T","M","M","M","?","?","R","B",null],"character_chosen":"IRONCLAD","items_purchased":["jedi:crownofsimplicity","Membership Card","Thread and Needle","Potion Belt"],"campfire_rested":3,"item_purchase_floors":[30,39,39,39],"current_hp_per_floor":[88,85,74,79,73,53,53,45,45,71,50,50,50,50,50,56,82,51,88,88,88,67,65,57,57,40,40,40,67,67,73,77,71,71,34,91,67,58,58,61,62,62,62,62,62,52,58,52,52,109,109,103],"gold":514,"neow_bonus":"TEN_PERCENT_HP_BONUS","is_daily":false,"chose_seed":false,"campfire_upgraded":7,"win_rate":0.0,"timestamp":1613480436,"path_taken":["M","M","?","M","M","E","R","?","T","R","E","?","PTL","PTL","R","M","R","BOSS","M","M","M","?","M","R","?","?","T","R","$","?","M","M","R","BOSS","M","M","$","M","M","R","?","R","T","?","M","M","?","?","R","BOSS"],"items_purchased_type":["Relic","Relic","Relic","Relic"],"build_version":"2020-12-22","purchased_purges":2,"victory":true,"max_hp_per_floor":[88,88,88,88,88,88,88,88,88,88,88,88,88,88,88,88,88,88,88,88,88,88,88,88,88,91,91,91,91,91,91,91,91,91,91,91,91,91,91,91,91,91,91,91,91,95,95,99,99,109,109,109],"card_choices":[{"not_picked":["Clothesline","Headbutt"],"picked":"Thunderclap","floor":1},{"not_picked":["Wild Strike","StuffTheSpire:Incineration","Exhume"],"picked":"SKIP","floor":2},{"not_picked":["Iron Wave","Twin Strike"],"picked":"Rage","floor":4},{"not_picked":["Anger","hubris:SharpeningStone"],"picked":"Sword Boomerang","floor":5},{"not_picked":["Clothesline","Anger"],"picked":"Replay:Undeath\u0027s Touch","floor":6},{"not_picked":["Twin Strike","jedi:suffering"],"picked":"Inflame","floor":8},{"not_picked":["Replay:Undeath\u0027s Touch","Body Slam"],"picked":"Immolate","floor":11},{"not_picked":["Twin Strike","Wild Strike"],"picked":"Dropkick","floor":16},{"not_picked":["Exhume","jedi:bloodyhammer"],"picked":"Feed","floor":18},{"not_picked":["Rage","Warcry"],"picked":"Sword Boomerang","floor":20},{"not_picked":["Thunderclap","hubris:ReadiedAction"],"picked":"Pummel","floor":21},{"not_picked":["Uppercut","Anger"],"picked":"Pummel","floor":22},{"not_picked":["Cleave","Shockwave"],"picked":"Battle Trance+1","floor":23},{"not_picked":["Cleave","Dark Embrace"],"picked":"Disarm+1","floor":24},{"not_picked":["Shrug It Off","Anger","StuffTheSpire:Incineration"],"picked":"SKIP","floor":26},{"not_picked":["StuffTheSpire:BloodClot","ReplayTheSpireMod:Limb From Limb","StuffTheSpire:TitanForm"],"picked":"SKIP","floor":31},{"not_picked":["jedi:fear","Perfected Strike","Dark Embrace"],"picked":"SKIP","floor":32},{"not_picked":["Armaments","Dropkick","ReplayTheSpireMod:Strike From Hell"],"picked":"SKIP","floor":33},{"not_picked":["Exhume","Offering"],"picked":"Limit Break","floor":35},{"not_picked":["Life Link+1","Run Through"],"picked":"Power Through+1","floor":37},{"not_picked":["True Grit","Sever Soul"],"picked":"Heavy Blade+1","floor":38},{"not_picked":["Havoc","jedi:fear"],"picked":"Sword Boomerang","floor":40},{"not_picked":["Headbutt","Wild Strike+1","Warcry"],"picked":"SKIP","floor":41},{"not_picked":["jedi:fear+1","ReplayTheSpireMod:Strike From Hell+1"],"picked":"Feel No Pain+1","floor":46},{"not_picked":["Battle Trance+1","Replay:Undeath\u0027s Touch","jedi:suffering+1"],"picked":"SKIP","floor":47},{"not_picked":["StuffTheSpire:BloodClot+1","Twin Strike+1"],"picked":"Sword Boomerang+1","floor":48}],"player_experience":1045365,"relics_obtained":[{"floor":6,"key":"StuffTheSpire:PointBlank"},{"floor":8,"key":"Odd Mushroom"},{"floor":9,"key":"CeramicFish"},{"floor":11,"key":"Kunai"},{"floor":28,"key":"hubris:ToyBattleship"},{"floor":45,"key":"InkBottle"}],"event_choices":[{"damage_healed":0,"gold_gain":75,"player_choice":"Gather Gold","damage_taken":11,"max_hp_gain":0,"max_hp_loss":0,"event_name":"World of Goop","floor":3,"gold_loss":0},{"damage_healed":0,"gold_gain":0,"player_choice":"Fought Mushrooms","damage_taken":0,"max_hp_gain":0,"max_hp_loss":0,"event_name":"Mushrooms","floor":8,"gold_loss":0},{"damage_healed":0,"gold_gain":0,"cards_transformed":["Defend_R"],"player_choice":"Transformed","damage_taken":0,"max_hp_gain":0,"max_hp_loss":0,"event_name":"Transmorgrifier","floor":12,"gold_loss":0,"cards_obtained":["Abandon"]},{"damage_healed":0,"gold_gain":0,"player_choice":"Trade","damage_taken":0,"relics_obtained":["SsserpentHead"],"max_hp_gain":0,"max_hp_loss":0,"event_name":"FaceTrader","floor":27,"gold_loss":0},{"damage_healed":0,"gold_gain":0,"player_choice":"Paid Gold","damage_taken":0,"relics_obtained":["Pondfish Scales"],"max_hp_gain":0,"max_hp_loss":0,"event_name":"WeMeetAgain","floor":43,"gold_loss":64},{"damage_healed":0,"gold_gain":0,"player_choice":"Memory 1","damage_taken":0,"max_hp_gain":0,"max_hp_loss":0,"event_name":"SensoryStone","floor":49,"gold_loss":0},{"cards_removed":["Feed"],"damage_healed":47,"gold_gain":0,"player_choice":"Offered Rare","damage_taken":0,"max_hp_gain":10,"max_hp_loss":0,"event_name":"Bonfire Elementals","floor":50,"gold_loss":0}],"is_beta":false,"boss_relics":[{"not_picked":["hubris:ScarierMask","Replay:Drink Me"],"picked":"hubris:VirtuousBlindfold"},{"not_picked":["hubris:Backtick","StuffTheSpire:RunicConfusion"],"picked":"Abe\u0027s Treasure"}],"items_purged_floors":[30,39],"is_endless":false,"potions_floor_spawned":[4,6,18,21,23,26,37,38,41,48],"ascension_level":0}}