{"host":"8vqkh0x3c7vpgzzm","time":1613481052,"event":{"mods":["AchievementEnabler","BaseMod","Colored Map","Colored Powertips","Curses Come First","DeckTracker","Highlight Path","Minty Spire (QoL Compilation)","Permanent Neow","Quick Restart","Random Character Mod","Rare Cards Sparkle","Relic Sorter","Relic Stats","StSLib","SuperFastMode","Unceasing Turn Reminder","egg","everything is the same but u backflip on backflip"],"gold_per_floor":[109,120,120,120,133,133,151,166,189,208,208,208,224,237,237,334,334,353,278,278,293,193,193,212,228,228,228,246,259,184,59,59,161,161,173,173,173,191,41,66,66,97,97,97,97,97,7,18,18,18,18],"floor_reached":50,"language":"ENG","playtime":1298,"items_purged":["Strike_R","Strike_R","Defend_R","Body Slam+1"],"score":619,"play_id":"adcb59f1-8cba-48c2-94dc-41e854e242c8","local_time":"20210216141052","is_ascension_mode":false,"campfire_choices":[{"data":"Dropkick","floor":6,"key":"SMITH"},{"data":"Defend_R","floor":12,"key":"SMITH"},{"data":"Strike_R","floor":15,"key":"SMITH"},{"data":"Offering","floor":23,"key":"SMITH"},{"data":"Defend_R","floor":27,"key":"SMITH"},{"data":"Dual Wield","floor":32,"key":"SMITH"},{"floor":41,"key":"RECALL"}],"circlet_count":0,"master_deck":["Defend_R+1","Bash+1","Dropkick+1","Offering+1","Dual Wield+1","Pommel Strike+1"],"relics":["Burning Blood","Omamori","Coffee Dripper","Eternal Feather","Astrolabe","Happy Flower","MealTicket","Pantograph","Bottled Flame"],"acts_visited":["Exordium","TheCity","TheBeyond"],"potions_floor_usage":[8,16,25,40,50,50],"damage_taken":[{"damage":3,"enemies":"Small Slimes","floor":1,"turns":3},{"damage":6,"enemies":"Cultist","floor":2,"turns":3},{"damage":6,"enemies":"Jaw Worm","floor":5,"turns":3},{"damage":6,"enemies":"Red Slaver","floor":7,"turns":3},{"damage":11,"enemies":"Large Slime","floor":8,"turns":7},{"damage":7,"enemies":"Exordium Wildlife","floor":10,"turns":3},{"damage":2,"enemies":"3 Louse","floor":13,"turns":5},{"damage":24,"enemies":"Exordium Thugs","floor":14,"turns":5},{"damage":26,"enemies":"Hexaghost","floor":16,"turns":7},{"damage":22,"enemies":"Spheric Guardian","floor":18,"turns":4},{"damage":15,"enemies":"Shell Parasite","floor":21,"turns":5},{"damage":11,"enemies":"Cultist and Chosen","floor":24,"turns":6},{"damage":23,"enemies":"Chosen and Byrds","floor":25,"turns":7},{"damage":6,"enemies":"Centurion and Healer","floor":28,"turns":5},{"damage":8,"enemies":"Cultist and Chosen","floor":29,"turns":3},{"damage":6,"enemies":"Champ","floor":33,"turns":1},{"damage":18,"enemies":"3 Darklings","floor":35,"turns":4},{"damage":6,"enemies":"Orb Walker","floor":38,"turns":1},{"damage":29,"enemies":"Reptomancer","floor":40,"turns":3},{"damage":6,"enemies":"Giant Head","floor":42,"turns":1},{"damage":48,"enemies":"4 Shapes","floor":48,"turns":5},{"damage":63,"enemies":"Time Eater","floor":50,"turns":5}],"seed_played":"-2481603704341741726","potions_obtained":[{"floor":1,"key":"Block Potion"},{"floor":8,"key":"PowerPotion"},{"floor":16,"key":"BlessingOfTheForge"},{"floor":18,"key":"SkillPotion"},{"floor":25,"key":"Dexterity Potion"},{"floor":28,"key":"Block Potion"},{"floor":40,"key":"LiquidMemories"}],"is_trial":false,"path_per_floor":["M","M","$","?","M","R","M","M","T","M","?","R","M","M","R","B",null,"M","$","?","M","$","R","M","M","T","R","M","M","?","$","R","B",null,"M","?","?","M","$","E","R","E","T","$","?","T","?","M","R","B"],"character_chosen":"IRONCLAD","items_purchased":[],"campfire_rested":0,"item_purchase_floors":[],"current_hp_per_floor":[80,80,80,80,80,80,80,75,75,74,74,74,78,60,60,40,80,64,64,64,55,55,55,50,33,33,36,36,34,34,34,37,37,80,68,68,68,68,68,45,48,48,48,63,63,63,63,21,24,0,0],"gold":18,"neow_bonus":"UPGRADE_CARD","is_daily":false,"chose_seed":false,"campfire_upgraded":6,"win_rate":0.0,"timestamp":1613481052,"path_taken":["M","M","$","?","?","R","?","M","T","M","?","R","?","M","R","BOSS","M","$","?","M","?","R","?","M","T","R","M","M","?","$","R","BOSS","M","?","?","?","$","E","R","E","T","$","?","?","?","M","R","BOSS"],"items_purchased_type":[],"build_version":"2020-12-22","purchased_purges":4,"victory":false,"max_hp_per_floor":[80,80,80,80,80,80,80,80,80,80,80,80,80,80,80,80,80,80,80,80,80,80,80,80,80,80,80,80,80,80,80,80,80,80,80,80,80,80,80,80,80,80,80,80,76,76,76,76,76,76,76],"relic_stats":{"Happy Flower":[3],"counters":[22,89],"Astrolabe":["Body Slam","Whirlwind","Pommel Strike"],"Pantograph":25,"Eternal Feather":12,"MealTicket":15,"obtain_stats":[{"Bottled Flame":46,"Happy Flower":40,"Astrolabe":34,"Pantograph":43,"Eternal Feather":26,"MealTicket":42,"Omamori":9,"Coffee Dripper":17,"Burning Blood":0},{"Bottled Flame":20,"Happy Flower":19,"Astrolabe":16,"Pantograph":20,"Eternal Feather":13,"MealTicket":20,"Omamori":5,"Coffee Dripper":9,"Burning Blood":0},{"Bottled Flame":79,"Happy Flower":78,"Astrolabe":70,"Pantograph":79,"Eternal Feather":61,"MealTicket":79,"Omamori":19,"Coffee Dripper":39,"Burning Blood":0}],"Burning Blood":123},"card_choices":[{"not_picked":["Whirlwind","Flex","Ghostly Armor"],"picked":"SKIP","floor":1},{"not_picked":["Pommel Strike","Armaments","Iron Wave"],"picked":"SKIP","floor":2},{"not_picked":["Cleave","Clothesline"],"picked":"Dropkick","floor":5},{"not_picked":["Sword Boomerang","Havoc","Uppercut"],"picked":"SKIP","floor":7},{"not_picked":["Sever Soul","Headbutt","Brutality"],"picked":"SKIP","floor":8},{"not_picked":["Havoc","Carnage","Iron Wave"],"picked":"SKIP","floor":10},{"not_picked":["Perfected Strike","Sentinel","Searing Blow"],"picked":"SKIP","floor":13},{"not_picked":["Clothesline","Rupture","Perfected Strike"],"picked":"SKIP","floor":14},{"not_picked":["Barricade","Fiend Fire"],"picked":"Offering","floor":16},{"not_picked":["Twin Strike","Flame Barrier","Armaments+1"],"picked":"SKIP","floor":18},{"not_picked":["Rupture+1","Wild Strike+1","Perfected Strike+1"],"picked":"SKIP","floor":21},{"not_picked":["Shrug It Off","Pommel Strike","Flex"],"picked":"SKIP","floor":24},{"not_picked":["Thunderclap","Battle Trance","Warcry+1"],"picked":"SKIP","floor":25},{"not_picked":["Blood for Blood","Cleave"],"picked":"Dual Wield","floor":28},{"not_picked":["Anger","Clothesline","Seeing Red"],"picked":"SKIP","floor":29},{"not_picked":["Clothesline","Iron Wave+1","Anger+1"],"picked":"SKIP","floor":35},{"not_picked":["Uppercut+1","Cleave+1","Shockwave"],"picked":"SKIP","floor":38},{"not_picked":["Evolve","Sword Boomerang+1","Inflame"],"picked":"SKIP","floor":40},{"not_picked":["Clash","Seeing Red","Bludgeon"],"picked":"SKIP","floor":42},{"not_picked":["Thunderclap","Pommel Strike","Anger+1"],"picked":"SKIP","floor":48}],"player_experience":562807,"relics_obtained":[{"floor":9,"key":"Omamori"},{"floor":26,"key":"Eternal Feather"},{"floor":40,"key":"Happy Flower"},{"floor":42,"key":"MealTicket"},{"floor":43,"key":"Pantograph"},{"floor":46,"key":"Bottled Flame"}],"event_choices":[{"cards_removed":["Strike_R"],"damage_healed":0,"gold_gain":0,"player_choice":"Purged","damage_taken":0,"max_hp_gain":0,"max_hp_loss":0,"event_name":"Purifier","floor":4,"gold_loss":0},{"damage_healed":0,"gold_gain":0,"player_choice":"Ignored","damage_taken":0,"max_hp_gain":0,"max_hp_loss":0,"event_name":"NoteForYourself","floor":11,"gold_loss":0},{"damage_healed":0,"gold_gain":0,"player_choice":"Ignored","damage_taken":0,"max_hp_gain":0,"max_hp_loss":0,"event_name":"Vampires","floor":20,"gold_loss":0},{"cards_removed":["Defend_R"],"damage_healed":0,"gold_gain":0,"player_choice":"Gave Gold","damage_taken":0,"max_hp_gain":0,"max_hp_loss":0,"event_name":"Beggar","floor":30,"gold_loss":75},{"damage_healed":0,"gold_gain":0,"player_choice":"Ignored","damage_taken":0,"max_hp_gain":0,"max_hp_loss":0,"event_name":"Tomb of Lord Red Mask","floor":36,"gold_loss":0},{"damage_healed":0,"gold_gain":0,"player_choice":"Bought 0 Potions","damage_taken":0,"max_hp_gain":0,"max_hp_loss":0,"event_name":"The Woman in Blue","floor":37,"gold_loss":0},{"damage_healed":0,"gold_gain":0,"player_choice":"Max HP","damage_taken":0,"max_hp_gain":0,"max_hp_loss":4,"event_name":"Winding Halls","floor":45,"gold_loss":0},{"cards_removed":["Whirlwind"],"damage_healed":0,"gold_gain":0,"player_choice":"Removal","damage_taken":0,"max_hp_gain":0,"max_hp_loss":0,"event_name":"Designer","floor":47,"gold_loss":90}],"is_beta":false,"boss_relics":[{"not_picked":["Velvet Choker","Black Star"],"picked":"Coffee Dripper"},{"not_picked":["Philosopher\u0027s Stone","Snecko Eye"],"picked":"Astrolabe"}],"items_purged_floors":[19,22,31,39],"is_endless":false,"potions_floor_spawned":[1,8,16,18,25,28,33,40],"killed_by":"Time Eater","ascension_level":0}}