{"host":"rguvlafm46vqn9ib","time":1613458680,"event":{"mods":["2.2 Compatiblity","AchievementEnabler","Act Like it!","Arknights","Aspiration","BaseMod","Beaked The Cultist","Better Match","Better Note","Better Third Choice","BetterRewards","Colored Map","Downfall","Elementarium","GifTheSpireLib","Hermit","Highlight Path","Hubris","JesterMod","Mad Scientist","Minty Spire (QoL Compilation)","RRrroohrrRGHHhhh!!","Reliquary","Reorder Act Four","Replay The Spire","Retaliation","SCP261 Mod","Small Relic Pack","Spikes Relics","StSLib","Stuff the Spire","The Blackbeard","The Bug Knight","The Construct","The Death Knight","The Disciple","The Forsaken","The Judge","The Marked","The Mystic","The Necromancer","The Problem Sleuth","The Runesmith","TheSwordswoman"],"gold_per_floor":[109,129,148,168,19,50,63,63,63,63,79,79,107,107,107,107,107],"floor_reached":16,"language":"ENG","playtime":1462,"items_purged":[],"score":170,"play_id":"5b7eb92d-3465-46b2-a5fd-674be8454df2","local_time":"20210216065800","is_ascension_mode":true,"campfire_choices":[{"data":"Grave","floor":10,"key":"SMITH"},{"floor":12,"key":"REST"},{"floor":15,"key":"REST"}],"circlet_count":0,"master_deck":["Strike_Br","Strike_Br","Strike_Br","Strike_Br","Defend_Br","Defend_Br","Defend_Br","Defend_Br","SecondHand","PatternShift","ExoVibe","ReapSow","BlueShift","Accruing","WindUp","ResonantCall+1","Grave+1","BackFourSeconds","Echoward","HandsUpB","Allegro"],"relics":["Chronometer","Pondfish Scales","rorgmod:The Boot","reliquary:RosewoodLute"],"acts_visited":["Exordium"],"potions_floor_usage":[6,11],"damage_taken":[{"damage":0,"enemies":"Jaw Worm","floor":1,"turns":4},{"damage":5,"enemies":"2 Louse","floor":2,"turns":3},{"damage":1,"enemies":"Cultist","floor":3,"turns":4},{"damage":10,"enemies":"Looter","floor":4,"turns":4},{"damage":3,"enemies":"Lagavulin","floor":6,"turns":6},{"damage":0,"enemies":"Large Slime","floor":7,"turns":4},{"damage":19,"enemies":"Exordium Thugs","floor":11,"turns":9},{"damage":40,"enemies":"Gremlin Nob","floor":13,"turns":6},{"damage":42,"enemies":"The Guardian","floor":16,"turns":15}],"seed_played":"-5557030823008560745","potions_obtained":[{"floor":4,"key":"SkillPotion"},{"floor":7,"key":"Adrenaline Potion"}],"is_trial":false,"path_per_floor":["M","M","M","M","$","E","M","?","T","R","M","R","E","?","R","B"],"character_chosen":"CHRONO_CLASS","items_purchased":["Pondfish Scales","ExoVibe","ReapSow","rorgmod:The Boot"],"campfire_rested":2,"item_purchase_floors":[0,0,0,5],"current_hp_per_floor":[65,60,59,49,49,46,46,46,46,46,29,48,19,19,38,12,12],"gold":107,"neow_bonus":"","is_daily":false,"chose_seed":false,"campfire_upgraded":1,"win_rate":0.0,"timestamp":1613458680,"path_taken":["M","M","M","M","$","E","M","?","T","R","M","R","E","?","R","BOSS"],"items_purchased_type":["Relic","Card","Card","Relic"],"build_version":"2020-12-22","purchased_purges":0,"victory":false,"max_hp_per_floor":[65,65,65,65,65,65,65,65,65,65,65,65,65,65,65,65,65],"card_choices":[{"not_picked":["ReapSow","Facsimile"],"picked":"BlueShift","floor":1},{"not_picked":["LockedAnchor","HandsUpB"],"picked":"Accruing","floor":2},{"not_picked":["LockedPlans","HandsUpB"],"picked":"WindUp","floor":3},{"not_picked":["FormalWear","LockedTornado"],"picked":"ResonantCall","floor":4},{"not_picked":["ShortSighted","TickedOff"],"picked":"BackFourSeconds","floor":6},{"not_picked":["DaylightSavings","Accruing"],"picked":"Echoward","floor":7},{"not_picked":["ExoVibe","LockedTornado"],"picked":"HandsUpB","floor":11},{"not_picked":["LockedUrn","VestedLegacy"],"picked":"Tempo","floor":13}],"player_experience":1003692,"relics_obtained":[{"floor":6,"key":"reliquary:RosewoodLute"},{"floor":13,"key":"reliquary:FerryPass"}],"event_choices":[],"is_beta":false,"boss_relics":[],"items_purged_floors":[],"is_endless":false,"potions_floor_spawned":[4,7],"killed_by":"The Guardian","ascension_level":1}}