{"host":"43wsnxh97mgjl5zw","time":1613505467,"event":{"mods":["Aspiration","BaseMod","Colored Map","Colored Powertips","Conspire","Downfall","Halation","Hubris","Minty Spire (QoL Compilation)","Quick Restart","Rare Cards Sparkle","Relic Sorter","Replay The Spire","StSLib"],"gold_per_floor":[114,114,189,35,48,48,48,48,48],"floor_reached":8,"language":"ENG","playtime":228,"items_purged":["Strike_B"],"score":138,"play_id":"c4a634aa-6177-4573-a73a-b778405e16f9","local_time":"20210216215747","is_ascension_mode":true,"campfire_choices":[{"data":"Thunderclap","floor":6,"key":"SMITH"}],"circlet_count":0,"master_deck":["AscendersBane","conspire:GhostlyStrike","conspire:GhostlyStrike","conspire:GhostlyStrike+1","conspire:GhostlyStrike","conspire:GhostlyStrike","conspire:GhostlyDefend","conspire:GhostlyDefend","conspire:GhostlyDefend","conspire:GhostlyDefend+1","Bash","conspire:GhostlyDefend","Headbutt","Thunderclap+1"],"relics":["Burning Blood","halation:QuantumPhysicsTextbook"],"acts_visited":["Exordium"],"potions_floor_usage":[5],"damage_taken":[{"damage":11,"enemies":"conspire:RoseBush","floor":1,"turns":5},{"damage":7,"enemies":"2 Louse","floor":5,"turns":4},{"damage":24,"enemies":"Lagavulin","floor":8,"turns":6}],"seed_played":"870579390773204812","potions_obtained":[{"floor":1,"key":"Dexterity Potion"}],"is_trial":false,"path_per_floor":["M","?","?","$","M","R","?","E"],"character_chosen":"IRONCLAD","items_purchased":["Regen Potion"],"campfire_rested":0,"item_purchase_floors":[4],"current_hp_per_floor":[63,40,29,29,40,40,40,16,16],"gold":48,"neow_bonus":"ONE_RARE_RELIC","is_daily":false,"chose_seed":false,"campfire_upgraded":1,"win_rate":0.0,"timestamp":1613505467,"path_taken":["M","?","?","$","M","R","?","E"],"items_purchased_type":["Potion"],"build_version":"2020-12-22","purchased_purges":1,"victory":false,"max_hp_per_floor":[75,75,75,75,75,75,75,75,75],"card_choices":[{"not_picked":["ReplayTheSpireMod:LeadingStrike","Heavy Blade"],"picked":"Headbutt","floor":1},{"not_picked":["Pommel Strike","Sword Boomerang"],"picked":"Thunderclap","floor":5}],"player_experience":1257990,"relics_obtained":[],"event_choices":[{"damage_healed":0,"gold_gain":0,"player_choice":"Entered Light","damage_taken":23,"max_hp_gain":0,"max_hp_loss":0,"event_name":"Shining Light","floor":2,"gold_loss":0,"cards_upgraded":["Defend_R","Strike_R"]},{"damage_healed":0,"gold_gain":75,"player_choice":"Gather Gold","damage_taken":11,"max_hp_gain":0,"max_hp_loss":0,"event_name":"World of Goop","floor":3,"gold_loss":0},{"damage_healed":0,"gold_gain":0,"player_choice":"Agree","damage_taken":0,"max_hp_gain":0,"max_hp_loss":0,"event_name":"conspire:LoneGhost","floor":7,"gold_loss":0}],"is_beta":false,"boss_relics":[],"items_purged_floors":[4],"is_endless":false,"potions_floor_spawned":[1],"killed_by":"Lagavulin","ascension_level":20}}