{"host":"prxrhpgaxnj4om9r","time":1613464117,"event":{"mods":["AchievementEnabler","BaseMod","Colored Map","DeckTracker","Minty Spire (QoL Compilation)"],"gold_per_floor":[113,288,288,288,288,323,337,337,337,360,360,360],"floor_reached":11,"language":"KOR","playtime":322,"items_purged":[],"score":85,"play_id":"3ee3b6bf-a724-4e8d-8158-18ad50852b7f","local_time":"20210216172837","is_ascension_mode":true,"campfire_choices":[{"floor":8,"key":"REST"}],"circlet_count":0,"master_deck":["Strike_R","Strike_R","Strike_R","Strike_R","Strike_R+1","Defend_R","Defend_R+1","Defend_R","Defend_R","Bash","Pummel","Doubt","Injury","Searing Blow","Battle Trance","Brutality+1"],"relics":["Burning Blood","Golden Idol","Frozen Egg 2","Blue Candle"],"acts_visited":["Exordium"],"potions_floor_usage":[6,6,6,11],"damage_taken":[{"damage":8,"enemies":"Small Slimes","floor":1,"turns":3},{"damage":62,"enemies":"Lagavulin","floor":6,"turns":8},{"damage":3,"enemies":"2 Louse","floor":7,"turns":3},{"damage":6,"enemies":"Cultist","floor":10,"turns":3},{"damage":38,"enemies":"3 Sentries","floor":11,"turns":4}],"seed_played":"8034882997880464387","potions_obtained":[{"floor":0,"key":"ColorlessPotion"},{"floor":0,"key":"PowerPotion"},{"floor":0,"key":"EssenceOfSteel"},{"floor":10,"key":"Explosive Potion"}],"is_trial":false,"path_per_floor":["M","?","?","?","?","E","M","R","T","M","E"],"character_chosen":"IRONCLAD","items_purchased":[],"campfire_rested":1,"item_purchase_floors":[],"current_hp_per_floor":[78,78,78,83,66,10,13,38,38,38,0,0],"gold":360,"neow_bonus":"THREE_SMALL_POTIONS","is_daily":false,"chose_seed":false,"campfire_upgraded":0,"win_rate":0.0,"timestamp":1613464117,"path_taken":["M","?","?","?","?","E","M","R","T","M","E"],"items_purchased_type":[],"build_version":"2020-12-22","purchased_purges":0,"victory":false,"max_hp_per_floor":[80,80,80,85,85,85,85,85,85,85,85,85],"card_choices":[{"not_picked":["Armaments","Iron Wave"],"picked":"Pummel","floor":1},{"not_picked":["Havoc","Anger"],"picked":"Searing Blow","floor":6},{"not_picked":["Pummel","Iron Wave"],"picked":"Battle Trance","floor":7},{"not_picked":["Sword Boomerang","Disarm"],"picked":"Brutality+1","floor":10}],"player_experience":483102,"relics_obtained":[{"floor":6,"key":"Frozen Egg 2"},{"floor":9,"key":"Blue Candle"}],"event_choices":[{"damage_healed":0,"gold_gain":175,"player_choice":"AGREE","damage_taken":0,"max_hp_gain":0,"max_hp_loss":0,"event_name":"Liars Game","floor":2,"gold_loss":0,"cards_obtained":["Doubt"]},{"damage_healed":0,"gold_gain":0,"player_choice":"Take Wound","damage_taken":0,"relics_obtained":["Golden Idol"],"max_hp_gain":0,"max_hp_loss":0,"event_name":"Golden Idol","floor":3,"gold_loss":0,"cards_obtained":["Injury"]},{"damage_healed":0,"gold_gain":0,"player_choice":"Donut","damage_taken":0,"max_hp_gain":5,"max_hp_loss":0,"event_name":"Big Fish","floor":4,"gold_loss":0},{"damage_healed":0,"gold_gain":0,"player_choice":"Entered Light","damage_taken":17,"max_hp_gain":0,"max_hp_loss":0,"event_name":"Shining Light","floor":5,"gold_loss":0,"cards_upgraded":["Strike_R","Defend_R"]}],"is_beta":false,"boss_relics":[],"items_purged_floors":[],"is_endless":false,"potions_floor_spawned":[10],"killed_by":"3 Sentries","ascension_level":4}}