{"host":"v3uiz0f6o9fje2a8","time":1613500694,"event":{"mods":["AchievementEnabler","Act Like it!","BaseMod","Block Reminder","Colored Map","Colored Powertips","Downfall","Infinite Spire","Jorbs\u0027s Wanderer Trilogy","Minty Spire (QoL Compilation)","Rare Cards Sparkle","Robot Space Explorer","StSLib","The Hierophant","The Marked","The Runesmith"],"gold_per_floor":[119,134,134,55,55,55,55,74,99,110,43,43,72,72,72,174,174,186,186,186,186,212,212,212],"floor_reached":23,"language":"ENG","playtime":741,"items_purged":[],"score":185,"play_id":"43cc8a6a-7a78-489b-9cd5-78a84982ba5f","local_time":"20210216183814","is_ascension_mode":false,"campfire_choices":[{"data":"Loop","floor":6,"key":"SMITH"},{"data":"Storm","floor":12,"key":"SMITH"},{"floor":15,"key":"REST"}],"circlet_count":0,"master_deck":["Strike_B","Strike_B","Strike_B+1","Strike_B+1","Defend_B","Defend_B","Defend_B","Defend_B","Zap","Dualcast","Skim","Static Discharge+1","Loop+1","Barrage","Redo","Ball Lightning","Storm+1","Compile Driver","Meteor Strike","CurseOfTheBell","Genetic Algorithm","infinitespire:DeathsTouch","Compile Driver"],"relics":["Cracked Core","Whetstone","Question Card","Calling Bell","Mercury Hourglass","Calipers","infinitespire:PuzzleCube","Juzu Bracelet","Red Mask"],"acts_visited":["Exordium","TheCity"],"potions_floor_usage":[13,13,13,22],"damage_taken":[{"damage":0,"enemies":"Cultist","floor":1,"turns":3},{"damage":6,"enemies":"2 Louse","floor":2,"turns":3},{"damage":11,"enemies":"Jaw Worm","floor":8,"turns":3},{"damage":24,"enemies":"Blue Slaver","floor":10,"turns":2},{"damage":27,"enemies":"3 Sentries","floor":13,"turns":3},{"damage":26,"enemies":"Slime Boss","floor":16,"turns":8},{"damage":10,"enemies":"Chosen","floor":18,"turns":4},{"damage":28,"enemies":"Masked Bandits","floor":22,"turns":3},{"damage":22,"enemies":"Spheric Guardian","floor":23,"turns":3}],"seed_played":"-1132022523530548589","potions_obtained":[{"floor":0,"key":"SkillPotion"},{"floor":0,"key":"ColorlessPotion"},{"floor":0,"key":"SteroidPotion"},{"floor":1,"key":"Energy Potion"},{"floor":10,"key":"Swift Potion"},{"floor":18,"key":"Dexterity Potion"}],"is_trial":false,"path_per_floor":["M","M","?","$","?","R","?","M","T","M","$","R","E","?","R","B",null,"M","?","?","?","?","M"],"character_chosen":"DEFECT","items_purchased":["Loop","Barrage","Storm"],"campfire_rested":1,"item_purchase_floors":[4,4,11],"current_hp_per_floor":[75,69,69,69,69,69,69,58,58,34,34,34,7,29,51,25,75,65,65,47,47,19,0,0],"gold":212,"neow_bonus":"THREE_SMALL_POTIONS","is_daily":false,"chose_seed":false,"campfire_upgraded":2,"win_rate":0.0,"timestamp":1613500694,"path_taken":["M","?","?","$","?","R","?","M","T","?","$","R","E","?","R","BOSS","M","?","?","?","?","M"],"items_purchased_type":["Card","Card","Card"],"build_version":"2020-12-22","purchased_purges":0,"victory":false,"max_hp_per_floor":[75,75,75,75,75,75,75,75,75,75,75,75,75,75,75,75,75,75,75,75,75,75,75,75],"card_choices":[{"not_picked":["Reprogram","Barrage"],"picked":"Skim","floor":1},{"not_picked":["Gash","Ball Lightning"],"picked":"Static Discharge","floor":2},{"not_picked":["Hologram","Rebound"],"picked":"Redo","floor":8},{"not_picked":["Streamline","Gash"],"picked":"Ball Lightning","floor":10},{"not_picked":["Reinforced Body","Turbo"],"picked":"Compile Driver","floor":13},{"not_picked":["Biased Cognition","Reboot","Fission"],"picked":"Meteor Strike","floor":16},{"not_picked":["Compile Driver","Ball Lightning","White Noise+1"],"picked":"Genetic Algorithm","floor":18},{"not_picked":["infinitespire:Starlight","infinitespire:FinalStrike"],"picked":"infinitespire:DeathsTouch","floor":20},{"not_picked":["Coolheaded+1","FTL","Streamline+1"],"picked":"Compile Driver","floor":22}],"player_experience":68248,"relics_obtained":[{"floor":9,"key":"Whetstone"},{"floor":13,"key":"Question Card"},{"floor":17,"key":"Mercury Hourglass"},{"floor":17,"key":"Calipers"},{"floor":17,"key":"infinitespire:PuzzleCube"},{"floor":22,"key":"Red Mask"}],"event_choices":[{"damage_healed":0,"gold_gain":0,"player_choice":"Grow","damage_taken":0,"max_hp_gain":0,"max_hp_loss":0,"event_name":"Living Wall","floor":3,"gold_loss":0,"cards_upgraded":["Static Discharge"]},{"damage_healed":0,"gold_gain":0,"player_choice":"Ignored","damage_taken":0,"max_hp_gain":0,"max_hp_loss":0,"event_name":"Golden Wing","floor":5,"gold_loss":0},{"damage_healed":0,"gold_gain":0,"player_choice":"Ignored","damage_taken":0,"max_hp_gain":0,"max_hp_loss":0,"event_name":"NoteForYourself","floor":7,"gold_loss":0},{"damage_healed":0,"gold_gain":0,"player_choice":"Opened","damage_taken":0,"relics_obtained":["Juzu Bracelet"],"max_hp_gain":0,"max_hp_loss":0,"event_name":"The Mausoleum","floor":21,"gold_loss":0},{"damage_healed":0,"gold_gain":0,"player_choice":"Fought Bandits","damage_taken":0,"max_hp_gain":0,"max_hp_loss":0,"event_name":"Masked Bandits","floor":22,"gold_loss":0}],"is_beta":false,"boss_relics":[{"not_picked":["SacredBark","infinitespire:Cupcake"],"picked":"Calling Bell"}],"items_purged_floors":[],"is_endless":false,"potions_floor_spawned":[1,10,18],"killed_by":"Spheric Guardian","ascension_level":0}}