{"host":"wxz7488rqrwl2v46","time":1613463969,"event":{"mods":["BaseMod","Minty Spire (QoL Compilation)","Quick Restart","Replay The Spire","StSLib"],"gold_per_floor":[117,130,80,80,90,90,108,108,108,108,127,145,58,75,75,180,180,214,314,26,37,37,37,66,66,114,126,138,150,261,284,296,308,308],"floor_reached":33,"language":"ZHS","playtime":1750,"items_purged":[],"score":255,"play_id":"7108d83a-6cfb-488a-b3e4-1d7f93126195","local_time":"20210216162609","is_ascension_mode":false,"campfire_choices":[{"data":"Infinite Blades","floor":6,"key":"SMITH"},{"data":"Calculated Gamble","floor":8,"key":"SMITH"},{"data":"Backflip","floor":10,"key":"SMITH"},{"data":"After Image","floor":23,"key":"SMITH"},{"floor":25,"key":"REST"},{"floor":29,"key":"REST"},{"floor":32,"key":"REST"}],"circlet_count":0,"master_deck":["Strike_G","Strike_G","Strike_G","Strike_G","Defend_G","Defend_G","Defend_G","Defend_G","Defend_G","Survivor","Neutralize","Infinite Blades+1","Choke+1","Backflip+1","Calculated Gamble+1","Dagger Throw+1","Dodge and Roll","Jack Of All Trades","PiercingWail","After Image+1","Escape Plan","Leg Sweep","Choke","Hidden Blade+1"],"relics":["Ring of the Snake","NeowsBlessing","Byrd Skull","Busted Crown","Tough Bandages","Ginger","MawBank","Thread and Needle"],"acts_visited":["Exordium","TheCity"],"potions_floor_usage":[16,16,33,33],"damage_taken":[{"damage":0,"enemies":"Jaw Worm","floor":1,"turns":1},{"damage":0,"enemies":"Small Slimes","floor":2,"turns":1},{"damage":0,"enemies":"Cultist","floor":5,"turns":1},{"damage":17,"enemies":"Exordium Thugs","floor":7,"turns":5},{"damage":4,"enemies":"Blue Slaver","floor":11,"turns":3},{"damage":0,"enemies":"3 Louse","floor":12,"turns":4},{"damage":0,"enemies":"Exordium Wildlife","floor":14,"turns":2},{"damage":62,"enemies":"The Guardian","floor":16,"turns":15},{"damage":2,"enemies":"3 Byrds","floor":18,"turns":8},{"damage":1,"enemies":"Shell Parasite","floor":21,"turns":6},{"damage":45,"enemies":"Slavers","floor":24,"turns":12},{"damage":7,"enemies":"Chosen and Byrds","floor":31,"turns":7},{"damage":86,"enemies":"Champ","floor":33,"turns":21}],"seed_played":"5983559425137085325","potions_obtained":[{"floor":1,"key":"Poison Potion"},{"floor":2,"key":"Milkshake"},{"floor":11,"key":"LiquidBronze"},{"floor":16,"key":"Venom Potion"},{"floor":21,"key":"Block Potion"},{"floor":31,"key":"Reflective Coating"}],"is_trial":false,"path_per_floor":["M","M","?","?","M","R","M","R","T","R","M","M","$","M","R","B",null,"M","?","$","M","$","R","E","R","T","T","?","R","?","M","R","B"],"character_chosen":"THE_SILENT","items_purchased":["Jack Of All Trades","Tough Bandages"],"campfire_rested":3,"item_purchase_floors":[13,20],"current_hp_per_floor":[70,70,70,70,70,70,53,53,53,53,49,49,49,49,70,8,70,68,68,68,67,67,67,22,43,43,43,43,64,64,57,70,0,0],"gold":308,"neow_bonus":"THREE_ENEMY_KILL","is_daily":false,"chose_seed":false,"campfire_upgraded":4,"win_rate":0.0,"timestamp":1613463969,"path_taken":["M","M","?","?","M","R","M","R","T","R","?","M","$","M","R","BOSS","M","?","$","M","?","R","E","R","T","?","?","R","?","M","R","BOSS"],"items_purchased_type":["Card","Relic"],"build_version":"2020-12-22","purchased_purges":0,"victory":false,"max_hp_per_floor":[70,70,70,70,70,70,70,70,70,70,70,70,70,70,70,70,70,70,70,70,70,70,70,70,70,70,70,70,70,70,70,70,70,70],"card_choices":[{"not_picked":["Sneak Up","Quick Slash"],"picked":"Infinite Blades","floor":1},{"not_picked":["Deflect","Underhanded Strike"],"picked":"Choke","floor":2},{"not_picked":["PiercingWail","Eviscerate"],"picked":"Backflip","floor":5},{"not_picked":["Dagger Throw","ReplayTheSpireMod:Tripwire"],"picked":"Calculated Gamble","floor":7},{"not_picked":["Flying Knee","Footwork"],"picked":"Dagger Throw","floor":11},{"not_picked":["Expertise","Deflect"],"picked":"Dodge and Roll","floor":12},{"not_picked":["Sneak Up","ReplayTheSpireMod:Speed Training"],"picked":"PiercingWail","floor":14},{"not_picked":["Glass Knife","ReplayTheSpireMod:Necrosis"],"picked":"After Image","floor":16},{"not_picked":[],"picked":"Escape Plan","floor":18},{"not_picked":["Dagger Spray"],"picked":"SKIP","floor":21},{"not_picked":[],"picked":"Leg Sweep","floor":24},{"not_picked":[],"picked":"Hidden Blade+1","floor":31}],"player_experience":36476,"relics_obtained":[{"floor":9,"key":"Byrd Skull"},{"floor":24,"key":"Ginger"},{"floor":26,"key":"MawBank"},{"floor":27,"key":"Thread and Needle"}],"event_choices":[{"cards_removed":["Strike_G"],"damage_healed":0,"gold_gain":0,"player_choice":"Card Removal","damage_taken":0,"max_hp_gain":0,"max_hp_loss":0,"event_name":"The Cleric","floor":3,"gold_loss":50},{"damage_healed":0,"gold_gain":0,"player_choice":"Upgraded","damage_taken":0,"max_hp_gain":0,"max_hp_loss":0,"event_name":"Upgrade Shrine","floor":4,"gold_loss":0,"cards_upgraded":["Choke"]},{"damage_healed":0,"gold_gain":100,"player_choice":"Pray","damage_taken":0,"max_hp_gain":0,"max_hp_loss":0,"event_name":"Golden Shrine","floor":19,"gold_loss":0},{"damage_healed":0,"gold_gain":0,"player_choice":"Read","damage_taken":0,"max_hp_gain":0,"max_hp_loss":0,"event_name":"The Library","floor":28,"gold_loss":0,"cards_obtained":["Choke"]},{"damage_healed":0,"gold_gain":99,"player_choice":"Stole From Cult","damage_taken":0,"max_hp_gain":0,"max_hp_loss":0,"event_name":"Nest","floor":30,"gold_loss":0}],"is_beta":false,"boss_relics":[{"not_picked":["Tiny House","Ectoplasm"],"picked":"Busted Crown"}],"items_purged_floors":[],"is_endless":false,"potions_floor_spawned":[1,2,11,12,16,21,31],"killed_by":"Champ","ascension_level":0}}