{"host":"dojadh45vvs5q3bn","time":1613482680,"event":{"mods":["100% Spire Juice","Abigail Mod","Act Like it!","BaseMod","Colored Powertips","Friendly Minions","Gensokyo","Minty Spire (QoL Compilation)","Prisma Mod","StSLib","The Alterego","The Animator","The Senshi"],"gold_per_floor":[117,133,152,170,184,217,217,230,230,270,270,270,270],"floor_reached":12,"language":"ENG","playtime":797,"items_purged":[],"score":131,"play_id":"61c42db7-29e7-4af9-95cb-72ecbc7d78e3","local_time":"20210216143800","is_ascension_mode":true,"campfire_choices":[{"floor":11,"key":"REST"}],"circlet_count":0,"master_deck":["alterego_mod:Strike+1","alterego_mod:Strike+1","alterego_mod:Strike","alterego_mod:Strike","alterego_mod:Defend","alterego_mod:Defend","alterego_mod:Defend","alterego_mod:Defend","alterego_mod:Impale","alterego_mod:BigMeatyClaws","alterego_mod:BrynhildrsRune","alterego_mod:GachaTicket","alterego_mod:Valentines","alterego_mod:Bounce","alterego_mod:Nekomimi","alterego_mod:Santa","alterego_mod:ChallengeComplete","alterego_mod:Cooking"],"relics":["alterego_mod:MasochisticConstitution","Whetstone","Golden Idol","Mummified Hand","TungstenRod"],"acts_visited":["Exordium"],"potions_floor_usage":[6,10,10],"damage_taken":[{"damage":10,"enemies":"2 Louse","floor":1,"turns":4},{"damage":1,"enemies":"Cultist","floor":2,"turns":5},{"damage":1,"enemies":"Jaw Worm","floor":3,"turns":6},{"damage":11,"enemies":"Red Slaver","floor":4,"turns":6},{"damage":22,"enemies":"Gremlin Gang","floor":5,"turns":8},{"damage":26,"enemies":"Lagavulin","floor":6,"turns":15},{"damage":2,"enemies":"2 Fungi Beasts","floor":8,"turns":5},{"damage":30,"enemies":"3 Sentries","floor":10,"turns":10},{"damage":50,"enemies":"Gremlin Nob","floor":12,"turns":5}],"seed_played":"-452938358422895755","potions_obtained":[{"floor":3,"key":"BlessingOfTheForge"},{"floor":4,"key":"GamblersBrew"},{"floor":6,"key":"DistilledChaos"}],"is_trial":false,"path_per_floor":["M","M","M","M","M","E","?","M","T","E","R","E"],"character_chosen":"The_Alterego","items_purchased":[],"campfire_rested":1,"item_purchase_floors":[],"current_hp_per_floor":[75,75,75,65,65,40,20,26,26,21,46,0,0],"gold":270,"neow_bonus":"TEN_PERCENT_HP_BONUS","is_daily":false,"chose_seed":false,"campfire_upgraded":0,"win_rate":0.0,"timestamp":1613482680,"path_taken":["M","M","M","M","M","E","?","M","T","E","R","E"],"items_purchased_type":[],"build_version":"2020-12-22","purchased_purges":0,"victory":false,"max_hp_per_floor":[78,79,80,81,82,83,83,84,84,85,85,85,85],"card_choices":[{"not_picked":["alterego_mod:Jiggle","alterego_mod:Cycle"],"picked":"alterego_mod:GachaTicket","floor":1},{"not_picked":["alterego_mod:MagicResistance","alterego_mod:HighServant"],"picked":"alterego_mod:Valentines","floor":2},{"not_picked":["alterego_mod:Valentines","alterego_mod:PerceptionDisorder"],"picked":"alterego_mod:Bounce","floor":3},{"not_picked":["alterego_mod:PresenceConcealment","alterego_mod:Table"],"picked":"alterego_mod:Nekomimi","floor":4},{"not_picked":["alterego_mod:Belle","alterego_mod:Crossover"],"picked":"alterego_mod:Santa","floor":5},{"not_picked":["alterego_mod:RidiculouslyBig","alterego_mod:Bounce"],"picked":"alterego_mod:ChallengeComplete","floor":6},{"not_picked":["alterego_mod:SuperDuperMasochism","alterego_mod:Lingerie"],"picked":"alterego_mod:Cooking","floor":8},{"not_picked":["alterego_mod:DestructionOfProperty","alterego_mod:GoddessCore","alterego_mod:Table"],"picked":"SKIP","floor":10}],"player_experience":431023,"relics_obtained":[{"floor":6,"key":"Whetstone"},{"floor":9,"key":"Mummified Hand"},{"floor":10,"key":"TungstenRod"}],"event_choices":[{"damage_healed":0,"gold_gain":0,"player_choice":"Take Damage","damage_taken":20,"relics_obtained":["Golden Idol"],"max_hp_gain":0,"max_hp_loss":0,"event_name":"Golden Idol","floor":7,"gold_loss":0}],"is_beta":false,"boss_relics":[],"items_purged_floors":[],"is_endless":false,"potions_floor_spawned":[3,4,6],"killed_by":"Gremlin Nob","ascension_level":3}}