{"host":"8lvnnmfamkc2d31d","time":1613436238,"event":{"mods":["2.2 Compatiblity","Act Like it!","Arknights","BaseMod","Colored Map","Minty Spire (QoL Compilation)","Relic Stats","StSLib"],"gold_per_floor":[116,116,132,144,9,9,9,9],"floor_reached":7,"language":"ENG","playtime":354,"items_purged":[],"score":43,"play_id":"f01bfae4-f334-478a-bfa4-9cee9b651bd6","local_time":"20210215184358","is_ascension_mode":true,"campfire_choices":[{"data":"Apotheosis","floor":6,"key":"SMITH"}],"circlet_count":0,"master_deck":["ats:Strike C","ats:Strike G","ats:Strike S","ats:Armor Crushing Shot","ats:Defend","ats:Defend","ats:Defend","ats:Defend","ats:Emotion Absorption","Apotheosis+1","ats:Composite Medical Shells","ats:Closed Bolt Burst Fire","ats:Guard Mode","ats:Thorns","ats:Hammer On"],"relics":["ats:Sanity"],"acts_visited":["Exordium"],"potions_floor_usage":[7],"damage_taken":[{"damage":22,"enemies":"Small Slimes","floor":1,"turns":4},{"damage":0,"enemies":"ats:Genji","floor":3,"turns":5},{"damage":4,"enemies":"2 Louse","floor":4,"turns":4},{"damage":31,"enemies":"3 Sentries","floor":7,"turns":5}],"seed_played":"-7435084125436816002","potions_obtained":[{"floor":4,"key":"Explosive Potion"}],"is_trial":false,"path_per_floor":["M","?","M","M","$","R","E"],"character_chosen":"DOCTOR_CLASS","items_purchased":["ats:Thorns","ats:Hammer On"],"campfire_rested":0,"item_purchase_floors":[5,5],"current_hp_per_floor":[29,29,29,25,25,25,0,0],"gold":9,"neow_bonus":"RANDOM_COLORLESS_2","is_daily":false,"chose_seed":false,"campfire_upgraded":1,"win_rate":0.0,"timestamp":1613436238,"path_taken":["M","?","?","M","$","R","E"],"items_purchased_type":["Card","Card"],"build_version":"2020-12-22","purchased_purges":0,"victory":false,"max_hp_per_floor":[72,72,72,72,72,72,72,72],"relic_stats":{"counters":[4,18],"obtain_stats":[{"ats:Sanity":0},{"ats:Sanity":0},{"ats:Sanity":0}]},"card_choices":[{"not_picked":["HandOfGreed","Secret Technique"],"picked":"Apotheosis","floor":0},{"not_picked":["ats:Powerful Strike","ats:Phantom"],"picked":"ats:Composite Medical Shells","floor":1},{"not_picked":["ats:Leaping Hammer","ats:Absolute Focus"],"picked":"ats:Closed Bolt Burst Fire","floor":3},{"not_picked":["ats:Very Hot Blade","ats:Steam Pump"],"picked":"ats:Guard Mode","floor":4}],"player_experience":447092,"relics_obtained":[],"event_choices":[{"cards_removed":["ats:Strike V"],"damage_healed":0,"gold_gain":0,"player_choice":"Purged","damage_taken":0,"max_hp_gain":0,"max_hp_loss":0,"event_name":"Purifier","floor":2,"gold_loss":0}],"is_beta":false,"boss_relics":[],"items_purged_floors":[],"is_endless":false,"potions_floor_spawned":[4],"killed_by":"3 Sentries","ascension_level":1}}