{"host":"y1oqg7uy0jc6f5mb","time":1613461943,"event":{"mods":["AchievementEnabler","BaseMod","Better Match","Better Note","BetterRewards","Colored Map","Colored Powertips","Displayed Cursed Tome","Downfall","Highlight Path","Minty Spire (QoL Compilation)","Permanent Neow","Quick Restart","Relic Stats","Replay The Spire","Smile Girya","StSLib"],"gold_per_floor":[155,186,198,8,8,8,33,64,64,141,176,79,79,114,114,234,234,259,259],"floor_reached":18,"language":"ENG","playtime":1705,"items_purged":["Pot Of Greed"],"score":213,"play_id":"1abb12f0-b4c7-4255-8f0e-6c312db4315a","local_time":"20210216155223","is_ascension_mode":true,"campfire_choices":[{"floor":6.0,"key":"REST"},{"data":"Study","floor":15.0,"key":"SMITH"}],"circlet_count":0,"master_deck":["Strike_P","Strike_P","Strike_P","Strike_P","Defend_P","Defend_P","Defend_P","Defend_P","Eruption+1","Vigilance","HandOfGreed","Prostrate","Prostrate","Replay:AllIn","Forethought","Pot Of Greed","Wish","Replay:Vibes","Wireheading","EmptyFist","Study+1","Jack Of All Trades","Violence","Indignation","Tantrum","Replay:Vibes","LessonLearned"],"relics":["PureWater","Membership Card","Grinning Jar","Akabeko","BargainBundle","ReplayTheSpireMod:DimensionalGlitch"],"acts_visited":["Exordium","TheCity"],"potions_floor_usage":[18,18],"damage_taken":[{"damage":1.0,"enemies":"2 Louse","floor":1.0,"turns":5.0},{"damage":3.0,"enemies":"Jaw Worm","floor":2.0,"turns":4.0},{"damage":2.0,"enemies":"Cultist","floor":3.0,"turns":4.0},{"damage":16.0,"enemies":"Gremlin Nob","floor":7.0,"turns":3.0},{"damage":0.0,"enemies":"2 Fungi Beasts","floor":8.0,"turns":2.0},{"damage":4.0,"enemies":"Lots of Slimes","floor":10.0,"turns":6.0},{"damage":5.0,"enemies":"Red Slaver","floor":11.0,"turns":4.0},{"damage":4.0,"enemies":"Blue Slaver","floor":14.0,"turns":2.0},{"damage":15.0,"enemies":"Fading Forest","floor":16.0,"turns":11.0},{"damage":38,"enemies":"3 Byrds","floor":18,"turns":7}],"seed_played":"-7143230788058689151","potions_obtained":[{"floor":2.0,"key":"DistilledChaos"},{"floor":3.0,"key":"Explosive Potion"},{"floor":7.0,"key":"Dexterity Potion"}],"is_trial":false,"path_per_floor":["M","M","M","$","?","R","E","M","T","M","M","$","?","M","R","B",null,"M"],"character_chosen":"WATCHER","items_purchased":["Membership Card","Forethought","BargainBundle","Study","Fruit Juice","DuplicationPotion","Block Potion","Jack Of All Trades","Violence","Indignation","Tantrum"],"campfire_rested":1,"item_purchase_floors":[4,4,12,12,12,12,12,12,12,12,12],"current_hp_per_floor":[46,43,41,41,41,62,46,46,46,42,37,42,47,43,43,40,68,30,30],"gold":259,"neow_bonus":"RANDOM_COLORLESS_2","is_daily":false,"chose_seed":false,"campfire_upgraded":1,"win_rate":0.0,"timestamp":1613461943,"path_taken":["M","M","M","$","?","R","E","M","T","M","M","$","?","?","R","BOSS","M"],"items_purchased_type":["Relic","Card","Relic","Card","Potion","Potion","Potion","Card","Card","Card","Card"],"build_version":"2020-12-22","purchased_purges":1,"victory":false,"max_hp_per_floor":[72,72,72,72,72,72,72,72,72,72,72,77,77,77,77,77,77,77,77],"relic_stats":{"counters":[10,47],"obtain_stats":[{"BargainBundle":12,"Membership Card":4,"PureWater":0,"Grinning Jar":7,"ReplayTheSpireMod:DimensionalGlitch":17,"Akabeko":9},{"BargainBundle":7,"Membership Card":3,"PureWater":0,"Grinning Jar":4,"ReplayTheSpireMod:DimensionalGlitch":9,"Akabeko":5},{"BargainBundle":28,"Membership Card":13,"PureWater":0,"Grinning Jar":16,"ReplayTheSpireMod:DimensionalGlitch":41,"Akabeko":18}]},"card_choices":[{"not_picked":["ReplayTheSpireMod:Brewmster","Crow Ritual"],"picked":"HandOfGreed","floor":0.0},{"not_picked":["Halt","Pray"],"picked":"Prostrate","floor":1.0},{"not_picked":["ClearTheMind","SandsOfTime"],"picked":"Prostrate","floor":2.0},{"not_picked":["FlurryOfBlows","BowlingBash"],"picked":"Replay:AllIn","floor":3.0},{"not_picked":["ThirdEye","BattleHymn"],"picked":"Wish","floor":7.0},{"not_picked":["Fasting2","FollowUp"],"picked":"Replay:Vibes","floor":8.0},{"not_picked":["TalkToTheHand","Collect"],"picked":"Wireheading","floor":10.0},{"not_picked":["TalkToTheHand","SpiritShield"],"picked":"EmptyFist","floor":11.0},{"not_picked":["Vengeance","WreathOfFlame"],"picked":"Replay:Vibes","floor":14.0},{"not_picked":["Establishment","Replay:AllIn"],"picked":"LessonLearned","floor":16.0}],"player_experience":435494,"relics_obtained":[{"floor":7.0,"key":"Grinning Jar"},{"floor":9.0,"key":"Akabeko"}],"event_choices":[{"cards_removed":["Pot Of Greed"],"damage_healed":5.0,"max_hp_gain":0.0,"max_hp_loss":0.0,"gold_gain":0.0,"event_name":"Bonfire Elementals","player_choice":"Offered Special","floor":13.0,"gold_loss":0.0,"damage_taken":0.0}],"is_beta":false,"boss_relics":[{"not_picked":["Velvet Choker","Pandora\u0027s Box"],"picked":"ReplayTheSpireMod:DimensionalGlitch"}],"items_purged_floors":[12],"is_endless":false,"potions_floor_spawned":[2,3,7,14],"killed_by":"3 Byrds","ascension_level":6}}