{"host":"xy5qih4nvxccm4rc","time":1613435806,"event":{"mods":["AchievementEnabler","BaseMod","Minty Spire (QoL Compilation)","StSLib"],"gold_per_floor":[109,122,6,281,23,49,49,66,66,90,126,158,170,170],"floor_reached":13,"language":"ENG","playtime":339,"items_purged":["Regret"],"score":132,"play_id":"7d450e77-cff4-42fd-bd2f-6cf08e3069b9","local_time":"20210215183646","is_ascension_mode":true,"campfire_choices":[{"data":"Storm","floor":7,"key":"SMITH"}],"circlet_count":0,"master_deck":["Strike_B","Strike_B","Strike_B","Strike_B","Defend_B","Defend_B","Defend_B","Defend_B","Zap","Dualcast","Storm","Heatsinks","Storm+1","Melter","Capacitor","Leap","Loop","Core Surge","Sweeping Beam","Turbo","Coolheaded","Cold Snap","Hello World","Reboot","Self Repair"],"relics":["Cracked Core","NeowsBlessing","Orrery","Ornamental Fan","MawBank","Odd Mushroom"],"acts_visited":["Exordium"],"potions_floor_usage":[],"damage_taken":[{"damage":0,"enemies":"Jaw Worm","floor":1,"turns":1},{"damage":0,"enemies":"Cultist","floor":2,"turns":1},{"damage":0,"enemies":"Lagavulin","floor":6,"turns":2},{"damage":10,"enemies":"Small Slimes","floor":8,"turns":3},{"damage":12,"enemies":"2 Fungi Beasts","floor":10,"turns":3},{"damage":26,"enemies":"The Mushroom Lair","floor":11,"turns":4},{"damage":9,"enemies":"Blue Slaver","floor":12,"turns":3},{"damage":24,"enemies":"3 Sentries","floor":13,"turns":3}],"seed_played":"-5872690637167893422","potions_obtained":[{"floor":1,"key":"Strength Potion"},{"floor":8,"key":"GamblersBrew"},{"floor":11,"key":"BlessingOfTheForge"}],"is_trial":false,"path_per_floor":["M","M","$","?","$","E","R","M","T","M","?","M","E"],"character_chosen":"DEFECT","items_purchased":["Storm","Melter","Capacitor","Orrery"],"campfire_rested":0,"item_purchase_floors":[3,3,5,5],"current_hp_per_floor":[75,75,75,75,75,75,75,65,65,53,27,18,0,0],"gold":170,"neow_bonus":"THREE_ENEMY_KILL","is_daily":false,"chose_seed":false,"campfire_upgraded":1,"win_rate":0.0,"timestamp":1613435806,"path_taken":["M","M","$","?","?","E","R","M","T","?","?","M","E"],"items_purchased_type":["Card","Card","Card","Relic"],"build_version":"2020-12-22","purchased_purges":1,"victory":false,"max_hp_per_floor":[75,75,75,75,75,75,75,75,75,75,75,75,75,75],"card_choices":[{"not_picked":["Steam","Chill"],"picked":"Storm","floor":1},{"not_picked":["Rebound","Steam"],"picked":"Heatsinks","floor":2},{"not_picked":["Rebound","Double Energy"],"picked":"Leap","floor":5},{"not_picked":["Barrage","Chaos"],"picked":"Loop","floor":5},{"not_picked":["Turbo","Chaos"],"picked":"Core Surge","floor":5},{"not_picked":["Rebound","Barrage"],"picked":"Sweeping Beam","floor":5},{"not_picked":["Rebound","Aggregate"],"picked":"Turbo","floor":5},{"not_picked":["Barrage","Steam Power"],"picked":"Coolheaded","floor":6},{"not_picked":["Gash","Hologram"],"picked":"Cold Snap","floor":8},{"not_picked":["Coolheaded","Cold Snap"],"picked":"Hello World","floor":10},{"not_picked":["Gash","Steam"],"picked":"Reboot","floor":11},{"not_picked":["Tempest","Rebound"],"picked":"Self Repair","floor":12}],"player_experience":337929,"relics_obtained":[{"floor":6,"key":"Ornamental Fan"},{"floor":9,"key":"MawBank"},{"floor":11,"key":"Odd Mushroom"}],"event_choices":[{"damage_healed":0,"gold_gain":275,"player_choice":"Desecrate","damage_taken":0,"max_hp_gain":0,"max_hp_loss":0,"event_name":"Golden Shrine","floor":4,"gold_loss":0,"cards_obtained":["Regret"]},{"damage_healed":0,"gold_gain":0,"player_choice":"Fought Mushrooms","damage_taken":0,"max_hp_gain":0,"max_hp_loss":0,"event_name":"Mushrooms","floor":11,"gold_loss":0}],"is_beta":false,"boss_relics":[],"items_purged_floors":[5],"is_endless":false,"potions_floor_spawned":[1,8,11],"killed_by":"3 Sentries","ascension_level":4}}