{"host":"bpdbi03e31cbjklx","time":1613506400,"event":{"mods":["BaseMod","Colored Map","Colored Powertips","Downfall","Highlight Path","Minty Spire (QoL Compilation)","StSLib","The Senshi"],"gold_per_floor":[110,123,139,139,62,62,62,62,62,62,97,114,146,165,165,269,269,283,294,314,326,338,338,338,338,416,443,443,459,459,487,487,487,487],"floor_reached":33,"language":"ENG","playtime":4346,"items_purged":[],"score":367,"play_id":"b8bb370b-b903-4ab6-befd-4f6e59ae28c7","local_time":"20210216141320","is_ascension_mode":true,"campfire_choices":[{"data":"PiercingWail","floor":6.0,"key":"SMITH"},{"data":"Neutralize","floor":8.0,"key":"SMITH"},{"data":"Blade Dance","floor":10.0,"key":"SMITH"},{"data":"Distraction","floor":15.0,"key":"SMITH"},{"floor":23,"key":"REST"},{"data":"Adrenaline","floor":25,"key":"SMITH"},{"data":"Cloak And Dagger","floor":28,"key":"SMITH"},{"data":"Cloak And Dagger","floor":30,"key":"SMITH"},{"floor":32,"key":"REST"}],"circlet_count":0,"master_deck":["Strike_G","Strike_G","Strike_G","Defend_G","Defend_G","Defend_G","Defend_G","Survivor","Neutralize+1","Dagger Spray","Flying Knee","Heel Hook","PiercingWail+1","Blade Dance+1","Prepared","Distraction+1","Backstab","Blade Dance","Cloak And Dagger+1","Cloak And Dagger+1","Corpse Explosion+1","Cloak And Dagger+1","Underhanded Strike+1","Unload+1","Backflip+1","Terror","Dodge and Roll+1","Deadly Poison+1","Adrenaline+1","Backflip+1","Choke+1","Slice","Slice","Blade Dance+1"],"relics":["Ring of the Snake","Prayer Wheel","TungstenRod","Bag of Preparation","Astrolabe","Enchiridion","Singing Bowl","Turnip","War Paint"],"acts_visited":["Exordium","TheCity"],"potions_floor_usage":[21,27,27,29],"damage_taken":[{"damage":0.0,"enemies":"Cultist","floor":1.0,"turns":4.0},{"damage":0.0,"enemies":"2 Louse","floor":2.0,"turns":3.0},{"damage":0.0,"enemies":"Small Slimes","floor":3.0,"turns":2.0},{"damage":18.0,"enemies":"3 Sentries","floor":11.0,"turns":8.0},{"damage":0.0,"enemies":"Looter","floor":12.0,"turns":3.0},{"damage":16.0,"enemies":"Lagavulin","floor":13.0,"turns":7.0},{"damage":9.0,"enemies":"Large Slime","floor":14.0,"turns":4.0},{"damage":30.0,"enemies":"The Guardian","floor":16.0,"turns":13.0},{"damage":4.0,"enemies":"Spheric Guardian","floor":18.0,"turns":3.0},{"damage":5.0,"enemies":"Shell Parasite","floor":19.0,"turns":5.0},{"damage":13.0,"enemies":"Snake Plant","floor":20.0,"turns":5.0},{"damage":9,"enemies":"Shelled Parasite and Fungi","floor":21,"turns":4},{"damage":5,"enemies":"3 Cultists","floor":22,"turns":4},{"damage":2,"enemies":"Slavers","floor":27,"turns":3},{"damage":0,"enemies":"Snecko","floor":29,"turns":5},{"damage":19,"enemies":"Book of Stabbing","floor":31,"turns":5},{"damage":86,"enemies":"Champ","floor":33,"turns":10}],"seed_played":"1262062940640396091","potions_obtained":[{"floor":2.0,"key":"Ancient Potion"},{"floor":11.0,"key":"Strength Potion"},{"floor":13.0,"key":"Weak Potion"},{"floor":14.0,"key":"EssenceOfSteel"},{"floor":18.0,"key":"LiquidMemories"},{"floor":21,"key":"BlessingOfTheForge"},{"floor":22,"key":"champ:CounterPotion"},{"floor":29,"key":"Fruit Juice"}],"is_trial":false,"path_per_floor":["M","M","M","?","$","R","?","R","T","R","E","M","E","M","R","B",null,"M","M","M","M","M","R","?","R","T","E","R","M","R","E","R","B"],"character_chosen":"THE_SILENT","items_purchased":["PiercingWail","Blade Dance"],"campfire_rested":2,"item_purchase_floors":[5,5],"current_hp_per_floor":[77,77,77,77,77,77,77,77,77,77,59,59,43,34,34,4,77,73,68,55,46,41,64,52,52,52,52,52,61,61,42,68,0,0],"gold":487,"neow_bonus":"TEN_PERCENT_HP_BONUS","is_daily":false,"chose_seed":false,"campfire_upgraded":7,"win_rate":0.0,"timestamp":1613506400,"path_taken":["M","M","M","?","$","R","?","R","T","R","E","M","E","M","R","BOSS","M","M","M","M","M","R","?","R","T","E","R","M","R","E","R","BOSS"],"items_purchased_type":["Card","Card"],"build_version":"2020-12-22","purchased_purges":0,"victory":false,"max_hp_per_floor":[77,77,77,77,77,77,77,77,77,77,77,77,77,77,77,77,77,77,77,77,77,77,77,77,77,77,79,79,88,88,88,88,88,88],"card_choices":[{"not_picked":["Acrobatics","Quick Slash"],"picked":"Dagger Spray","floor":1.0},{"not_picked":["Predator","Quick Slash"],"picked":"Flying Knee","floor":2.0},{"not_picked":["Sucker Punch","Flying Knee"],"picked":"Heel Hook","floor":3.0},{"not_picked":["Wraith Form v2","Skewer"],"picked":"Prepared","floor":11.0},{"not_picked":["Deflect","Setup"],"picked":"Distraction","floor":12.0},{"not_picked":["Flying Knee","Glass Knife"],"picked":"Backstab","floor":12.0},{"not_picked":["PiercingWail","Terror"],"picked":"Blade Dance","floor":13.0},{"not_picked":["Bane","Setup"],"picked":"Cloak And Dagger","floor":14.0},{"not_picked":["Flying Knee","Underhanded Strike"],"picked":"Cloak And Dagger","floor":14.0},{"not_picked":["Venomology","Malaise"],"picked":"Corpse Explosion","floor":16.0},{"not_picked":["Deflect+1","Bane"],"picked":"Backflip+1","floor":18.0},{"not_picked":["Prepared","Cloak And Dagger"],"picked":"Terror","floor":18.0},{"not_picked":["Dagger Spray","Backflip"],"picked":"Dodge and Roll+1","floor":19.0},{"not_picked":["Sucker Punch","Quick Slash"],"picked":"Deadly Poison+1","floor":19.0},{"not_picked":["Dagger Throw","Underhanded Strike"],"picked":"Adrenaline","floor":20},{"not_picked":["Terror","Deflect"],"picked":"Backflip","floor":20},{"not_picked":["Blade Dance","Underhanded Strike"],"picked":"Choke+1","floor":21},{"not_picked":["Prepared","All Out Attack"],"picked":"Slice","floor":21},{"not_picked":["Dagger Throw+1","Deflect"],"picked":"Slice","floor":22},{"not_picked":["Underhanded Strike","Crippling Poison","All Out Attack"],"picked":"SKIP","floor":22},{"not_picked":["Dagger Spray","Doppelganger","Slice"],"picked":"Singing Bowl","floor":27},{"not_picked":["Outmaneuver","Crippling Poison","Bane+1"],"picked":"Singing Bowl","floor":29},{"not_picked":["Well Laid Plans","Flying Knee","Acrobatics"],"picked":"Singing Bowl","floor":29},{"not_picked":["Flechettes","Noxious Fumes"],"picked":"Blade Dance+1","floor":31}],"player_experience":409608,"relics_obtained":[{"floor":11.0,"key":"TungstenRod"},{"floor":13.0,"key":"Bag of Preparation"},{"floor":24,"key":"Enchiridion"},{"floor":26,"key":"Singing Bowl"},{"floor":27,"key":"Turnip"},{"floor":31,"key":"War Paint"}],"event_choices":[{"damage_healed":0.0,"max_hp_gain":0.0,"max_hp_loss":0.0,"gold_gain":0.0,"event_name":"Golden Wing","player_choice":"Ignored","floor":4.0,"gold_loss":0.0,"damage_taken":0.0},{"damage_healed":0.0,"max_hp_gain":0.0,"max_hp_loss":0.0,"gold_gain":0.0,"event_name":"Dead Adventurer","player_choice":"Searched \u00271\u0027 times","floor":7.0,"gold_loss":0.0,"damage_taken":0.0,"relics_obtained":["Prayer Wheel"]},{"damage_healed":0,"gold_gain":0,"player_choice":"Obtained Book","damage_taken":16,"max_hp_gain":0,"max_hp_loss":0,"event_name":"Cursed Tome","floor":24,"gold_loss":0}],"is_beta":false,"boss_relics":[{"not_picked":["Runic Dome","Coffee Dripper"],"picked":"Astrolabe"}],"items_purged_floors":[],"is_endless":false,"potions_floor_spawned":[2,11,13,14,18,21,22,29],"killed_by":"Champ","ascension_level":3}}