{"host":"82qk6ob05uum3zoi","time":1613434649,"event":{"mods":["BaseMod","BetterRewards","Minty Spire (QoL Compilation)","Reliquary","StSLib","The Cursed"],"gold_per_floor":[115,133,56,56,66,66,96,96,148,175,30,30,85,117,117,220,220,237,152,152,165,184,184,211,211,211,223,223,254,254,288,288,384,384,399,414,214,436,446,446,480,490,490,521,534,553,73,73,73],"floor_reached":48,"language":"ENG","playtime":2592,"items_purged":[],"score":682,"play_id":"1b4e4108-24eb-424f-8aef-13e42a5e941f","local_time":"20210216131728","is_ascension_mode":true,"campfire_choices":[{"floor":6,"key":"RECALL"},{"data":"Backstab","floor":8,"key":"SMITH"},{"data":"Noxious Fumes","floor":12,"key":"SMITH"},{"floor":15,"key":"REST"},{"floor":23,"key":"REST"},{"data":"Glass Knife","floor":25,"key":"SMITH"},{"floor":30,"key":"REST"},{"data":"RitualDagger","floor":32,"key":"SMITH"},{"floor":40,"key":"REST"}],"circlet_count":0,"master_deck":["Strike_G","Strike_G","Strike_G","Strike_G","Strike_G","Defend_G","Defend_G","Defend_G","Defend_G","Defend_G","Survivor","Neutralize","Noxious Fumes+1","Blur","Backstab+1","Dash","Leg Sweep","Catalyst","Glass Knife+1","Dagger Spray","Slice","PiercingWail+1","Catalyst+1","RitualDagger+1","Poisoned Stab+1","Cloak And Dagger+1","Die Die Die+1","Poisoned Stab+1","Deadly Poison","Quick Slash+1","Backstab+1","Terror+1","Sucker Punch+1","The Bomb"],"relics":["Ring of the Snake","reliquary:RosewoodLute","reliquary:RadioactivePellet","Lee\u0027s Waffle","reliquary:OuijaBoard","Shuriken","Velvet Choker","InkBottle","reliquary:Boomerang","Red Mask","Molten Egg 2","reliquary:RedPaperclip","TwistedFunnel","Unceasing Top","Frozen Egg 2","reliquary:Sideboard","Torii"],"acts_visited":["Exordium","TheCity","TheBeyond"],"potions_floor_usage":[7,10,13,13,13,16,33,33,41,41,44,44],"damage_taken":[{"damage":0,"enemies":"2 Louse","floor":1,"turns":3},{"damage":0,"enemies":"Jaw Worm","floor":2,"turns":7},{"damage":0,"enemies":"Cultist","floor":5,"turns":4},{"damage":18,"enemies":"Gremlin Nob","floor":7,"turns":6},{"damage":32,"enemies":"Lagavulin","floor":10,"turns":7},{"damage":25,"enemies":"Lagavulin Event","floor":13,"turns":7},{"damage":24,"enemies":"Gremlin Nob","floor":14,"turns":6},{"damage":3,"enemies":"The Guardian","floor":16,"turns":10},{"damage":0,"enemies":"Shell Parasite","floor":18,"turns":5},{"damage":7,"enemies":"Chosen","floor":21,"turns":3},{"damage":19,"enemies":"Centurion and Healer","floor":22,"turns":8},{"damage":14,"enemies":"Slavers","floor":24,"turns":6},{"damage":0,"enemies":"Snecko","floor":27,"turns":5},{"damage":10,"enemies":"Masked Bandits","floor":29,"turns":4},{"damage":0,"enemies":"Gremlin Leader","floor":31,"turns":6},{"damage":38,"enemies":"Champ","floor":33,"turns":8},{"damage":4,"enemies":"Orb Walker","floor":35,"turns":3},{"damage":16,"enemies":"3 Shapes","floor":36,"turns":4},{"damage":15,"enemies":"Maw","floor":39,"turns":6},{"damage":30,"enemies":"Reptomancer","floor":41,"turns":5},{"damage":0,"enemies":"Writhing Mass","floor":42,"turns":3},{"damage":20,"enemies":"Giant Head","floor":44,"turns":6},{"damage":24,"enemies":"3 Darklings","floor":45,"turns":3},{"damage":18,"enemies":"Spire Growth","floor":46,"turns":4},{"damage":19,"enemies":"4 Shapes","floor":48,"turns":2}],"seed_played":"2588681884167033833","potions_obtained":[{"floor":5,"key":"SteroidPotion"},{"floor":7,"key":"Swift Potion"},{"floor":10,"key":"EntropicBrew"},{"floor":14,"key":"GamblersBrew"},{"floor":21,"key":"Swift Potion"},{"floor":22,"key":"FearPotion"},{"floor":24,"key":"CunningPotion"},{"floor":33,"key":"Weak Potion"},{"floor":35,"key":"FairyPotion"},{"floor":36,"key":"FearPotion"},{"floor":41,"key":"Weak Potion"},{"floor":42,"key":"AttackPotion"}],"is_trial":false,"path_per_floor":["M","M","$","?","M","R","E","R","T","E","$","R","?","E","R","B",null,"M","?","?","M","M","R","E","R","T","M","?","?","R","E","R","B",null,"M","M","$","?","M","R","E","M","T","E","M","M","$","M"],"character_chosen":"THE_SILENT","items_purchased":["Backstab","Lee\u0027s Waffle","TwistedFunnel","Quick Slash+1","Torii","The Bomb"],"campfire_rested":4,"item_purchase_floors":[3,11,37,37,47,47],"current_hp_per_floor":[77,77,77,82,82,82,64,64,64,32,89,89,64,40,66,63,89,89,89,89,82,63,89,75,75,75,75,69,59,85,85,85,47,89,85,69,69,69,54,80,50,50,50,30,6,14,14,0,0],"gold":73,"neow_bonus":"TEN_PERCENT_HP_BONUS","is_daily":false,"chose_seed":false,"campfire_upgraded":4,"win_rate":0.0,"timestamp":1613434648,"path_taken":["M","M","$","?","M","R","E","R","T","E","$","R","?","E","R","BOSS","M","?","?","M","M","R","E","R","T","?","?","?","R","E","R","BOSS","M","M","$","?","M","R","E","M","T","E","M","M","$","M"],"items_purchased_type":["Card","Relic","Relic","Card","Relic","Card"],"build_version":"2020-12-22","purchased_purges":0,"victory":false,"max_hp_per_floor":[77,77,77,82,82,82,82,82,82,82,89,89,89,89,89,89,89,89,89,89,89,89,89,89,89,89,89,89,89,89,89,89,89,89,89,89,89,89,89,89,89,89,89,89,89,89,89,89,89],"card_choices":[{"not_picked":["Underhanded Strike","Acrobatics"],"picked":"Noxious Fumes","floor":1},{"not_picked":["Endless Agony","Acrobatics"],"picked":"Blur","floor":2},{"not_picked":["Slice","Distraction"],"picked":"Dash","floor":5},{"not_picked":["Slice","Bouncing Flask"],"picked":"Leg Sweep","floor":7},{"not_picked":["Tools of the Trade","Underhanded Strike"],"picked":"Catalyst","floor":10},{"not_picked":["Calculated Gamble","Masterful Stab","Flechettes"],"picked":"SKIP","floor":14},{"not_picked":["Doppelganger","After Image"],"picked":"Glass Knife","floor":16},{"not_picked":["Outmaneuver","Cloak And Dagger"],"picked":"Dagger Spray","floor":18},{"not_picked":["Dagger Throw","Choke"],"picked":"Slice","floor":21},{"not_picked":["Tactician+1","Slice"],"picked":"PiercingWail+1","floor":22},{"not_picked":["Finisher","Setup"],"picked":"Catalyst+1","floor":24},{"not_picked":["Phantasmal Killer","Concentrate","Accuracy"],"picked":"SKIP","floor":27},{"not_picked":["Bane","Expertise"],"picked":"Poisoned Stab+1","floor":29},{"not_picked":["Acrobatics","Dodge and Roll"],"picked":"Cloak And Dagger+1","floor":31},{"not_picked":["Adrenaline","Phantasmal Killer"],"picked":"Die Die Die+1","floor":33},{"not_picked":["Prepared+1","Deflect"],"picked":"Poisoned Stab+1","floor":35},{"not_picked":["Cloak And Dagger+1","Blur+1"],"picked":"Deadly Poison","floor":36},{"not_picked":["Cloak And Dagger+1","Backflip"],"picked":"Backstab+1","floor":39},{"not_picked":["Riddle With Holes+1","Blade Dance"],"picked":"Terror+1","floor":41},{"not_picked":["Dodge and Roll","Cloak And Dagger"],"picked":"Sucker Punch+1","floor":42},{"not_picked":["Prepared","Caltrops+1"],"picked":"Die Die Die+1","floor":44},{"not_picked":["Choke+1","Dagger Throw+1"],"picked":"Bouncing Flask","floor":45},{"not_picked":["Deflect","Dagger Spray+1"],"picked":"Poisoned Stab+1","floor":46}],"player_experience":440230,"relics_obtained":[{"floor":7,"key":"reliquary:RosewoodLute"},{"floor":9,"key":"reliquary:RadioactivePellet"},{"floor":10,"key":"reliquary:NewFriend"},{"floor":13,"key":"reliquary:OuijaBoard"},{"floor":14,"key":"Shuriken"},{"floor":24,"key":"reliquary:Boomerang"},{"floor":29,"key":"Red Mask"},{"floor":31,"key":"Molten Egg 2"},{"floor":41,"key":"Unceasing Top"},{"floor":43,"key":"Frozen Egg 2"},{"floor":44,"key":"reliquary:Sideboard"}],"event_choices":[{"damage_healed":0,"gold_gain":0,"player_choice":"Donut","damage_taken":0,"max_hp_gain":5,"max_hp_loss":0,"event_name":"Big Fish","floor":4,"gold_loss":0},{"damage_healed":0,"gold_gain":0,"player_choice":"Searched \u00271\u0027 times","damage_taken":0,"max_hp_gain":0,"max_hp_loss":0,"event_name":"Dead Adventurer","floor":13,"gold_loss":0},{"damage_healed":0,"gold_gain":0,"player_choice":"Obtained Relic","damage_taken":0,"relics_obtained":["Bag of Marbles"],"max_hp_gain":0,"max_hp_loss":0,"event_name":"Addict","floor":19,"gold_loss":85},{"damage_healed":0,"gold_gain":0,"player_choice":"Gave Potion","damage_taken":0,"relics_obtained":["InkBottle"],"max_hp_gain":0,"max_hp_loss":0,"event_name":"WeMeetAgain","floor":20,"gold_loss":0},{"damage_healed":0,"gold_gain":0,"player_choice":"Joined the Cult","damage_taken":6,"max_hp_gain":0,"max_hp_loss":0,"event_name":"Nest","floor":28,"gold_loss":0,"cards_obtained":["RitualDagger"]},{"damage_healed":0,"gold_gain":0,"player_choice":"Fought Bandits","damage_taken":0,"max_hp_gain":0,"max_hp_loss":0,"event_name":"Masked Bandits","floor":29,"gold_loss":0},{"damage_healed":0,"gold_gain":222,"player_choice":"Wore Mask","damage_taken":0,"max_hp_gain":0,"max_hp_loss":0,"event_name":"Tomb of Lord Red Mask","floor":38,"gold_loss":0}],"is_beta":false,"boss_relics":[{"not_picked":["reliquary:RedCape","reliquary:RustamsPendant"],"picked":"Velvet Choker"},{"not_picked":["Ring of the Serpent","Snecko Eye"],"picked":"reliquary:RedPaperclip"}],"items_purged_floors":[],"is_endless":false,"potions_floor_spawned":[5,7,10,14,21,22,24,33,35,36,41,42],"killed_by":"4 Shapes","ascension_level":3}}