{"host":"prxrhpgaxnj4om9r","time":1613443181,"event":{"mods":["AchievementEnabler","BaseMod","Colored Map","DeckTracker","Minty Spire (QoL Compilation)"],"gold_per_floor":[111,111,111,131,131,161,161,177,177,73,101,111,129,164,164,261,261,271,271,271,271,285,285,285,285,309,336,350,380,181,228,228,326,326,339,389,16,35,35,61,61,61],"floor_reached":41,"language":"KOR","playtime":1756,"items_purged":["Strike_R"],"score":600,"play_id":"d19d8f8c-3581-4cbf-ba29-233af8a01082","local_time":"20210216113941","is_ascension_mode":true,"campfire_choices":[{"data":"Spot Weakness","floor":7,"key":"SMITH"},{"data":"Corruption","floor":15,"key":"SMITH"},{"data":"RitualDagger","floor":23,"key":"SMITH"},{"data":"Dark Embrace","floor":25,"key":"SMITH"},{"floor":32,"key":"REST"}],"circlet_count":0,"master_deck":["Strike_R","Strike_R","Strike_R","Strike_R","Defend_R","Defend_R","Defend_R","Bash","Carnage","Spot Weakness+1","Battle Trance","Hemokinesis","Flame Barrier","Shrug It Off","Sword Boomerang","Clash","Flex","Corruption+1","Impervious","Fire Breathing+1","Dark Embrace+1","RitualDagger+1","Seeing Red+1","Warcry+1","Wild Strike","Intimidate","Demon Form","Rupture+1","Dropkick","Cleave+1","Clash+1"],"relics":["Black Blood","NeowsBlessing","Pen Nib","Smiling Mask","Darkstone Periapt","Toy Ornithopter","Mercury Hourglass","SlaversCollar","Dream Catcher","Mango","MealTicket","Bag of Marbles","Regal Pillow","TungstenRod","Self Forming Clay","Potion Belt","PreservedInsect"],"acts_visited":["Exordium","TheCity","TheBeyond"],"potions_floor_usage":[11,11,14,16,18,27,28,28,28,29,33,33,38],"damage_taken":[{"damage":0,"enemies":"Small Slimes","floor":1,"turns":1},{"damage":0,"enemies":"Cultist","floor":4,"turns":1},{"damage":0,"enemies":"Gremlin Nob","floor":6,"turns":1},{"damage":14,"enemies":"Jaw Worm","floor":8,"turns":2},{"damage":12,"enemies":"Lagavulin","floor":11,"turns":3},{"damage":8,"enemies":"Lots of Slimes","floor":12,"turns":3},{"damage":0,"enemies":"Exordium Wildlife","floor":13,"turns":3},{"damage":12,"enemies":"3 Sentries","floor":14,"turns":4},{"damage":47,"enemies":"The Guardian","floor":16,"turns":6},{"damage":3,"enemies":"3 Byrds","floor":18,"turns":4},{"damage":0,"enemies":"Chosen","floor":22,"turns":4},{"damage":45,"enemies":"Gremlin Leader","floor":27,"turns":7},{"damage":48,"enemies":"Snake Plant","floor":28,"turns":4},{"damage":25,"enemies":"Book of Stabbing","floor":29,"turns":4},{"damage":79,"enemies":"Collector","floor":33,"turns":8},{"damage":12,"enemies":"Orb Walker","floor":35,"turns":3},{"damage":14,"enemies":"Mind Bloom Boss Battle","floor":36,"turns":6},{"damage":1,"enemies":"3 Shapes","floor":38,"turns":3},{"damage":76,"enemies":"Giant Head","floor":40,"turns":7},{"damage":35,"enemies":"Transient","floor":41,"turns":3}],"seed_played":"7973203058712790199","potions_obtained":[{"floor":5,"key":"SteroidPotion"},{"floor":5,"key":"Explosive Potion"},{"floor":5,"key":"Swift Potion"},{"floor":6,"key":"BloodPotion"},{"floor":12,"key":"Dexterity Potion"},{"floor":13,"key":"EntropicBrew"},{"floor":14,"key":"Ancient Potion"},{"floor":16,"key":"EssenceOfSteel"},{"floor":18,"key":"Regen Potion"},{"floor":27,"key":"BlessingOfTheForge"},{"floor":38,"key":"Weak Potion"},{"floor":40,"key":"Strength Potion"}],"is_trial":false,"path_per_floor":["M","?","?","M","?","E","R","M","T","$","E","M","M","E","R","B",null,"M","$","?","?","M","R","?","R","T","E","M","E","$","T","R","B",null,"M","?","$","M","?","E","M"],"character_chosen":"IRONCLAD","items_purchased":["Shrug It Off","Bag of Marbles","Wild Strike","Self Forming Clay","Dropkick","Energy Potion"],"campfire_rested":1,"item_purchase_floors":[10,30,30,37,37,37],"current_hp_per_floor":[80,77,77,80,80,80,80,72,72,72,66,64,70,69,69,49,80,80,80,80,74,80,80,80,80,80,72,45,31,46,46,89,26,94,94,92,94,94,94,30,0,0],"gold":61,"neow_bonus":"THREE_ENEMY_KILL","is_daily":false,"chose_seed":false,"campfire_upgraded":4,"win_rate":0.0,"timestamp":1613443181,"path_taken":["M","?","?","M","?","E","R","M","T","$","E","M","?","E","R","BOSS","M","?","?","?","M","R","?","R","T","E","?","E","$","?","R","BOSS","M","?","$","M","?","E","?"],"items_purchased_type":["Card","Relic","Card","Relic","Card","Potion"],"build_version":"2020-12-22","purchased_purges":1,"victory":false,"max_hp_per_floor":[80,80,80,80,80,80,80,80,80,80,80,80,80,80,80,80,80,80,80,80,80,80,80,80,80,80,94,94,94,94,94,94,94,94,94,94,94,94,94,94,94,94],"card_choices":[{"not_picked":["Headbutt","Thunderclap"],"picked":"Carnage","floor":1},{"not_picked":["Anger","Second Wind"],"picked":"Battle Trance","floor":4},{"not_picked":["Thunderclap","Shockwave"],"picked":"Hemokinesis","floor":6},{"not_picked":["Twin Strike","Metallicize"],"picked":"Flame Barrier","floor":8},{"not_picked":["Combust","Headbutt"],"picked":"Sword Boomerang","floor":11},{"not_picked":["Thunderclap","Perfected Strike"],"picked":"Clash","floor":12},{"not_picked":["Rupture","Whirlwind"],"picked":"Flex","floor":13},{"not_picked":["Iron Wave","Anger"],"picked":"Corruption","floor":14},{"not_picked":["Demon Form","Bludgeon"],"picked":"Impervious","floor":16},{"not_picked":["Warcry","Pommel Strike"],"picked":"Fire Breathing+1","floor":18},{"not_picked":["Havoc","Dual Wield","Spot Weakness"],"picked":"SKIP","floor":22},{"not_picked":["Anger","Pommel Strike"],"picked":"Seeing Red+1","floor":27},{"not_picked":["Sentinel","Dual Wield","Shockwave"],"picked":"SKIP","floor":28},{"not_picked":["Thunderclap","Iron Wave"],"picked":"Warcry+1","floor":29},{"not_picked":["Body Slam","Sword Boomerang"],"picked":"Intimidate","floor":32},{"not_picked":["Brutality","Double Tap"],"picked":"Demon Form","floor":33},{"not_picked":["Headbutt","Clothesline","Clash"],"picked":"SKIP","floor":35},{"not_picked":["Flex+1","Dual Wield"],"picked":"Rupture+1","floor":36},{"not_picked":["Flex+1","Rupture"],"picked":"Cleave+1","floor":38},{"not_picked":["Headbutt+1","Rupture"],"picked":"Clash+1","floor":40}],"player_experience":470369,"relics_obtained":[{"floor":6,"key":"Smiling Mask"},{"floor":9,"key":"Darkstone Periapt"},{"floor":11,"key":"Toy Ornithopter"},{"floor":14,"key":"Mercury Hourglass"},{"floor":26,"key":"Dream Catcher"},{"floor":27,"key":"Mango"},{"floor":29,"key":"MealTicket"},{"floor":31,"key":"Regal Pillow"},{"floor":36,"key":"TungstenRod"},{"floor":40,"key":"PreservedInsect"}],"event_choices":[{"damage_healed":0,"gold_gain":0,"player_choice":"Success","damage_taken":3,"relics_obtained":["Pen Nib"],"max_hp_gain":0,"max_hp_loss":0,"event_name":"Scrap Ooze","floor":2,"gold_loss":0},{"damage_healed":0,"gold_gain":0,"cards_transformed":["Defend_R"],"player_choice":"Change","damage_taken":0,"max_hp_gain":0,"max_hp_loss":0,"event_name":"Living Wall","floor":3,"gold_loss":0,"cards_obtained":["Spot Weakness"]},{"damage_healed":0,"gold_gain":0,"player_choice":"Got Potions","damage_taken":0,"max_hp_gain":0,"max_hp_loss":0,"event_name":"Lab","floor":5,"gold_loss":0},{"damage_healed":0,"gold_gain":0,"player_choice":"Read","damage_taken":0,"max_hp_gain":0,"max_hp_loss":0,"event_name":"The Library","floor":20,"gold_loss":0,"cards_obtained":["Dark Embrace"]},{"damage_healed":0,"gold_gain":0,"player_choice":"Joined the Cult","damage_taken":6,"max_hp_gain":0,"max_hp_loss":0,"event_name":"Nest","floor":21,"gold_loss":0,"cards_obtained":["RitualDagger"]},{"damage_healed":0,"gold_gain":0,"player_choice":"Ignored","damage_taken":0,"max_hp_gain":0,"max_hp_loss":0,"event_name":"Ghosts","floor":24,"gold_loss":0},{"damage_healed":0,"gold_gain":0,"player_choice":"Fight","damage_taken":0,"max_hp_gain":0,"max_hp_loss":0,"event_name":"MindBloom","floor":36,"gold_loss":0},{"damage_healed":0,"gold_gain":0,"player_choice":"Gave Potion","damage_taken":0,"relics_obtained":["Potion Belt"],"max_hp_gain":0,"max_hp_loss":0,"event_name":"WeMeetAgain","floor":39,"gold_loss":0}],"is_beta":false,"boss_relics":[{"not_picked":["Empty Cage","Runic Pyramid"],"picked":"SlaversCollar"},{"not_picked":["Sozu","Runic Cube"],"picked":"Black Blood"}],"items_purged_floors":[10],"is_endless":false,"potions_floor_spawned":[6,12,13,14,16,18,27,38,40],"killed_by":"Transient","ascension_level":4}}