{"host":"3j2m8n0ywf988fwb","time":1613507594,"event":{"mods":["2.2 Compatiblity","AchievementEnabler","Act Like it!","BaseMod","Better Altar","Better Match","Better Note","Better Sensory Stone","Better Skull","Better Third Choice","Colored Map","Colored Powertips","Dark Map","Hallownest","HexUI Lib","Highlight Path","Marked Mod","Mimic Mod","Minty Spire (QoL Compilation)","Random Character Button","Relic Stats","Robot Space Explorer","Ruina","Shapeshifter Mod","Shop Mod","Somnambulant","StSLib","The Bug Knight","The Servant 0.9.4","Unceasing Turn Reminder","Weighted Paths","everything is the same but u backflip on backflip"],"gold_per_floor":[19,19,19,0,13,13,27,65,89,14,45,64,64,64,64,195,195,215,315,315,315,38,38,76,94,94,112,74,74,74],"floor_reached":29,"language":"ENG","playtime":1208,"items_purged":["Strike_R","Strike_R"],"score":295,"play_id":"23857789-43b5-4109-b71a-103a71d96fb8","local_time":"20210216143314","is_ascension_mode":true,"campfire_choices":[{"data":"Disarm","floor":6,"key":"SMITH"},{"data":"True Grit","floor":13,"key":"SMITH"},{"data":"Panache","floor":15,"key":"SMITH"},{"data":"Fire Breathing","floor":23,"key":"SMITH"}],"circlet_count":0,"master_deck":["Strike_R","Strike_R","Strike_R","Defend_R","Defend_R","Defend_R","Defend_R","Bash","Disarm+1","Injury","Disarm","Fire Breathing+1","Anger","True Grit+1","Rage","Panache+1","Double Tap","Doubt","Writhe","Anger","Havoc+1","Anger"],"relics":["Burning Blood","CaptainsWheel","Golden Idol","betterThird:SlimedRelic","Blood Vial","Oddly Smooth Stone","PreservedInsect","Black Star","The Courier","ruina:Goodbye","Bottled Tornado","Anchor","HornCleat","Meat on the Bone"],"acts_visited":["Exordium","ruina:Briah"],"potions_floor_usage":[12,16,24,27,29],"damage_taken":[{"damage":12,"enemies":"Jaw Worm","floor":1,"turns":2},{"damage":10,"enemies":"Small Slimes","floor":5,"turns":4},{"damage":4,"enemies":"2 Louse","floor":7,"turns":4},{"damage":38,"enemies":"Gremlin Nob","floor":8,"turns":5},{"damage":14,"enemies":"3 Sentries","floor":11,"turns":7},{"damage":0,"enemies":"Red Slaver","floor":12,"turns":5},{"damage":14,"enemies":"Slime Boss","floor":16,"turns":10},{"damage":10,"enemies":"ruina:2_Scarecrows","floor":18,"turns":7},{"damage":53,"enemies":"ruina:RoadHome","floor":24,"turns":7},{"damage":23,"enemies":"ruina:3_Bats","floor":25,"turns":7},{"damage":10,"enemies":"ruina:KingOfGreed","floor":27,"turns":6},{"damage":41,"enemies":"ruina:Mountain","floor":29,"turns":5}],"seed_played":"4048714874894126651","potions_obtained":[{"floor":1,"key":"FearPotion"},{"floor":8,"key":"ElixirPotion"},{"floor":11,"key":"SkillPotion"},{"floor":12,"key":"EssenceOfSteel"},{"floor":18,"key":"DuplicationPotion"},{"floor":24,"key":"BloodPotion"},{"floor":27,"key":"Dexterity Potion"}],"is_trial":false,"path_per_floor":["M","$","?","?","M","R","M","E","T","$","E","M","R","?","R","B",null,"M","?","?","?","$","R","E","M","T","M","$","E"],"character_chosen":"IRONCLAD","items_purchased":["Bottled Tornado","Anger"],"campfire_rested":0,"item_purchase_floors":[22,28],"current_hp_per_floor":[74,74,74,63,59,59,61,29,29,29,23,31,31,31,31,25,80,76,68,68,68,68,68,23,8,8,34,34,0,0],"gold":74,"neow_bonus":"ONE_RARE_RELIC","is_daily":false,"chose_seed":false,"campfire_upgraded":4,"win_rate":0.0,"timestamp":1613507594,"path_taken":["M","$","?","?","M","R","M","E","T","?","E","M","R","?","R","BOSS","M","?","?","?","$","R","E","M","T","?","?","E"],"items_purchased_type":["Relic","Card"],"build_version":"2020-12-22","purchased_purges":2,"victory":false,"max_hp_per_floor":[80,80,80,80,80,80,80,80,80,80,80,80,80,80,80,80,80,80,80,80,80,80,80,80,80,80,80,80,80,80],"relic_stats":{"Blood Vial":14,"counters":[12,69],"Golden Idol":70,"PreservedInsect":65,"Black Star":1,"obtain_stats":[{"Golden Idol":3,"Oddly Smooth Stone":9,"PreservedInsect":11,"The Courier":20,"Bottled Tornado":22,"Burning Blood":0,"Blood Vial":8,"Frozen Eye":18,"CaptainsWheel":0,"Anchor":24,"HornCleat":24,"betterThird:SlimedRelic":4,"ruina:Goodbye":21,"Black Star":17,"Meat on the Bone":26},{"Golden Idol":1,"Oddly Smooth Stone":4,"PreservedInsect":5,"The Courier":8,"Bottled Tornado":8,"Burning Blood":0,"Blood Vial":4,"Frozen Eye":7,"CaptainsWheel":0,"Anchor":9,"HornCleat":9,"betterThird:SlimedRelic":1,"ruina:Goodbye":8,"Black Star":7,"Meat on the Bone":10},{"Golden Idol":2,"Oddly Smooth Stone":15,"PreservedInsect":22,"The Courier":44,"Bottled Tornado":44,"Burning Blood":0,"Blood Vial":15,"Frozen Eye":37,"CaptainsWheel":0,"Anchor":51,"HornCleat":51,"betterThird:SlimedRelic":2,"ruina:Goodbye":44,"Black Star":37,"Meat on the Bone":58}],"Burning Blood":66,"Meat on the Bone":12},"card_choices":[{"not_picked":["Rage","True Grit"],"picked":"Disarm","floor":1},{"not_picked":["Iron Wave","Sever Soul"],"picked":"Disarm","floor":5},{"not_picked":["Shockwave","Pommel Strike"],"picked":"Fire Breathing","floor":7},{"not_picked":["Shrug It Off","Clash"],"picked":"Anger","floor":8},{"not_picked":["Blood for Blood","Bloodletting"],"picked":"True Grit","floor":11},{"not_picked":["Flex","Flame Barrier"],"picked":"Rage","floor":12},{"not_picked":["Apotheosis","Flash of Steel"],"picked":"Panache","floor":14},{"not_picked":["Immolate","Exhume"],"picked":"Double Tap","floor":16},{"not_picked":["Clash","Wild Strike","Heavy Blade"],"picked":"SKIP","floor":18},{"not_picked":["Clash","Carnage","Bludgeon"],"picked":"SKIP","floor":24},{"not_picked":["Fire Breathing","Clothesline"],"picked":"Anger","floor":25},{"not_picked":["Fire Breathing","Burning Pact"],"picked":"Havoc+1","floor":27}],"player_experience":982812,"relics_obtained":[{"floor":8,"key":"Blood Vial"},{"floor":9,"key":"Oddly Smooth Stone"},{"floor":11,"key":"PreservedInsect"},{"floor":24,"key":"Anchor"},{"floor":24,"key":"HornCleat"},{"floor":26,"key":"Meat on the Bone"}],"event_choices":[{"damage_healed":0,"gold_gain":0,"player_choice":"Take Wound","damage_taken":0,"relics_obtained":["Golden Idol"],"max_hp_gain":0,"max_hp_loss":0,"event_name":"Golden Idol","floor":3,"gold_loss":0,"cards_obtained":["Injury"]},{"damage_healed":0,"gold_gain":0,"player_choice":"Slimed","damage_taken":11,"max_hp_gain":0,"max_hp_loss":0,"event_name":"betterThird:BetterGoop","floor":4,"gold_loss":19},{"damage_healed":0,"gold_gain":1,"player_choice":"1","damage_taken":0,"max_hp_gain":0,"max_hp_loss":0,"event_name":"betterStone:BetterStone","floor":14,"gold_loss":0}],"is_beta":false,"boss_relics":[{"not_picked":["Astrolabe","Velvet Choker"],"picked":"Black Star"}],"items_purged_floors":[10,22],"is_endless":false,"potions_floor_spawned":[1,8,11,12,18,24,27],"killed_by":"ruina:Mountain","ascension_level":4}}