{"host":"sc0o2qwpf9j16a4i","time":1613486652,"event":{"mods":["AchievementEnabler","BaseMod","BetterRewards","Block Reminder","Colored Map","Colored Powertips","Custom Start","Highlight Path","Minty Spire (QoL Compilation)","Relic Stats"],"gold_per_floor":[116,40,40,56,73,73,105,105,105,120,146,146,161,173,173,275,275,290,290,300,29,48,48,66,66,66,92,19,39,39,56,56,155,155,165,175,175,175,189,189,223,223,232,232,255,278,73,98,98,107],"floor_reached":51,"language":"ENG","playtime":1263,"items_purged":[],"score":926,"play_id":"8c97d951-7ded-47b9-b216-e21d7ce1bebe","local_time":"20210216164412","daily_mods":["Cursed Run","Uncertain Future","Lethality"],"is_ascension_mode":false,"campfire_choices":[{"data":"Warcry","floor":6.0,"key":"SMITH"},{"data":"Limit Break","floor":8,"key":"SMITH"},{"data":"Clothesline","floor":15,"key":"SMITH"},{"data":"Evolve","floor":23,"key":"SMITH"},{"data":"True Grit","floor":30,"key":"SMITH"},{"data":"Armaments","floor":32,"key":"SMITH"},{"data":"Limit Break","floor":40,"key":"SMITH"},{"data":"Feel No Pain","floor":42,"key":"SMITH"},{"data":"Enlightenment","floor":49,"key":"SMITH"}],"circlet_count":0,"master_deck":["Strike_R","Strike_R","Strike_R","Strike_R","Strike_R","Defend_R+1","Defend_R","Defend_R","Defend_R","Bash","Warcry+1","Blood for Blood","Regret","Shrug It Off+1","Sword Boomerang","Limit Break+1","Writhe","Clothesline+1","Normality","Double Tap","Spot Weakness","Writhe","Reaper","Heavy Blade+1","Warcry","Evolve+1","Dual Wield","Burning Pact+1","True Grit+1","Pain","Feel No Pain+1","Shockwave","Immolate","Armaments+1","Clumsy","Limit Break+1","Havoc+1","Enlightenment+1","Jack Of All Trades","Dramatic Entrance","Dual Wield+1","True Grit+1","Injury","Battle Trance","Havoc+1","Fire Breathing","Parasite"],"relics":["Cursed Key","Darkstone Periapt","Du-Vu Doll","Kunai","War Paint","Shuriken","Bronze Scales","Pen Nib","Black Star","Enchiridion","Pocketwatch","Smiling Mask","Tiny Chest","Mark of Pain","CeramicFish","Mummified Hand","White Beast Statue","Bag of Preparation"],"acts_visited":["Exordium","TheCity","TheBeyond"],"potions_floor_usage":[7,7,16,22,27,27,27,27,33,41,46,50,50,50,50,50,50],"damage_taken":[{"damage":0.0,"enemies":"2 Louse","floor":1.0,"turns":2.0},{"damage":4.0,"enemies":"Small Slimes","floor":4.0,"turns":2.0},{"damage":2.0,"enemies":"Cultist","floor":5.0,"turns":2.0},{"damage":1,"enemies":"3 Sentries","floor":7,"turns":4},{"damage":0,"enemies":"2 Fungi Beasts","floor":10,"turns":2},{"damage":23,"enemies":"Gremlin Gang","floor":13,"turns":4},{"damage":0,"enemies":"3 Louse","floor":14,"turns":2},{"damage":52,"enemies":"Hexaghost","floor":16,"turns":5},{"damage":19,"enemies":"Chosen","floor":18,"turns":2},{"damage":13,"enemies":"Spheric Guardian","floor":20,"turns":3},{"damage":0,"enemies":"Centurion and Healer","floor":22,"turns":3},{"damage":28,"enemies":"Shelled Parasite and Fungi","floor":24,"turns":4},{"damage":24,"enemies":"Gremlin Leader","floor":27,"turns":4},{"damage":23,"enemies":"Sentry and Sphere","floor":29,"turns":4},{"damage":18,"enemies":"3 Cultists","floor":31,"turns":3},{"damage":77,"enemies":"Champ","floor":33,"turns":8},{"damage":29,"enemies":"3 Shapes","floor":35,"turns":6},{"damage":14,"enemies":"Orb Walker","floor":36,"turns":4},{"damage":42,"enemies":"Writhing Mass","floor":39,"turns":5},{"damage":18,"enemies":"Reptomancer","floor":41,"turns":4},{"damage":13,"enemies":"Sphere and 2 Shapes","floor":45,"turns":3},{"damage":37,"enemies":"4 Shapes","floor":46,"turns":3},{"damage":25,"enemies":"Maw","floor":48,"turns":6},{"damage":76,"enemies":"Awakened One","floor":50,"turns":6}],"seed_played":"2620940108038093737","potions_obtained":[{"floor":1.0,"key":"BlessingOfTheForge"},{"floor":5.0,"key":"DuplicationPotion"},{"floor":13,"key":"BloodPotion"},{"floor":18,"key":"EntropicBrew"},{"floor":27,"key":"PowerPotion"},{"floor":33,"key":"ElixirPotion"},{"floor":39,"key":"Swift Potion"},{"floor":45,"key":"Explosive Potion"},{"floor":46,"key":"EntropicBrew"}],"is_trial":true,"path_per_floor":["M","$","?","M","M","R","E","R","T","M","T","?","M","M","R","B",null,"M","?","M","$","M","R","M","?","T","E","$","M","R","M","R","B",null,"M","M","?","?","M","R","E","R","T","?","M","M","$","M","R","B",null],"character_chosen":"IRONCLAD","items_purchased":["Blood for Blood","Evolve","Dual Wield","DuplicationPotion","DistilledChaos","Shockwave","Bag of Preparation","ColorlessPotion"],"campfire_rested":0,"item_purchase_floors":[2,21,21,21,21,28,47,47],"current_hp_per_floor":[80,80,86,82,80,80,79,79,85,85,91,79,56,56,56,29,104,85,85,72,72,93,93,83,67,73,109,109,94,94,108,108,64,116,100,93,93,83,116,116,98,98,104,104,91,54,54,68,68,46],"gold":107,"neow_bonus":"","is_daily":false,"chose_seed":false,"campfire_upgraded":9,"win_rate":0.0,"timestamp":1613486652,"path_taken":["M","$","?","M","M","R","E","R","T","M","?","?","M","M","R","BOSS","M","?","M","?","M","R","M","?","T","E","$","M","R","M","R","BOSS","M","M","?","?","M","R","E","R","T","?","M","M","$","M","R","BOSS"],"items_purchased_type":["Card","Card","Card","Potion","Potion","Card","Relic","Potion"],"build_version":"2020-12-22","purchased_purges":0,"victory":true,"max_hp_per_floor":[80,80,86,86,86,86,86,86,92,92,98,98,98,98,98,104,104,104,104,104,104,104,104,104,104,110,110,110,110,110,110,110,116,116,116,116,116,116,116,116,116,116,122,116,116,116,116,116,116,122],"relic_stats":{"Darkstone Periapt":48,"counters":[24,91],"CeramicFish":54,"Pen Nib":[9],"Bag of Preparation":[4],"War Paint":["Shrug It Off","Defend_R"],"Cursed Key":4,"Smiling Mask":0,"Shuriken":[7],"Mummified Hand":[8],"Bronze Scales":[207],"Tiny Chest":0,"Black Star":2,"Kunai":[11],"obtain_stats":[{"Darkstone Periapt":0,"CeramicFish":41,"Enchiridion":25,"Pen Nib":12,"Bag of Preparation":47,"War Paint":7,"Cursed Key":0,"Smiling Mask":27,"White Beast Statue":43,"Du-Vu Doll":0,"Shuriken":9,"Mummified Hand":41,"Bronze Scales":11,"Tiny Chest":27,"Mark of Pain":34,"Black Star":17,"Kunai":3,"Pocketwatch":26},{"Darkstone Periapt":0,"CeramicFish":20,"Enchiridion":12,"Pen Nib":5,"Bag of Preparation":22,"War Paint":4,"Cursed Key":0,"Smiling Mask":13,"White Beast Statue":20,"Du-Vu Doll":0,"Shuriken":4,"Mummified Hand":20,"Bronze Scales":5,"Tiny Chest":13,"Mark of Pain":16,"Black Star":8,"Kunai":1,"Pocketwatch":12},{"Darkstone Periapt":0,"CeramicFish":73,"Enchiridion":35,"Pen Nib":12,"Bag of Preparation":79,"War Paint":10,"Cursed Key":0,"Smiling Mask":39,"White Beast Statue":73,"Du-Vu Doll":0,"Shuriken":10,"Mummified Hand":73,"Bronze Scales":12,"Tiny Chest":39,"Mark of Pain":54,"Black Star":23,"Kunai":2,"Pocketwatch":35}],"Pocketwatch":[57]},"card_choices":[{"not_picked":["Seeing Red","Reckless Charge"],"picked":"Warcry","floor":1.0},{"not_picked":["Heavy Blade","Dropkick"],"picked":"Shrug It Off","floor":4.0},{"not_picked":["Iron Wave","Warcry"],"picked":"Sword Boomerang","floor":5.0},{"not_picked":["Carnage","Perfected Strike"],"picked":"Limit Break","floor":7},{"not_picked":["Warcry","Shrug It Off"],"picked":"Clothesline","floor":10},{"not_picked":["Perfected Strike","Flex"],"picked":"Double Tap","floor":13},{"not_picked":["Perfected Strike","Havoc"],"picked":"Spot Weakness","floor":14},{"not_picked":["Brutality","Feed"],"picked":"Reaper","floor":16},{"not_picked":["Flex","Anger+1"],"picked":"Heavy Blade","floor":18},{"not_picked":["Iron Wave","Anger"],"picked":"Warcry","floor":20},{"not_picked":["Sentinel","Wild Strike"],"picked":"Burning Pact+1","floor":22},{"not_picked":["Heavy Blade","Clothesline+1"],"picked":"True Grit","floor":24},{"not_picked":["Ghostly Armor","Second Wind+1"],"picked":"Feel No Pain","floor":27},{"not_picked":["Thunderclap","Warcry"],"picked":"Immolate","floor":29},{"not_picked":["Thunderclap","Wild Strike"],"picked":"Armaments","floor":31},{"not_picked":["Bludgeon","Demon Form"],"picked":"Limit Break","floor":33},{"not_picked":["Combust","Rage+1","Warcry"],"picked":"SKIP","floor":35},{"not_picked":["Anger","Twin Strike+1"],"picked":"Havoc+1","floor":36},{"not_picked":["Impatience","Secret Technique"],"picked":"Enlightenment","floor":38},{"not_picked":["Blind","Bandage Up"],"picked":"Jack Of All Trades","floor":38},{"not_picked":["Dark Shackles","Swift Strike"],"picked":"Dramatic Entrance","floor":38},{"not_picked":["Pommel Strike","Headbutt"],"picked":"Dual Wield+1","floor":39},{"not_picked":["Combust","Sever Soul"],"picked":"True Grit+1","floor":41},{"not_picked":["Wild Strike+1","Armaments+1"],"picked":"Battle Trance","floor":45},{"not_picked":["Sword Boomerang+1","Warcry+1"],"picked":"Havoc+1","floor":46},{"not_picked":["Demon Form","Perfected Strike"],"picked":"Fire Breathing","floor":48}],"player_experience":1445721,"relics_obtained":[{"floor":7,"key":"War Paint"},{"floor":9,"key":"Shuriken"},{"floor":11,"key":"Bronze Scales"},{"floor":25,"key":"Enchiridion"},{"floor":26,"key":"Pocketwatch"},{"floor":27,"key":"Smiling Mask"},{"floor":27,"key":"Tiny Chest"},{"floor":41,"key":"CeramicFish"},{"floor":41,"key":"Mummified Hand"},{"floor":43,"key":"White Beast Statue"}],"event_choices":[{"damage_healed":0.0,"max_hp_gain":0.0,"max_hp_loss":0.0,"gold_gain":0.0,"event_name":"Big Fish","player_choice":"Box","floor":3.0,"gold_loss":0.0,"damage_taken":0.0,"relics_obtained":["Kunai"],"cards_obtained":["Regret"]},{"damage_healed":0,"gold_gain":0,"player_choice":"Success","damage_taken":12,"relics_obtained":["Pen Nib"],"max_hp_gain":0,"max_hp_loss":0,"event_name":"Scrap Ooze","floor":12,"gold_loss":0},{"damage_healed":0,"gold_gain":0,"player_choice":"Upgraded","damage_taken":0,"max_hp_gain":0,"max_hp_loss":0,"event_name":"Upgrade Shrine","floor":19,"gold_loss":0,"cards_upgraded":["Heavy Blade"]},{"damage_healed":0,"gold_gain":0,"player_choice":"Obtained Book","damage_taken":16,"max_hp_gain":0,"max_hp_loss":0,"event_name":"Cursed Tome","floor":25,"gold_loss":0},{"damage_healed":0,"gold_gain":0,"player_choice":"Ignored","damage_taken":0,"max_hp_gain":0,"max_hp_loss":0,"event_name":"Tomb of Lord Red Mask","floor":37,"gold_loss":0},{"damage_healed":0,"gold_gain":0,"player_choice":"Memory 3","damage_taken":10,"max_hp_gain":0,"max_hp_loss":0,"event_name":"SensoryStone","floor":38,"gold_loss":0},{"damage_healed":0,"gold_gain":0,"player_choice":"Max HP","damage_taken":0,"max_hp_gain":0,"max_hp_loss":6,"event_name":"Winding Halls","floor":44,"gold_loss":0}],"is_beta":false,"boss_relics":[{"not_picked":["Runic Pyramid","Pandora\u0027s Box"],"picked":"Black Star"},{"not_picked":["Runic Cube","Tiny House"],"picked":"Mark of Pain"}],"items_purged_floors":[],"is_endless":false,"potions_floor_spawned":[1,5,13,18,27,33,39,45,46,48],"ascension_level":0}}