{"host":"8vqkh0x3c7vpgzzm","time":1613491932,"event":{"mods":["AchievementEnabler","BaseMod","Colored Map","Colored Powertips","Curses Come First","DeckTracker","Highlight Path","Minty Spire (QoL Compilation)","Permanent Neow","Quick Restart","Random Character Mod","Rare Cards Sparkle","Relic Sorter","Relic Stats","StSLib","SuperFastMode","Unceasing Turn Reminder","egg","everything is the same but u backflip on backflip"],"gold_per_floor":[117,42,60,60,60,60,95,105,131,143,168,198,224,236,248,356,368,395,426,438,466,72,72,99,115,115,147,178,178,209,225,225,327,327,343,343,343,363,374,374,374,374],"floor_reached":41,"language":"ENG","playtime":1662,"items_purged":["Defend_B"],"score":604,"play_id":"437f3e31-9fc0-43b6-b7b4-5a5969618bf5","local_time":"20210216171212","is_ascension_mode":true,"campfire_choices":[{"data":"Zap","floor":6,"key":"SMITH"},{"data":"Streamline","floor":15,"key":"SMITH"},{"data":"Reboot","floor":23,"key":"SMITH"},{"data":"Sunder","floor":32,"key":"SMITH"},{"data":"Meteor Strike","floor":40,"key":"SMITH"}],"circlet_count":0,"master_deck":["Defend_B","Defend_B","Zap+1","Dualcast","BootSequence","Sunder+1","Streamline+1","Lockon","Cold Snap","Glacier","Reboot+1","Sweeping Beam","Skim","Melter","Recycle","Glacier","Coolheaded","Conserve Battery","Recycle+1","Necronomicurse","Chill","Rebound","Meteor Strike+1","FTL+1","Panache","Hologram"],"relics":["Sozu","Bronze Scales","MawBank","Coffee Dripper","Anchor","Pantograph","Unceasing Top","Toy Ornithopter","Blue Candle","Red Mask","Necronomicon","Strawberry","Black Star"],"acts_visited":["Exordium","TheCity","TheBeyond"],"potions_floor_usage":[],"damage_taken":[{"damage":1,"enemies":"Cultist","floor":1,"turns":3},{"damage":0,"enemies":"Jaw Worm","floor":3,"turns":3},{"damage":10,"enemies":"3 Sentries","floor":7,"turns":6},{"damage":0,"enemies":"Small Slimes","floor":8,"turns":2},{"damage":0,"enemies":"3 Louse","floor":11,"turns":2},{"damage":0,"enemies":"Large Slime","floor":12,"turns":4},{"damage":0,"enemies":"2 Fungi Beasts","floor":13,"turns":2},{"damage":7,"enemies":"The Guardian","floor":16,"turns":9},{"damage":2,"enemies":"2 Thieves","floor":18,"turns":2},{"damage":10,"enemies":"Spheric Guardian","floor":19,"turns":4},{"damage":4,"enemies":"Centurion and Healer","floor":21,"turns":4},{"damage":3,"enemies":"Slavers","floor":24,"turns":5},{"damage":3,"enemies":"Shelled Parasite and Fungi","floor":25,"turns":4},{"damage":0,"enemies":"Book of Stabbing","floor":27,"turns":4},{"damage":14,"enemies":"Masked Bandits","floor":28,"turns":4},{"damage":0,"enemies":"Gremlin Leader","floor":30,"turns":3},{"damage":0,"enemies":"Cultist and Chosen","floor":31,"turns":3},{"damage":13,"enemies":"Automaton","floor":33,"turns":8},{"damage":8,"enemies":"3 Darklings","floor":35,"turns":4},{"damage":7,"enemies":"3 Shapes","floor":38,"turns":3},{"damage":11,"enemies":"Jaw Worm Horde","floor":39,"turns":3},{"damage":56,"enemies":"Giant Head","floor":41,"turns":6}],"seed_played":"-1459007494387594141","potions_obtained":[],"is_trial":false,"path_per_floor":["M","$","M","?","?","R","E","M","T","?","M","M","M","$","R","B",null,"M","M","?","M","$","R","E","M","T","E","?","?","E","M","R","B",null,"M","?","$","M","M","R","E"],"character_chosen":"DEFECT","items_purchased":["Anchor","Pantograph"],"campfire_rested":0,"item_purchase_floors":[22,22],"current_hp_per_floor":[74,74,74,74,67,67,57,57,57,57,57,57,57,57,57,50,75,73,63,63,59,59,59,56,53,53,53,39,23,30,30,30,42,82,74,64,64,57,46,46,0,0],"gold":374,"neow_bonus":"BOSS_RELIC","is_daily":false,"chose_seed":false,"campfire_upgraded":5,"win_rate":0.0,"timestamp":1613491932,"path_taken":["M","$","?","?","?","R","E","M","T","?","?","M","M","$","R","BOSS","M","M","?","M","$","R","E","M","T","E","?","?","E","M","R","BOSS","M","?","$","M","M","R","E"],"items_purchased_type":["Relic","Relic"],"build_version":"2020-12-22","purchased_purges":1,"victory":false,"max_hp_per_floor":[75,75,75,75,75,75,75,75,75,75,75,75,75,75,75,75,75,75,75,75,75,75,75,75,75,75,75,75,75,82,82,82,82,82,82,82,82,82,82,82,82,82],"relic_stats":{"Sozu":10,"counters":[22,88],"Bronze Scales":[204],"Pantograph":25,"Blue Candle":[3],"Necronomicon":[15],"Black Star":0,"MawBank":156,"obtain_stats":[{"Blue Candle":27,"MawBank":9,"Sozu":0,"Anchor":22,"Bronze Scales":7,"Pantograph":22,"Strawberry":30,"Coffee Dripper":17,"Red Mask":28,"Necronomicon":29,"Black Star":34,"Cracked Core":0,"Unceasing Top":24,"Toy Ornithopter":26},{"Blue Candle":14,"MawBank":4,"Sozu":0,"Anchor":11,"Bronze Scales":3,"Pantograph":11,"Strawberry":16,"Coffee Dripper":8,"Red Mask":15,"Necronomicon":15,"Black Star":18,"Cracked Core":0,"Unceasing Top":12,"Toy Ornithopter":13},{"Blue Candle":54,"MawBank":14,"Sozu":0,"Anchor":41,"Bronze Scales":12,"Pantograph":41,"Strawberry":61,"Coffee Dripper":31,"Red Mask":58,"Necronomicon":58,"Black Star":72,"Cracked Core":0,"Unceasing Top":46,"Toy Ornithopter":50}],"Unceasing Top":[34],"Toy Ornithopter":0},"card_choices":[{"not_picked":["Leap","Rebound"],"picked":"BootSequence","floor":1},{"not_picked":["Hologram","Barrage"],"picked":"Sunder","floor":3},{"not_picked":["Scrape","Go for the Eyes"],"picked":"Streamline","floor":7},{"not_picked":["Steam","Multi-Cast"],"picked":"Lockon","floor":8},{"not_picked":["Redo","Static Discharge"],"picked":"Cold Snap","floor":11},{"not_picked":["Loop","BootSequence","Barrage"],"picked":"SKIP","floor":12},{"not_picked":["Force Field","Loop"],"picked":"Glacier","floor":13},{"not_picked":["Hyperbeam","Electrodynamics"],"picked":"Reboot","floor":16},{"not_picked":["Turbo+1","Streamline"],"picked":"Sweeping Beam","floor":18},{"not_picked":["Static Discharge","Beam Cell"],"picked":"Skim","floor":19},{"not_picked":["Genetic Algorithm","Streamline"],"picked":"Glacier","floor":21},{"not_picked":["Storm+1","Hello World+1","Amplify"],"picked":"SKIP","floor":24},{"not_picked":["White Noise","Conserve Battery"],"picked":"Coolheaded","floor":25},{"not_picked":["Machine Learning","Gash"],"picked":"Conserve Battery","floor":27},{"not_picked":["Sunder","Sweeping Beam"],"picked":"Recycle+1","floor":28},{"not_picked":["Conserve Battery","Hello World+1"],"picked":"Chill","floor":30},{"not_picked":["Aggregate","Ball Lightning"],"picked":"Rebound","floor":31},{"not_picked":["Multi-Cast","Fission"],"picked":"Meteor Strike","floor":33},{"not_picked":["Skim+1","Consume"],"picked":"FTL+1","floor":35},{"not_picked":["Dark Shackles","Transmutation"],"picked":"Panache","floor":36},{"not_picked":["Hologram","Barrage+1","Redo+1"],"picked":"SKIP","floor":38},{"not_picked":["Barrage+1","Redo+1"],"picked":"Hologram","floor":38},{"not_picked":["Sweeping Beam+1","Conserve Battery+1","Leap"],"picked":"SKIP","floor":39}],"player_experience":571207,"relics_obtained":[{"floor":7,"key":"Bronze Scales"},{"floor":9,"key":"MawBank"},{"floor":24,"key":"Unceasing Top"},{"floor":26,"key":"Toy Ornithopter"},{"floor":27,"key":"Blue Candle"},{"floor":28,"key":"Red Mask"},{"floor":29,"key":"Necronomicon"},{"floor":30,"key":"Strawberry"}],"event_choices":[{"cards_removed":["Strike_B"],"damage_healed":0,"gold_gain":0,"player_choice":"Forget","damage_taken":0,"max_hp_gain":0,"max_hp_loss":0,"event_name":"Living Wall","floor":4,"gold_loss":0},{"cards_removed":["Strike_B"],"damage_healed":0,"gold_gain":0,"player_choice":"Card Removal","damage_taken":7,"max_hp_gain":0,"max_hp_loss":0,"event_name":"Golden Wing","floor":5,"gold_loss":0},{"cards_removed":["Strike_B"],"damage_healed":0,"gold_gain":0,"player_choice":"Offered Basic","damage_taken":0,"max_hp_gain":0,"max_hp_loss":0,"event_name":"Bonfire Elementals","floor":10,"gold_loss":0},{"damage_healed":0,"gold_gain":0,"cards_transformed":["Defend_B","Strike_B"],"player_choice":"Became Test Subject","damage_taken":0,"max_hp_gain":0,"max_hp_loss":0,"event_name":"Drug Dealer","floor":20,"gold_loss":0,"cards_obtained":["Melter","Recycle"]},{"damage_healed":0,"gold_gain":0,"player_choice":"Fought Bandits","damage_taken":0,"max_hp_gain":0,"max_hp_loss":0,"event_name":"Masked Bandits","floor":28,"gold_loss":0},{"damage_healed":0,"gold_gain":0,"player_choice":"Obtained Book","damage_taken":16,"max_hp_gain":0,"max_hp_loss":0,"event_name":"Cursed Tome","floor":29,"gold_loss":0},{"damage_healed":0,"gold_gain":0,"player_choice":"Memory 3","damage_taken":10,"max_hp_gain":0,"max_hp_loss":0,"event_name":"SensoryStone","floor":36,"gold_loss":0}],"is_beta":false,"boss_relics":[{"not_picked":["Philosopher\u0027s Stone","Calling Bell"],"picked":"Coffee Dripper"},{"not_picked":["Astrolabe","Velvet Choker"],"picked":"Black Star"}],"items_purged_floors":[2],"is_endless":false,"potions_floor_spawned":[1,7,8,11,24,25,27,30,33,39],"killed_by":"Giant Head","ascension_level":4}}