{"host":"baymyijz6sxaqj5s","time":1613462920,"event":{"mods":["AchievementEnabler","BaseMod","Colored Map","Colored Powertips","DeckTracker","Highlight Path","KOR Keyword Fix","Keyboard Shortcuts","Minty Spire (QoL Compilation)","StSLib","SuperFastMode","everything is the same but u backflip on backflip"],"gold_per_floor":[115,115,115,115,134,134,152,169,217,217,237,237,249,262,262,367,367,349,369,369,369,369],"floor_reached":21,"language":"KOR","playtime":539,"items_purged":[],"score":199,"play_id":"52af26cd-0582-4ac6-98d1-e70c4942c000","local_time":"20210216170840","is_ascension_mode":true,"campfire_choices":[{"data":"Bash","floor":6,"key":"SMITH"},{"data":"Shrug It Off","floor":15,"key":"SMITH"}],"circlet_count":0,"master_deck":["Strike_R","Strike_R","Strike_R","Strike_R","Strike_R","Defend_R","Defend_R","Defend_R","Defend_R","Bash+1","Body Slam+1","Shrug It Off+1","Sword Boomerang","Reaper","Barricade","CurseOfTheBell","Shrug It Off"],"relics":["Burning Blood","Champion Belt","Pen Nib","Calling Bell","Nunchaku","Molten Egg 2","CaptainsWheel"],"acts_visited":["Exordium","TheCity"],"potions_floor_usage":[5,16,18],"damage_taken":[{"damage":10,"enemies":"Cultist","floor":1,"turns":5},{"damage":2,"enemies":"Small Slimes","floor":5,"turns":4},{"damage":7,"enemies":"2 Louse","floor":7,"turns":3},{"damage":9,"enemies":"Looter","floor":8,"turns":3},{"damage":6,"enemies":"Exordium Wildlife","floor":11,"turns":3},{"damage":0,"enemies":"3 Louse","floor":13,"turns":3},{"damage":4,"enemies":"Looter","floor":14,"turns":3},{"damage":68,"enemies":"The Guardian","floor":16,"turns":19},{"damage":30,"enemies":"2 Thieves","floor":18,"turns":4},{"damage":23,"enemies":"Chosen","floor":19,"turns":6},{"damage":45,"enemies":"Shelled Parasite and Fungi","floor":21,"turns":5}],"seed_played":"-8526409731126221719","potions_obtained":[{"floor":1,"key":"EssenceOfSteel"},{"floor":4,"key":"SpeedPotion"},{"floor":4,"key":"SpeedPotion"},{"floor":14,"key":"BlessingOfTheForge"},{"floor":16,"key":"ColorlessPotion"}],"is_trial":false,"path_per_floor":["M","T","$","?","M","R","M","M","T","$","M","?","M","M","R","B",null,"M","M","?","M"],"character_chosen":"IRONCLAD","items_purchased":[],"campfire_rested":0,"item_purchase_floors":[],"current_hp_per_floor":[84,84,84,84,88,88,87,84,84,84,84,84,88,88,88,32,88,74,63,46,1,1],"gold":369,"neow_bonus":"TEN_PERCENT_HP_BONUS","is_daily":false,"chose_seed":false,"campfire_upgraded":2,"win_rate":0.0,"timestamp":1613462920,"path_taken":["M","?","$","?","?","R","M","M","T","$","M","?","M","M","R","BOSS","M","M","?","M"],"items_purchased_type":[],"build_version":"2020-12-22","purchased_purges":0,"victory":false,"max_hp_per_floor":[88,88,88,88,88,88,88,88,88,88,88,88,88,88,88,88,88,88,88,93,93,93],"card_choices":[{"not_picked":["Dropkick","Thunderclap","Flex"],"picked":"SKIP","floor":1},{"not_picked":["Headbutt","Havoc","Anger"],"picked":"SKIP","floor":5},{"not_picked":["Cleave","Metallicize","Clothesline"],"picked":"SKIP","floor":7},{"not_picked":["Rupture","Iron Wave"],"picked":"Body Slam","floor":8},{"not_picked":["Body Slam","Pommel Strike"],"picked":"Shrug It Off","floor":11},{"not_picked":["Warcry","Body Slam"],"picked":"Sword Boomerang","floor":13},{"not_picked":["Clothesline","Fire Breathing"],"picked":"Reaper","floor":14},{"not_picked":["Corruption","Immolate"],"picked":"Barricade","floor":16},{"not_picked":["Dropkick+1","Body Slam+1"],"picked":"Shrug It Off","floor":18},{"not_picked":["Perfected Strike+1","Carnage+1","Flex"],"picked":"SKIP","floor":19}],"player_experience":94203,"relics_obtained":[{"floor":2,"key":"Champion Belt"},{"floor":9,"key":"Pen Nib"},{"floor":17,"key":"Nunchaku"},{"floor":17,"key":"Molten Egg 2"},{"floor":17,"key":"CaptainsWheel"}],"event_choices":[{"damage_healed":0,"gold_gain":0,"player_choice":"Got Potions","damage_taken":0,"max_hp_gain":0,"max_hp_loss":0,"event_name":"Lab","floor":4,"gold_loss":0},{"damage_healed":0,"gold_gain":0,"player_choice":"Grow","damage_taken":0,"max_hp_gain":0,"max_hp_loss":0,"event_name":"Living Wall","floor":12,"gold_loss":0,"cards_upgraded":["Body Slam"]},{"damage_healed":0,"gold_gain":0,"player_choice":"Shed Blood","damage_taken":22,"max_hp_gain":5,"max_hp_loss":0,"event_name":"Forgotten Altar","floor":20,"gold_loss":0}],"is_beta":false,"boss_relics":[{"not_picked":["Ectoplasm","Fusion Hammer"],"picked":"Calling Bell"}],"items_purged_floors":[],"is_endless":false,"potions_floor_spawned":[1,14,16],"killed_by":"Shelled Parasite and Fungi","ascension_level":3}}