{"host":"i0avyit1s6jb1siw","time":1613511174,"event":{"mods":["BaseMod","DeckTracker","Dota2Spire","Highlight Path","Minty Spire (QoL Compilation)","Quick Restart","StSLib","SuperFastMode"],"gold_per_floor":[112,125,145,145,31,31,62,62,62,82,82,82,115,127,202,23,23,23,95,95,115,133,133,8,8,8,8,8,35,35,81,81,3,16,35,35,35],"floor_reached":36,"language":"ENG","playtime":757,"items_purged":["Strike_G","Strike_G","Decay"],"score":576,"play_id":"94c32b6b-d31e-4c29-bead-0d4bdec0c9d1","local_time":"20210216223254","is_ascension_mode":true,"campfire_choices":[{"data":"Predator","floor":6.0,"key":"SMITH"},{"floor":11.0,"key":"REST"},{"floor":17.0,"key":"REST"},{"data":"Footwork","floor":18.0,"key":"SMITH"},{"data":"Envenom","floor":27.0,"key":"SMITH"},{"floor":32.0,"key":"REST"}],"circlet_count":0,"master_deck":["AscendersBane","Strike_G","Defend_G","Defend_G","Defend_G","Defend_G","Survivor","Neutralize","Underhanded Strike","Storm of Steel","Predator+1","All Out Attack","Cloak And Dagger","Backstab","Calculated Gamble","Footwork+1","Dodge and Roll","Acrobatics","Blade Dance","Envenom+1","Crippling Poison","Backflip","Footwork","Leg Sweep"],"relics":["Ring of the Snake","Mercury Hourglass","Dota2Spire:ArmletOfMordiggian","Sozu","Vajra","Mummified Hand","Smiling Mask","Tiny Chest"],"acts_visited":["Exordium","TheCity"],"potions_floor_usage":[],"damage_taken":[{"damage":1.0,"enemies":"Jaw Worm","floor":1.0,"turns":3.0},{"damage":0.0,"enemies":"Cultist","floor":2.0,"turns":3.0},{"damage":5.0,"enemies":"2 Louse","floor":3.0,"turns":2.0},{"damage":28.0,"enemies":"Gremlin Nob","floor":7.0,"turns":4.0},{"damage":0.0,"enemies":"Large Slime","floor":10.0,"turns":4.0},{"damage":13.0,"enemies":"3 Sentries","floor":13.0,"turns":5.0},{"damage":0.0,"enemies":"Blue Slaver","floor":14.0,"turns":3.0},{"damage":6.0,"enemies":"The Guardian","floor":19.0,"turns":14.0},{"damage":1.0,"enemies":"Spheric Guardian","floor":21.0,"turns":4.0},{"damage":15.0,"enemies":"2 Thieves","floor":22.0,"turns":4.0},{"damage":30.0,"enemies":"Book of Stabbing","floor":29.0,"turns":5.0},{"damage":0.0,"enemies":"Centurion and Healer","floor":34.0,"turns":6.0},{"damage":17.0,"enemies":"Shelled Parasite and Fungi","floor":35.0,"turns":6.0},{"damage":11,"enemies":"Slavers","floor":36,"turns":1}],"seed_played":"-2903920793531598580","potions_obtained":[{"floor":1.0,"key":"Energy Potion"},{"floor":2.0,"key":"Weak Potion"},{"floor":19.0,"key":"Strength Potion"}],"is_trial":false,"path_per_floor":["M","M","M","?","$","R","E","$","T","M","R","?","E","M","?","$","R","R","B",null,"M","M","?","$","?","$","R","?","E","T","T","R","?","M","M","E"],"character_chosen":"THE_SILENT","items_purchased":["Backstab","Acrobatics","Blade Dance"],"campfire_rested":3,"item_purchase_floors":[5,16,16],"current_hp_per_floor":[43,43,38,38,38,38,10,10,10,10,29,29,16,16,5,5,24,24,18,54,53,38,38,38,38,38,38,38,8,8,8,27,27,27,10,0,0],"gold":35,"neow_bonus":"TRANSFORM_TWO_CARDS","is_daily":false,"chose_seed":false,"campfire_upgraded":3,"win_rate":0.0,"timestamp":1613511174,"path_taken":["M","M","M","?","?","R","E","$","T","?","R","?","E","M","?","$","R","R","BOSS","M","M","?","$","?","$","R","?","E","T","T","R","?","?","M","E"],"items_purchased_type":["Card","Card","Card"],"build_version":"2020-12-22","purchased_purges":3,"victory":false,"max_hp_per_floor":[66,66,66,66,66,66,66,66,66,66,66,66,66,66,66,66,66,66,66,66,66,66,66,66,66,66,66,66,66,66,66,66,66,66,66,66,66],"card_choices":[{"not_picked":["Slice","Prepared"],"picked":"Predator","floor":1.0},{"not_picked":["Distraction","Deadly Poison"],"picked":"All Out Attack","floor":2.0},{"not_picked":["Riddle With Holes","Dodge and Roll"],"picked":"Cloak And Dagger","floor":3.0},{"not_picked":["Bane","Flechettes"],"picked":"Calculated Gamble","floor":7.0},{"not_picked":["Masterful Stab","Slice"],"picked":"Footwork","floor":10.0},{"not_picked":["Endless Agony","Flechettes"],"picked":"Dodge and Roll","floor":13.0},{"not_picked":["Prepared","Catalyst","Deflect"],"picked":"SKIP","floor":14.0},{"not_picked":["Die Die Die","Bullet Time"],"picked":"Envenom","floor":19.0},{"not_picked":["Acrobatics","Blade Dance","Finisher"],"picked":"SKIP","floor":21.0},{"not_picked":["Dagger Throw","Deflect"],"picked":"Crippling Poison","floor":22.0},{"not_picked":["Bouncing Flask","Distraction+1"],"picked":"Backflip","floor":29.0},{"not_picked":["Predator+1","Underhanded Strike+1"],"picked":"Footwork","floor":34.0},{"not_picked":["Blade Dance","Bane+1"],"picked":"Leg Sweep","floor":35.0}],"player_experience":2443096,"relics_obtained":[{"floor":7.0,"key":"Mercury Hourglass"},{"floor":13.0,"key":"Dota2Spire:ArmletOfMordiggian"},{"floor":29.0,"key":"Vajra"},{"floor":30.0,"key":"Mummified Hand"},{"floor":31.0,"key":"Smiling Mask"}],"event_choices":[{"cards_removed":["Strike_G"],"damage_healed":0.0,"max_hp_gain":0.0,"max_hp_loss":0.0,"gold_gain":0.0,"event_name":"Bonfire Elementals","player_choice":"Offered Basic","floor":4.0,"gold_loss":0.0,"damage_taken":0.0},{"damage_healed":0.0,"max_hp_gain":0.0,"max_hp_loss":0.0,"gold_gain":0.0,"event_name":"Shining Light","player_choice":"Ignored","floor":12.0,"gold_loss":0.0,"damage_taken":0.0},{"damage_healed":0.0,"max_hp_gain":0.0,"max_hp_loss":0.0,"gold_gain":75.0,"event_name":"World of Goop","player_choice":"Gather Gold","floor":15.0,"gold_loss":0.0,"damage_taken":11.0},{"damage_healed":0.0,"max_hp_gain":0.0,"max_hp_loss":0.0,"gold_gain":0.0,"event_name":"Forgotten Altar","player_choice":"Smashed Altar","floor":23.0,"gold_loss":0.0,"damage_taken":0.0,"cards_obtained":["Decay"]},{"damage_healed":0.0,"max_hp_gain":0.0,"max_hp_loss":0.0,"gold_gain":0.0,"event_name":"The Mausoleum","player_choice":"Ignored","floor":25.0,"gold_loss":0.0,"damage_taken":0.0},{"damage_healed":0.0,"max_hp_gain":0.0,"max_hp_loss":0.0,"gold_gain":0.0,"event_name":"Vampires","player_choice":"Ignored","floor":28.0,"gold_loss":0.0,"damage_taken":0.0},{"damage_healed":0.0,"max_hp_gain":0.0,"max_hp_loss":0.0,"gold_gain":0.0,"event_name":"WeMeetAgain","player_choice":"Paid Gold","floor":33.0,"gold_loss":78.0,"damage_taken":0.0,"relics_obtained":["Tiny Chest"]}],"is_beta":false,"boss_relics":[{"not_picked":["Ectoplasm","Runic Dome"],"picked":"Sozu"}],"items_purged_floors":[5,16,24],"is_endless":false,"potions_floor_spawned":[1,2,13,19,21,22],"killed_by":"Slavers","ascension_level":20}}