{"host":"psh83vqabmtchp5z","time":1613447548,"event":{"mods":["AchievementEnabler","Aspiration","BaseMod","Better Altar","Better Match","Better Skull","Better Third Choice","Better Vampires","BetterRewards","Challenge The Spire","Conspire","Downfall","Gold Saver","Lobotomy","LobotomyExtend","Minty Spire (QoL Compilation)","Quick Restart","Relic Filter","Replay The Spire","Shop Mod","Spicy Shops","StSLib","óô»ðÖ¸ÄÏ"],"gold_per_floor":[594,81,94,107,107,141,159,159,183,209,219,219,74,74,74,74,74],"floor_reached":16,"language":"ZHS","playtime":2633,"items_purged":["Decay"],"score":135,"play_id":"871dadfc-b491-4016-bcc0-7c6a1bce24bc","local_time":"20210216115228","is_ascension_mode":false,"campfire_choices":[],"circlet_count":0,"master_deck":[],"relics":["CogitoBucket","aspiration:Nostalgia","champ:ChampionCrown","LetterFromLob","Golden Egg","Kunai","Happy Flower","Pocketwatch","ReplayTheSpireMod:TigerMarble","aspiration:SeaSaltIceCream","TreeSap","AspirationHeart","Anchor","ReplayTheSpireMod:CursedCoin","MealTicket"],"acts_visited":["Exordium"],"potions_floor_usage":[],"damage_taken":[{"damage":18.0,"enemies":"Jaw Worm","floor":1.0,"turns":3.0},{"damage":10.0,"enemies":"Small Slimes","floor":3.0,"turns":4.0},{"damage":6.0,"enemies":"2 Louse","floor":4.0,"turns":4.0},{"damage":0.0,"enemies":"Gremlin Nob","floor":6.0,"turns":4.0},{"damage":0.0,"enemies":"Exordium Wildlife","floor":7.0,"turns":3.0},{"damage":13.0,"enemies":"Lagavulin","floor":10.0,"turns":4.0},{"damage":2.0,"enemies":"Blue Slaver","floor":11.0,"turns":6.0},{"damage":0,"enemies":"The Guardian","floor":16,"turns":1}],"seed_played":"6086650482695872059","potions_obtained":[{"floor":1.0,"key":"Fire Potion"},{"floor":3.0,"key":"Adrenaline Potion"},{"floor":7.0,"key":"FairyPotion"},{"floor":11.0,"key":"Swift Potion"}],"is_trial":false,"path_per_floor":["M","$","M","M","?","E","M","R","T","E","M","?","$","?","R","B"],"character_chosen":"Angela","items_purchased":["Golden Egg","Kunai","Anchor","ReplayTheSpireMod:CursedCoin","MealTicket"],"campfire_rested":0,"item_purchase_floors":[2,2,13,13,13],"current_hp_per_floor":[52,52,42,36,29,29,29,29,29,17,27,27,27,80,80,80,80],"gold":74,"neow_bonus":"NOSTALGIA","is_daily":false,"chose_seed":false,"campfire_upgraded":0,"win_rate":0.0,"timestamp":1613447548,"path_taken":["M","$","M","M","?","E","M","R","T","E","M","?","?","?","R","BOSS"],"items_purchased_type":["Relic","Relic","Relic","Relic","Relic"],"build_version":"2020-12-22","purchased_purges":1,"victory":false,"max_hp_per_floor":[70,70,70,70,70,70,70,70,70,70,80,80,80,80,80,80,80],"card_choices":[{"not_picked":["GrinderMk4"],"picked":"Lamp","floor":1.0},{"not_picked":["BeautyBeast","Scorched"],"picked":"Murderer","floor":1.0},{"not_picked":["WristCuter"],"picked":"Penitence","floor":1.0},{"not_picked":["Freischutz","CrumblingArmor"],"picked":"MHz","floor":3.0},{"not_picked":["Discord"],"picked":"RedEyes","floor":3.0},{"not_picked":["SolemnVow"],"picked":"Regret_ego","floor":4.0},{"not_picked":["WallGazer","BeautyBeast"],"picked":"MeatLantern","floor":4.0},{"not_picked":["Lantern"],"picked":"Penitence","floor":4.0},{"not_picked":["BloodyDesire"],"picked":"Wingbeat","floor":6.0},{"not_picked":["BigBadWolf","WallGazer"],"picked":"UniverseFragment","floor":6.0},{"not_picked":["SomewhereSpear","Horn"],"picked":"SKIP","floor":6.0},{"not_picked":["WristCuter"],"picked":"FourthMatchFlame","floor":7.0},{"not_picked":["VoidDream","BigBird"],"picked":"Bloodbath","floor":7.0},{"not_picked":["FourthMatchFlame"],"picked":"Laetitia_ego","floor":7.0},{"not_picked":["BigBird","CherryBlossoms"],"picked":"FairyFestival","floor":10.0},{"not_picked":["Heaven"],"picked":"Mimicry","floor":10.0},{"not_picked":["Lantern","Tough"],"picked":"SKIP","floor":10.0},{"not_picked":["BlackSwan_ego"],"picked":"Moonlight","floor":11.0},{"not_picked":["BigBadWolf","BeautyBeast"],"picked":"HappyTeddy","floor":11.0},{"not_picked":["Hypocrisy"],"picked":"CUTE","floor":11.0}],"player_experience":780426,"relics_obtained":[{"floor":1.0,"key":"LetterFromLob"},{"floor":6.0,"key":"Pocketwatch"},{"floor":9.0,"key":"ReplayTheSpireMod:TigerMarble"},{"floor":10.0,"key":"aspiration:SeaSaltIceCream"}],"event_choices":[{"damage_healed":0.0,"max_hp_gain":0.0,"max_hp_loss":0.0,"gold_gain":0.0,"event_name":"betterThird:BetterScrap","player_choice":"Relic ","floor":5.0,"gold_loss":0.0,"damage_taken":7.0,"cards_obtained":["A Thousand Cuts"]},{"damage_healed":0.0,"max_hp_gain":0.0,"max_hp_loss":0.0,"gold_gain":0.0,"event_name":"Living Wall","player_choice":"Grow","floor":12.0,"gold_loss":0.0,"damage_taken":0.0,"cards_upgraded":["Regret_ego"]}],"is_beta":false,"boss_relics":[],"items_purged_floors":[13],"is_endless":false,"potions_floor_spawned":[1,3,7,11],"killed_by":"The Guardian","ascension_level":0}}