{"host":"Doisman","time":1613505043,"event":{"mods":["AchievementEnabler","BaseMod","Better Note","Curses Come First","Minty Spire (QoL Compilation)","Permanent Neow","Quick Restart","Relic Stats","Replay The Spire","StSLib","slay the spire mod where everything is the same but ironclad has a cowboy hat"],"gold_per_floor":[114,114,12,29,49,77,77,77,159,159,159,159,173,202,202,302,302,302,302],"floor_reached":18,"language":"ENG","playtime":416,"items_purged":["Strike_R"],"score":229,"play_id":"444b7c91-ab54-4b0e-a9bc-6dc95daee503","local_time":"20210216135043","is_ascension_mode":true,"campfire_choices":[{"data":"Pommel Strike","floor":7.0,"key":"SMITH"},{"data":"Replay:Undeath\u0027s Touch","floor":11.0,"key":"SMITH"},{"data":"Bash","floor":15.0,"key":"SMITH"}],"circlet_count":0,"master_deck":["Strike_R","Strike_R","Defend_R+1","Defend_R+1","Defend_R","Defend_R","Bash+1","Shrug It Off","Clothesline","Pommel Strike+1","Spot Weakness","Replay:Undeath\u0027s Touch+1","Seeing Red","Shrug It Off","Bludgeon"],"relics":["Ring of Chaos","Pocketwatch","Magic Flower","Letter Opener","Ornamental Fan","Velvet Choker"],"acts_visited":["Exordium","TheCity"],"potions_floor_usage":[],"damage_taken":[{"damage":0.0,"enemies":"Small Slimes","floor":1.0,"turns":4.0},{"damage":0.0,"enemies":"Cultist","floor":4.0,"turns":4.0},{"damage":0.0,"enemies":"2 Louse","floor":5.0,"turns":2.0},{"damage":12.0,"enemies":"Gremlin Nob","floor":6.0,"turns":4.0},{"damage":0.0,"enemies":"2 Fungi Beasts","floor":13.0,"turns":3.0},{"damage":10.0,"enemies":"Lagavulin","floor":14.0,"turns":3.0},{"damage":0.0,"enemies":"Slime Boss","floor":16.0,"turns":8.0},{"damage":0,"enemies":"3 Byrds","floor":18,"turns":1}],"seed_played":"6254125041385246914","potions_obtained":[{"floor":6.0,"key":"Adrenaline Potion"},{"floor":13.0,"key":"Regen Potion"},{"floor":14.0,"key":"Elixir"}],"is_trial":false,"path_per_floor":["M","?","$","M","M","E","R","?","T","?","R","?","M","E","R","B",null,"M"],"character_chosen":"IRONCLAD","items_purchased":["Clothesline"],"campfire_rested":0,"item_purchase_floors":[3],"current_hp_per_floor":[80,64,64,64,64,52,52,45,45,38,38,38,38,28,28,52,80,80,80],"gold":302,"neow_bonus":"BOSS_RELIC","is_daily":false,"chose_seed":false,"campfire_upgraded":3,"win_rate":0.0,"timestamp":1613505043,"path_taken":["M","?","$","M","M","E","R","?","T","?","R","?","M","E","R","BOSS","M"],"items_purchased_type":["Card"],"build_version":"2020-12-18","purchased_purges":1,"victory":false,"max_hp_per_floor":[80,80,80,80,80,80,80,80,80,80,80,80,80,80,80,80,80,80,80],"relic_stats":{"counters":[8,29],"Ornamental Fan":[12],"Magic Flower":[9],"Letter Opener":[10],"obtain_stats":[{"Ornamental Fan":14,"Magic Flower":8,"Velvet Choker":17,"Ring of Chaos":0,"Letter Opener":9,"Burning Blood":0,"Pocketwatch":6},{"Ornamental Fan":6,"Magic Flower":4,"Velvet Choker":7,"Ring of Chaos":0,"Letter Opener":4,"Burning Blood":0,"Pocketwatch":4},{"Ornamental Fan":20,"Magic Flower":14,"Velvet Choker":28,"Ring of Chaos":0,"Letter Opener":14,"Burning Blood":0,"Pocketwatch":14}],"Pocketwatch":[18]},"card_choices":[{"not_picked":["ReplayReversal","Twin Strike"],"picked":"Shrug It Off","floor":1.0},{"not_picked":["Havoc","Iron Wave"],"picked":"Pommel Strike","floor":4.0},{"not_picked":["Heavy Blade","Defy Death"],"picked":"Spot Weakness","floor":5.0},{"not_picked":["Combust","Dropkick"],"picked":"Replay:Undeath\u0027s Touch","floor":6.0},{"not_picked":["Thunderclap","ReplayTheSpireMod:Stacked"],"picked":"Seeing Red","floor":13.0},{"not_picked":["Entrench","Armaments"],"picked":"Shrug It Off","floor":14.0},{"not_picked":["Impervious","Eclipse"],"picked":"Bludgeon","floor":16.0}],"player_experience":1142091,"relics_obtained":[{"floor":6.0,"key":"Pocketwatch"},{"floor":9.0,"key":"Letter Opener"},{"floor":14.0,"key":"Ornamental Fan"}],"event_choices":[{"damage_healed":0.0,"max_hp_gain":0.0,"max_hp_loss":0.0,"gold_gain":0.0,"event_name":"Shining Light","player_choice":"Entered Light","floor":2.0,"gold_loss":0.0,"damage_taken":16.0,"cards_upgraded":["Defend_R","Defend_R"]},{"damage_healed":0.0,"max_hp_gain":0.0,"max_hp_loss":0.0,"gold_gain":0.0,"event_name":"Scrap Ooze","player_choice":"Success","floor":8.0,"gold_loss":0.0,"damage_taken":7.0,"relics_obtained":["Magic Flower"]},{"cards_removed":["Strike_R"],"damage_healed":0.0,"max_hp_gain":0.0,"max_hp_loss":0.0,"gold_gain":0.0,"event_name":"Golden Wing","player_choice":"Card Removal","floor":10.0,"gold_loss":0.0,"damage_taken":7.0},{"cards_removed":["Strike_R"],"damage_healed":0.0,"max_hp_gain":0.0,"max_hp_loss":0.0,"gold_gain":0.0,"event_name":"Bonfire Elementals","player_choice":"Offered Basic","floor":12.0,"gold_loss":0.0,"damage_taken":0.0}],"is_beta":true,"boss_relics":[{"not_picked":["Ectoplasm","Snecko Heart"],"picked":"Velvet Choker"}],"items_purged_floors":[3],"is_endless":false,"potions_floor_spawned":[6,13,14],"killed_by":"3 Byrds","ascension_level":1}}