{"host":"vfdcloqstimyyqm4","time":1613449694,"event":{"mods":["AchievementEnabler","BaseMod","Block Reminder","Colored Powertips","Displayed Cursed Tome","Emptier Cage","Minty Spire (QoL Compilation)","Rare Cards Sparkle","StSLib","Together in Spire"],"gold_per_floor":[118,134,309,10,29,29,42,71,106,147,174,186,198,226,238,371,446,481,593,623,635,678,690,745,757,793,823,71,71,71,114,114,239,239,259,259,67,67,86,86,122,141,141,141,159,195,216,216,216,216],"floor_reached":51,"language":"ENG","playtime":7524,"items_purged":["Doubt","Defend_G"],"score":553,"play_id":"0e8560a0-d680-4a67-ad8b-6647dafa97ca","local_time":"20210215202814","is_ascension_mode":false,"campfire_choices":[{"data":"Metamorphosis","floor":6.0,"key":"SMITH"},{"data":"Survivor","floor":15.0,"key":"SMITH"},{"floor":23.0,"key":"REST"},{"floor":25,"key":"REST"},{"data":"Blur","floor":32,"key":"SMITH"},{"data":"Apotheosis","floor":40,"key":"SMITH"},{"data":"Bandage Up","floor":44,"key":"SMITH"},{"data":"Burst","floor":49,"key":"SMITH"}],"circlet_count":0,"master_deck":["Strike_G","Strike_G+1","Defend_G","Defend_G","Defend_G","Defend_G","Survivor+1","Neutralize+1","Distraction","Terror","Metamorphosis+1","Deflect","Finisher","Deadly Poison","Bouncing Flask","Slice+1","Deadly Poison","Injury","Poisoned Stab","Adrenaline+1","Backstab","Caltrops+1","Blur+1","Noxious Fumes","Burst+1","Quick Slash+1","Outmaneuver","Dash","Adrenaline","Backflip+1","Dark Shackles","Bandage Up+1","Purity","Apotheosis+1","Bouncing Flask","Deadly Poison+1","Backstab+1","Bane+1","Adrenaline","Prepared+1"],"relics":["Ring of the Snake","MawBank","Blood Vial","Pen Nib","Golden Idol","Tiny House","Red Mask","Toy Ornithopter","Bag of Preparation","Bottled Tornado","Pantograph","TwistedFunnel","Whetstone","WristBlade","Regal Pillow","White Beast Statue","Anchor","Mummified Hand"],"acts_visited":["TheBeyond"],"potions_floor_usage":[33,45,46],"damage_taken":[{"damage":0.0,"enemies":"Cultist","floor":1.0,"turns":1.0},{"damage":0.0,"enemies":"Small Slimes","floor":2.0,"turns":2.0},{"damage":8.0,"enemies":"Jaw Worm","floor":5.0,"turns":1.0},{"damage":3.0,"enemies":"3 Louse","floor":7.0,"turns":2.0},{"damage":10.0,"enemies":"3 Sentries","floor":8.0,"turns":7.0},{"damage":15.0,"enemies":"Gremlin Nob","floor":10.0,"turns":3.0},{"damage":0.0,"enemies":"Large Slime","floor":11.0,"turns":2.0},{"damage":7.0,"enemies":"Exordium Thugs","floor":14.0,"turns":2.0},{"damage":7.0,"enemies":"Hexaghost","floor":16.0,"turns":6.0},{"damage":20.0,"enemies":"Spheric Guardian","floor":18.0,"turns":4.0},{"damage":7.0,"enemies":"Chosen","floor":20.0,"turns":6.0},{"damage":33.0,"enemies":"Masked Bandits","floor":22.0,"turns":5.0},{"damage":10,"enemies":"Gremlin Leader","floor":24,"turns":5},{"damage":0,"enemies":"Shelled Parasite and Fungi","floor":27,"turns":2},{"damage":0,"enemies":"Slavers","floor":31,"turns":3},{"damage":19,"enemies":"Collector","floor":33,"turns":6},{"damage":3,"enemies":"3 Darklings","floor":35,"turns":3},{"damage":0,"enemies":"Orb Walker","floor":39,"turns":3},{"damage":1,"enemies":"Giant Head","floor":41,"turns":6},{"damage":0,"enemies":"Maw","floor":42,"turns":1},{"damage":0,"enemies":"Spire Growth","floor":45,"turns":2},{"damage":0,"enemies":"Nemesis","floor":46,"turns":1},{"damage":0,"enemies":"4 Shapes","floor":47,"turns":3},{"damage":13,"enemies":"Donu and Deca","floor":50,"turns":4}],"seed_played":"4928561567739065362","potions_obtained":[{"floor":1.0,"key":"Swift Potion"},{"floor":2.0,"key":"ColorlessPotion"},{"floor":11.0,"key":"SteroidPotion"},{"floor":14.0,"key":"SkillPotion"},{"floor":17.0,"key":"Explosive Potion"},{"floor":20.0,"key":"ColorlessPotion"},{"floor":24,"key":"Swift Potion"},{"floor":27,"key":"ColorlessPotion"},{"floor":41,"key":"Weak Potion"},{"floor":45,"key":"CunningPotion"},{"floor":46,"key":"FearPotion"},{"floor":47,"key":"Energy Potion"}],"is_trial":false,"path_per_floor":["M","M","?","$","M","R","M","E","T","E","M","?","?","M","R","B",null,"M","?","M","?","?","R","E","R","T","M","$","?","?","E","R","B",null,"M","?","$","?","M","R","E","M","T","R","M","E","M","T","R","B",null],"character_chosen":"THE_SILENT","items_purchased":["Metamorphosis","Deflect","Bottled Tornado","Pantograph","TwistedFunnel","Apotheosis"],"campfire_rested":2,"item_purchase_floors":[4,4,28,28,28,37],"current_hp_per_floor":[70,70,70,70,62,62,59,49,49,36,38,35,35,30,30,25,75,55,55,50,50,19,41,33,55,55,57,57,57,57,59,59,61,75,72,62,62,62,64,64,65,67,67,67,74,75,75,75,75,62],"gold":216,"neow_bonus":"REMOVE_CARD","is_daily":false,"chose_seed":false,"campfire_upgraded":6,"win_rate":0.0,"timestamp":1613449694,"path_taken":["M","?","?","$","M","R","M","E","T","E","M","?","?","M","R","BOSS","M","?","?","?","?","R","E","R","T","M","$","?","?","E","R","BOSS","M","?","$","?","?","R","E","M","T","R","M","E","M","?","R","BOSS"],"items_purchased_type":["Card","Card","Relic","Relic","Relic","Card"],"build_version":"2020-12-22","purchased_purges":2,"victory":true,"max_hp_per_floor":[70,70,70,70,70,70,70,70,70,70,70,70,70,70,70,70,75,75,75,75,75,75,75,75,75,75,75,75,75,75,75,75,75,75,75,75,75,75,75,75,75,75,75,75,75,75,75,75,75,75],"card_choices":[{"not_picked":["All Out Attack","Well Laid Plans"],"picked":"Distraction","floor":1.0},{"not_picked":["Quick Slash","Distraction"],"picked":"Terror","floor":2.0},{"not_picked":["Expertise","Escape Plan"],"picked":"Finisher","floor":5.0},{"not_picked":["Outmaneuver","PiercingWail"],"picked":"Deadly Poison","floor":7.0},{"not_picked":["Underhanded Strike","Corpse Explosion"],"picked":"Bouncing Flask","floor":8.0},{"not_picked":["Outmaneuver","Riddle With Holes"],"picked":"Slice","floor":10.0},{"not_picked":["Tactician","Calculated Gamble"],"picked":"Deadly Poison","floor":11.0},{"not_picked":["Terror","PiercingWail"],"picked":"Poisoned Stab","floor":14.0},{"not_picked":["After Image","Malaise"],"picked":"Adrenaline","floor":16.0},{"not_picked":["Dagger Spray","Poisoned Stab"],"picked":"Dodge and Roll","floor":17.0},{"not_picked":["Acrobatics","Backflip+1"],"picked":"Backstab","floor":18.0},{"not_picked":["Blade Dance","Backflip"],"picked":"Caltrops+1","floor":20.0},{"not_picked":["Underhanded Strike","Footwork"],"picked":"Noxious Fumes","floor":22.0},{"not_picked":["All Out Attack","Terror+1"],"picked":"Burst","floor":24},{"not_picked":["Dagger Throw","Terror"],"picked":"Quick Slash+1","floor":27},{"not_picked":["Bane","Expertise","Corpse Explosion"],"picked":"SKIP","floor":31},{"not_picked":["Phantasmal Killer","Wraith Form v2"],"picked":"Adrenaline","floor":33},{"not_picked":["Acrobatics+1","Backstab"],"picked":"Backflip+1","floor":35},{"not_picked":["Madness","PanicButton"],"picked":"Dark Shackles","floor":36},{"not_picked":["Violence","Madness"],"picked":"Bandage Up","floor":36},{"not_picked":["Good Instincts","Trip"],"picked":"Purity","floor":36},{"not_picked":["Dagger Throw","Dodge and Roll"],"picked":"Deadly Poison+1","floor":39},{"not_picked":["Bouncing Flask","Unload","Underhanded Strike"],"picked":"SKIP","floor":41},{"not_picked":["Masterful Stab","Flying Knee"],"picked":"Backstab+1","floor":42},{"not_picked":["Dodge and Roll","Choke+1"],"picked":"Bane+1","floor":45},{"not_picked":["Noxious Fumes","Riddle With Holes+1"],"picked":"Adrenaline","floor":46},{"not_picked":["Slice+1","Flying Knee+1"],"picked":"Prepared+1","floor":47}],"player_experience":18163,"relics_obtained":[{"floor":8.0,"key":"MawBank"},{"floor":9.0,"key":"Blood Vial"},{"floor":10.0,"key":"Pen Nib"},{"floor":22.0,"key":"Red Mask"},{"floor":24,"key":"Toy Ornithopter"},{"floor":26,"key":"Bag of Preparation"},{"floor":31,"key":"Whetstone"},{"floor":41,"key":"Regal Pillow"},{"floor":43,"key":"White Beast Statue"},{"floor":46,"key":"Anchor"},{"floor":48,"key":"Mummified Hand"}],"event_choices":[{"damage_healed":0.0,"max_hp_gain":0.0,"max_hp_loss":0.0,"gold_gain":175.0,"event_name":"Liars Game","player_choice":"AGREE","floor":3.0,"gold_loss":0.0,"damage_taken":0.0,"cards_obtained":["Doubt"]},{"damage_healed":0.0,"max_hp_gain":0.0,"max_hp_loss":0.0,"gold_gain":0.0,"event_name":"Scrap Ooze","player_choice":"Fled","floor":12.0,"gold_loss":0.0,"damage_taken":3.0},{"damage_healed":0.0,"max_hp_gain":0.0,"max_hp_loss":0.0,"gold_gain":0.0,"event_name":"Golden Idol","player_choice":"Take Wound","floor":13.0,"gold_loss":0.0,"damage_taken":0.0,"relics_obtained":["Golden Idol"],"cards_obtained":["Injury"]},{"damage_healed":0.0,"max_hp_gain":0.0,"max_hp_loss":0.0,"gold_gain":100.0,"event_name":"Golden Shrine","player_choice":"Pray","floor":19.0,"gold_loss":0.0,"damage_taken":0.0},{"damage_healed":0.0,"max_hp_gain":0.0,"max_hp_loss":0.0,"gold_gain":0.0,"event_name":"The Library","player_choice":"Read","floor":21.0,"gold_loss":0.0,"damage_taken":0.0,"cards_obtained":["Blur"]},{"damage_healed":0.0,"max_hp_gain":0.0,"max_hp_loss":0.0,"gold_gain":0.0,"event_name":"Masked Bandits","player_choice":"Fought Bandits","floor":22.0,"gold_loss":0.0,"damage_taken":0.0},{"damage_healed":0,"gold_gain":0,"cards_transformed":["Strike_G","Strike_G"],"player_choice":"Became Test Subject","damage_taken":0,"max_hp_gain":0,"max_hp_loss":0,"event_name":"Drug Dealer","floor":29,"gold_loss":0,"cards_obtained":["Outmaneuver","Dash"]},{"damage_healed":0,"gold_gain":0,"player_choice":"Upgraded","damage_taken":0,"max_hp_gain":0,"max_hp_loss":0,"event_name":"Upgrade Shrine","floor":30,"gold_loss":0,"cards_upgraded":["Adrenaline"]},{"damage_healed":0,"gold_gain":0,"player_choice":"Memory 3","damage_taken":10,"max_hp_gain":0,"max_hp_loss":0,"event_name":"SensoryStone","floor":36,"gold_loss":0},{"damage_healed":0,"gold_gain":0,"cards_transformed":["Dodge and Roll"],"player_choice":"Transformed","damage_taken":0,"max_hp_gain":0,"max_hp_loss":0,"event_name":"Transmorgrifier","floor":38,"gold_loss":0,"cards_obtained":["Bouncing Flask"]}],"is_beta":false,"boss_relics":[{"not_picked":["Coffee Dripper","Empty Cage"],"picked":"Tiny House"},{"not_picked":["Black Star","Snecko Eye"],"picked":"WristBlade"}],"items_purged_floors":[4,28],"is_endless":false,"potions_floor_spawned":[1,2,11,14,20,24,27,41,45,46,47],"ascension_level":0}}