{"host":"5hsgormuu0lj4iiq","time":1613497698,"event":{"mods":["AchievementEnabler","BaseMod","Colored Map","Colored Powertips","Minty Spire (QoL Compilation)","Quick Restart","Relic Stats","SuperFastMode","everything is the same but u backflip on backflip","slay the spire mod where everything is the same but ironclad has a cowboy hat"],"gold_per_floor":[112,129,139,139,89,103,103,62,62,92,92,126,126,144,144,221,221,232,157,157,157,82,110,122,145,184,196,196],"floor_reached":27,"language":"ENG","playtime":675,"items_purged":["Parasite"],"score":394,"play_id":"faa5314c-428f-4458-a15d-3e426e104934","local_time":"20210216124818","is_ascension_mode":true,"campfire_choices":[{"data":"1","floor":7,"key":"LIFT"},{"data":"Defragment","floor":11,"key":"SMITH"},{"data":"2","floor":15,"key":"LIFT"},{"data":"3","floor":24,"key":"LIFT"}],"circlet_count":0,"master_deck":["AscendersBane","Strike_B+1","Strike_B+1","Defend_B+1","Defend_B+1","Defend_B+1","Defend_B+1","Zap","Dualcast","Capacitor","Glacier","Doom and Gloom","Defragment+1","Ball Lightning","Coolheaded","Core Surge","Glacier+1"],"relics":["Cracked Core","Girya","Mummified Hand","Lizard Tail","Happy Flower","Snecko Eye","MawBank","Strawberry"],"acts_visited":["Exordium","TheCity"],"potions_floor_usage":[12,25],"damage_taken":[{"damage":0,"enemies":"Cultist","floor":1,"turns":4},{"damage":10,"enemies":"Small Slimes","floor":2,"turns":3},{"damage":2,"enemies":"2 Louse","floor":3,"turns":2},{"damage":6,"enemies":"Blue Slaver","floor":6,"turns":4},{"damage":24,"enemies":"Lagavulin","floor":10,"turns":7},{"damage":16,"enemies":"Gremlin Nob","floor":12,"turns":5},{"damage":7,"enemies":"Exordium Wildlife","floor":14,"turns":3},{"damage":3,"enemies":"Hexaghost","floor":16,"turns":8},{"damage":22,"enemies":"2 Thieves","floor":18,"turns":3},{"damage":9,"enemies":"Gremlin Leader","floor":23,"turns":11},{"damage":28,"enemies":"3 Byrds","floor":25,"turns":5},{"damage":0,"enemies":"Slavers","floor":27,"turns":1}],"seed_played":"-3663244517677492738","potions_obtained":[{"floor":2,"key":"CultistPotion"},{"floor":3,"key":"PowerPotion"},{"floor":23,"key":"Explosive Potion"}],"is_trial":false,"path_per_floor":["M","M","M","?","?","M","R","$","T","E","R","E","?","M","R","B",null,"M","$","?","?","?","E","R","M","T","E"],"character_chosen":"DEFECT","items_purchased":["Doom and Gloom"],"campfire_rested":0,"item_purchase_floors":[8],"current_hp_per_floor":[68,58,56,61,61,55,55,55,55,31,31,15,33,26,26,23,61,39,39,39,39,39,30,30,2,9,9,9],"gold":196,"neow_bonus":"ONE_RARE_RELIC","is_daily":false,"chose_seed":false,"campfire_upgraded":1,"win_rate":0.0,"timestamp":1613497698,"path_taken":["M","M","M","?","?","M","R","$","T","E","R","E","?","M","R","BOSS","M","$","?","?","?","E","R","?","T","E"],"items_purchased_type":["Card"],"build_version":"2020-12-22","purchased_purges":1,"victory":false,"max_hp_per_floor":[68,68,68,73,73,73,73,73,73,73,73,73,73,73,73,73,73,73,70,70,70,70,70,70,70,77,77,77],"relic_stats":{"Lizard Tail":0,"Happy Flower":[10],"counters":[12,56],"Mummified Hand":[21],"Snecko Eye":[35,36,34,36],"MawBank":48,"obtain_stats":[{"Girya":0,"Lizard Tail":10,"Happy Flower":12,"Mummified Hand":9,"Strawberry":26,"Snecko Eye":17,"Cracked Core":0,"MawBank":23},{"Girya":0,"Lizard Tail":5,"Happy Flower":6,"Mummified Hand":4,"Strawberry":11,"Snecko Eye":8,"Cracked Core":0,"MawBank":10},{"Girya":0,"Lizard Tail":20,"Happy Flower":25,"Mummified Hand":13,"Strawberry":55,"Snecko Eye":36,"Cracked Core":0,"MawBank":50}]},"card_choices":[{"not_picked":["Compile Driver","Beam Cell","Reinforced Body"],"picked":"SKIP","floor":1},{"not_picked":["Steam","Gash","Skim"],"picked":"SKIP","floor":2},{"not_picked":["Rebound","Streamline"],"picked":"Capacitor","floor":3},{"not_picked":["Steam","Amplify"],"picked":"Glacier","floor":6},{"not_picked":["Ball Lightning","Blizzard"],"picked":"Defragment","floor":10},{"not_picked":["Recycle","Meteor Strike"],"picked":"Ball Lightning","floor":12},{"not_picked":["Redo","Stack"],"picked":"Coolheaded","floor":14},{"not_picked":["Seek","Fission"],"picked":"Core Surge","floor":16},{"not_picked":["Steam","Beam Cell"],"picked":"Glacier+1","floor":18},{"not_picked":["Hologram","Gash","Sweeping Beam"],"picked":"SKIP","floor":23},{"not_picked":["Streamline","Gash","Stack+1"],"picked":"SKIP","floor":25}],"player_experience":739788,"relics_obtained":[{"floor":9,"key":"Mummified Hand"},{"floor":10,"key":"Lizard Tail"},{"floor":12,"key":"Happy Flower"},{"floor":23,"key":"MawBank"},{"floor":26,"key":"Strawberry"}],"event_choices":[{"damage_healed":0,"gold_gain":0,"player_choice":"Donut","damage_taken":0,"max_hp_gain":5,"max_hp_loss":0,"event_name":"Big Fish","floor":4,"gold_loss":0},{"cards_removed":["Strike_B"],"damage_healed":0,"gold_gain":0,"player_choice":"Card Removal","damage_taken":0,"max_hp_gain":0,"max_hp_loss":0,"event_name":"The Cleric","floor":5,"gold_loss":50},{"damage_healed":18,"gold_gain":0,"player_choice":"Healed and dodged fight","damage_taken":0,"max_hp_gain":0,"max_hp_loss":0,"event_name":"Mushrooms","floor":13,"gold_loss":0,"cards_obtained":["Parasite"]},{"damage_healed":0,"gold_gain":0,"player_choice":"Simplicity","damage_taken":0,"max_hp_gain":0,"max_hp_loss":0,"event_name":"Back to Basics","floor":20,"gold_loss":0,"cards_upgraded":["Strike_B","Strike_B","Strike_B","Defend_B","Defend_B","Defend_B","Defend_B"]},{"damage_healed":0,"gold_gain":0,"player_choice":"Ignored","damage_taken":0,"max_hp_gain":0,"max_hp_loss":0,"event_name":"Ghosts","floor":21,"gold_loss":0},{"cards_removed":["Strike_B"],"damage_healed":0,"gold_gain":0,"player_choice":"Gave Gold","damage_taken":0,"max_hp_gain":0,"max_hp_loss":0,"event_name":"Beggar","floor":22,"gold_loss":75}],"is_beta":false,"boss_relics":[{"not_picked":["Fusion Hammer","Black Star"],"picked":"Snecko Eye"}],"items_purged_floors":[19],"is_endless":false,"potions_floor_spawned":[2,3,10,23],"killed_by":"Slavers","ascension_level":13}}