{"host":"b5jaqh8y266k2cz4","time":1613519010,"event":{"mods":["AchievementEnabler","Aspiration","BaseMod","Colored Powertips","Conspire","Dio Mod","Downfall","Googly Eyes","Hermit","Highlight Path","Hubris","Infinite Spire","MarisaÅiñ∂âJÅ@ñÇóùçπÅj","Mimic Mod","Minty Spire (QoL Compilation)","Quick Restart","Replay The Spire","Spikes Relics","StSLib","Synergy Search","Td1madao Mod","The Animator","The Cursed","The Jungle","The Necromancer","The Servant 0.9.4","The Wild Card","slay the spire mod where everything is the same but ironclad has a cowboy hat"],"gold_per_floor":[116,128,53,73,27,55,55,67,91,91,91,91,108,108,108,213,213,224,0,0,0,10,10,30,64,87,87,105,136,136,149,149,149,149],"floor_reached":33,"language":"ENG","playtime":1435,"items_purged":["Strike_C","Strike_C"],"score":326,"play_id":"221a74e4-d9ed-4f37-9507-ad097951dd04","local_time":"20210216184330","is_ascension_mode":true,"campfire_choices":[{"data":"Resistance","floor":7,"key":"SMITH"},{"data":"Provocative","floor":10,"key":"SMITH"},{"data":"Fire Blade","floor":12,"key":"SMITH"},{"floor":15,"key":"REST"},{"data":"Awareness","floor":23,"key":"SMITH"},{"data":"Provocative","floor":27,"key":"SMITH"},{"floor":32,"key":"DIG"}],"circlet_count":0,"master_deck":["Strike_C","Strike_C","Defend_C","Defend_C","Defend_C","Defend_C","Knight Kick","Chip","Resistance+1","Cursed Blade","Provocative+1","Fire Blade+1","Parasite","Awareness+1","Lore","Provocative+1","Fire Blade+1"],"relics":["Apod","hubris:OldNail","RollingBoulder","Bronze Scales","Anchor","Philosopher\u0027s Stone","Dream Catcher","infinitespire:Satchel","Quantum Egg","ReplayTheSpireMod:Ninjato"],"acts_visited":["Exordium","TheCity"],"potions_floor_usage":[6,25,25,25,33],"damage_taken":[{"damage":10,"enemies":"Cultist","floor":1,"turns":6},{"damage":10,"enemies":"Jaw Worm","floor":2,"turns":4},{"damage":3,"enemies":"2 Louse","floor":4,"turns":3},{"damage":12,"enemies":"Gremlin Nob","floor":6,"turns":4},{"damage":13,"enemies":"Gremlin Gang","floor":8,"turns":5},{"damage":8,"enemies":"Exordium Thugs","floor":13,"turns":4},{"damage":12,"enemies":"Hexaghost","floor":16,"turns":9},{"damage":2,"enemies":"Chosen","floor":18,"turns":3},{"damage":10,"enemies":"conspire:FuzzyDice","floor":22,"turns":4},{"damage":15,"enemies":"Snake Plant","floor":24,"turns":4},{"damage":0,"enemies":"Replay:Snechameleon","floor":25,"turns":4},{"damage":0,"enemies":"Snecko","floor":28,"turns":4},{"damage":9,"enemies":"conspire:Head Lice","floor":29,"turns":6},{"damage":7,"enemies":"conspire:HollyBat","floor":31,"turns":6},{"damage":73,"enemies":"hubris:MusketHawk","floor":33,"turns":6}],"seed_played":"5873128822478712122","potions_obtained":[{"floor":2,"key":"SkillPotion"},{"floor":4,"key":"Elixir"},{"floor":13,"key":"Adrenaline Potion"},{"floor":16,"key":"Regen Potion"},{"floor":22,"key":"Weak Potion"},{"floor":25,"key":"SteroidPotion"},{"floor":28,"key":"Energy Potion"},{"floor":31,"key":"hexamod:SoulburnPotion"}],"is_trial":false,"path_per_floor":["M","M","$","M","$","E","R","M","T","R","?","R","M","?","R","B",null,"M","$","?","?","M","R","M","E","T","R","M","E","?","M","R","B"],"character_chosen":"TD1MADAO_CLASS","items_purchased":["Provocative","Lore","Provocative"],"campfire_rested":1,"item_purchase_floors":[5,19,19],"current_hp_per_floor":[60,50,50,47,47,35,35,22,22,22,39,39,31,13,34,28,70,70,70,70,70,61,61,49,63,63,63,67,63,70,67,67,0,0],"gold":149,"neow_bonus":"RANDOM_COMMON_RELIC","is_daily":false,"chose_seed":false,"campfire_upgraded":5,"win_rate":0.0,"timestamp":1613519010,"path_taken":["M","?","$","M","$","E","R","M","T","R","?","R","M","?","R","BOSS","M","$","?","?","M","R","M","E","T","R","M","E","?","M","R","BOSS"],"items_purchased_type":["Card","Card","Card"],"build_version":"2020-12-22","purchased_purges":2,"victory":false,"max_hp_per_floor":[70,70,70,70,70,70,70,70,70,70,70,70,70,70,70,70,70,70,70,70,70,70,70,70,70,70,70,70,70,70,70,70,70,70],"card_choices":[{"not_picked":["Fixing","Gravity Defend"],"picked":"Resistance","floor":1},{"not_picked":["Winding Magic","Preloading","Gravity Defend"],"picked":"SKIP","floor":2},{"not_picked":["Thunder Jump","Trader"],"picked":"Cursed Blade","floor":4},{"not_picked":["Floating Even","Memory Alloy","Black Execution"],"picked":"SKIP","floor":6},{"not_picked":["Gravity Defend","Sudden Beat"],"picked":"Fire Blade","floor":8},{"not_picked":["Here Defend Chip","Sub Weapons"],"picked":"Awareness","floor":13},{"not_picked":["Black Execution","Recovery Mechanism+1"],"picked":"Awareness","floor":18},{"not_picked":["Fixing","Gravity Defend","Sudden Beat"],"picked":"SKIP","floor":22},{"not_picked":["Twin Teeth+1","Fixing","Floating Even"],"picked":"SKIP","floor":24},{"not_picked":["Twin Teeth+1","Fixing","Floating Even"],"picked":"SKIP","floor":24},{"not_picked":["Weapon Shift","Preloading","Three Hit+1"],"picked":"SKIP","floor":25},{"not_picked":["E MP","Light Attack","Sudden Beat"],"picked":"SKIP","floor":28},{"not_picked":["Here Defend Chip","Pod Laser"],"picked":"Fire Blade+1","floor":29},{"not_picked":["Black Execution","Floating Swing Kick","Twin Teeth"],"picked":"SKIP","floor":31}],"player_experience":393904,"relics_obtained":[{"floor":6,"key":"RollingBoulder"},{"floor":9,"key":"Bronze Scales"},{"floor":25,"key":"Dream Catcher"},{"floor":26,"key":"infinitespire:Satchel"},{"floor":29,"key":"Quantum Egg"},{"floor":32,"key":"ReplayTheSpireMod:Ninjato"}],"event_choices":[{"damage_healed":17,"gold_gain":0,"player_choice":"Healed and dodged fight","damage_taken":0,"max_hp_gain":0,"max_hp_loss":0,"event_name":"Mushrooms","floor":11,"gold_loss":0,"cards_obtained":["Parasite"]},{"damage_healed":0,"gold_gain":0,"player_choice":"Success","damage_taken":18,"relics_obtained":["Anchor"],"max_hp_gain":0,"max_hp_loss":0,"event_name":"Scrap Ooze","floor":14,"gold_loss":0},{"damage_healed":0,"gold_gain":0,"player_choice":"Ignored","damage_taken":0,"max_hp_gain":0,"max_hp_loss":0,"event_name":"Ghosts","floor":21,"gold_loss":0},{"cards_removed":["Awareness"],"damage_healed":7,"gold_gain":0,"player_choice":"Offered Uncommon","damage_taken":0,"max_hp_gain":0,"max_hp_loss":0,"event_name":"Bonfire Elementals","floor":30,"gold_loss":0}],"is_beta":false,"boss_relics":[{"not_picked":["ReplayTheSpireMod:SealedPack","Replay:Bronze Core"],"picked":"Philosopher\u0027s Stone"}],"items_purged_floors":[3,19],"is_endless":false,"potions_floor_spawned":[2,4,13,16,22,25,28,31],"killed_by":"hubris:MusketHawk","ascension_level":1}}