{"host":"6406jj8da6015sxr","time":1613492993,"event":{"mods":["AchievementEnabler","BaseMod","Colored Map","DeckTracker","Keyboard Shortcuts","Minty Spire (QoL Compilation)","Permanent Neow","Relic Stats","SuperFastMode","everything is the same but u backflip on backflip"],"gold_per_floor":[114,133,152,162,15,48,48,48,48,75,92,92,92,110,110,215,215,229,245,260,260,16,16,16,16],"floor_reached":24,"language":"KOR","playtime":893,"items_purged":[],"score":260,"play_id":"895af44f-56c8-4f0a-b052-bcf4ed9faea8","local_time":"20210217012953","is_ascension_mode":true,"campfire_choices":[{"floor":7.0,"key":"REST"},{"floor":13.0,"key":"REST"},{"floor":15.0,"key":"REST"},{"floor":23,"key":"REST"}],"circlet_count":0,"master_deck":["Strike_G","Strike_G","Strike_G","Strike_G","Strike_G","Defend_G","Defend_G","Defend_G","Defend_G","Defend_G","Survivor","Neutralize+1","Flechettes","Blade Dance","Dagger Spray","A Thousand Cuts","Dodge and Roll","Blade Dance","Escape Plan","Decay","Predator","Prepared","Underhanded Strike","Envenom","Cloak And Dagger","Escape Plan","Cloak And Dagger","Footwork"],"relics":["Ring of the Snake","Dream Catcher","Art of War","The Courier","Tingsha","HoveringKite","Blood Vial","Bottled Tornado"],"acts_visited":["Exordium","TheCity"],"potions_floor_usage":[19,24],"damage_taken":[{"damage":8.0,"enemies":"Jaw Worm","floor":1.0,"turns":6.0},{"damage":0.0,"enemies":"Small Slimes","floor":2.0,"turns":3.0},{"damage":0.0,"enemies":"Cultist","floor":3.0,"turns":3.0},{"damage":1.0,"enemies":"2 Fungi Beasts","floor":4.0,"turns":3.0},{"damage":30.0,"enemies":"Lagavulin","floor":6.0,"turns":4.0},{"damage":35.0,"enemies":"3 Sentries","floor":10.0,"turns":6.0},{"damage":7.0,"enemies":"Gremlin Gang","floor":11.0,"turns":3.0},{"damage":17.0,"enemies":"Large Slime","floor":14.0,"turns":6.0},{"damage":28.0,"enemies":"Slime Boss","floor":16.0,"turns":8.0},{"damage":9.0,"enemies":"3 Byrds","floor":18.0,"turns":5.0},{"damage":0,"enemies":"Chosen","floor":19,"turns":3},{"damage":44,"enemies":"Snecko","floor":20,"turns":7},{"damage":24,"enemies":"Gremlin Leader","floor":24,"turns":2}],"seed_played":"-7495225215744854677","potions_obtained":[{"floor":1.0,"key":"FearPotion"},{"floor":10.0,"key":"FearPotion"},{"floor":14.0,"key":"LiquidMemories"},{"floor":20,"key":"Block Potion"}],"is_trial":false,"path_per_floor":["M","M","M","M","$","E","R","?","T","E","M","?","R","M","R","B",null,"M","M","M","?","$","R","E"],"character_chosen":"THE_SILENT","items_purchased":["Dream Catcher","Bottled Tornado","Cloak And Dagger"],"campfire_rested":4,"item_purchase_floors":[5,22,22],"current_hp_per_floor":[62,62,62,61,61,31,52,52,52,17,10,10,31,14,35,7,54,45,45,1,1,1,22,0,0],"gold":16,"neow_bonus":"UPGRADE_CARD","is_daily":false,"chose_seed":false,"campfire_upgraded":0,"win_rate":0.0,"timestamp":1613492993,"path_taken":["M","M","M","M","$","E","R","?","T","E","M","?","R","M","R","BOSS","M","M","?","?","$","R","E"],"items_purchased_type":["Relic","Relic","Card"],"build_version":"2020-12-22","purchased_purges":0,"victory":false,"max_hp_per_floor":[70,70,70,70,70,70,70,70,70,70,70,70,70,70,70,70,70,70,70,70,70,70,70,70,70],"relic_stats":{"Blood Vial":2,"Dream Catcher":4,"counters":[13,59],"HoveringKite":[4],"Tingsha":[27],"Art of War":[1],"obtain_stats":[{"Blood Vial":21,"Dream Catcher":5,"HoveringKite":17,"Tingsha":10,"The Courier":9,"Art of War":6,"Bottled Tornado":22,"Ring of the Snake":0},{"Blood Vial":12,"Dream Catcher":4,"HoveringKite":9,"Tingsha":6,"The Courier":5,"Art of War":5,"Bottled Tornado":12,"Ring of the Snake":0},{"Blood Vial":57,"Dream Catcher":15,"HoveringKite":42,"Tingsha":25,"The Courier":19,"Art of War":19,"Bottled Tornado":57,"Ring of the Snake":0}],"Ring of the Snake":[26]},"card_choices":[{"not_picked":["Reflex","Acrobatics"],"picked":"Dagger Spray","floor":1.0},{"not_picked":["Deadly Poison","Heel Hook"],"picked":"Flechettes","floor":2.0},{"not_picked":["Acrobatics","PiercingWail"],"picked":"Blade Dance","floor":3.0},{"not_picked":["All Out Attack","Backflip"],"picked":"Dagger Spray","floor":4.0},{"not_picked":["Setup","Deflect"],"picked":"A Thousand Cuts","floor":6.0},{"not_picked":["Dagger Throw","Catalyst"],"picked":"Dodge and Roll","floor":7.0},{"not_picked":["Poisoned Stab","Phantasmal Killer"],"picked":"Blade Dance","floor":10.0},{"not_picked":["Dagger Throw","Acrobatics"],"picked":"Escape Plan","floor":11.0},{"not_picked":["Dodge and Roll","Sucker Punch"],"picked":"Predator","floor":13.0},{"not_picked":["Underhanded Strike","Leg Sweep"],"picked":"Prepared","floor":14.0},{"not_picked":["All Out Attack","Caltrops"],"picked":"Underhanded Strike","floor":15.0},{"not_picked":["Grand Finale","Bullet Time"],"picked":"Envenom","floor":16.0},{"not_picked":["Riddle With Holes","Expertise"],"picked":"Cloak And Dagger","floor":18.0},{"not_picked":["Outmaneuver","Poisoned Stab"],"picked":"Escape Plan","floor":19},{"not_picked":["Riddle With Holes","Catalyst","Deadly Poison"],"picked":"SKIP","floor":20},{"not_picked":["Dodge and Roll","Blade Dance"],"picked":"Footwork","floor":23}],"player_experience":25635,"relics_obtained":[{"floor":6.0,"key":"Art of War"},{"floor":9.0,"key":"The Courier"},{"floor":10.0,"key":"Tingsha"}],"event_choices":[{"damage_healed":0.0,"max_hp_gain":0.0,"max_hp_loss":0.0,"gold_gain":0.0,"event_name":"Scrap Ooze","player_choice":"Fled","floor":8.0,"gold_loss":0.0,"damage_taken":0.0},{"damage_healed":0.0,"max_hp_gain":0.0,"max_hp_loss":0.0,"gold_gain":0.0,"event_name":"Wheel of Change","player_choice":"Cursed","floor":12.0,"gold_loss":0.0,"damage_taken":0.0,"cards_obtained":["Decay"]},{"cards_removed":["Dagger Spray"],"damage_healed":0,"gold_gain":0,"player_choice":"Gave Card","damage_taken":0,"relics_obtained":["Blood Vial"],"max_hp_gain":0,"max_hp_loss":0,"event_name":"WeMeetAgain","floor":21,"gold_loss":0}],"is_beta":false,"boss_relics":[{"not_picked":["Snecko Eye","Runic Pyramid"],"picked":"HoveringKite"}],"items_purged_floors":[],"is_endless":false,"potions_floor_spawned":[1,10,14,20],"killed_by":"Gremlin Leader","ascension_level":5}}