{"host":"0mhttqdumuceah7q","time":1613469635,"event":{"mods":["AchievementEnabler","BaseMod","Colored Map","DeckTracker","Minty Spire (QoL Compilation)","Permanent Neow"],"gold_per_floor":[119,133,58,58,72,100,110,130,199,232,53,53,69,82,82,183,183,108,108,119,139,157,157,157],"floor_reached":23,"language":"KOR","playtime":1321,"items_purged":["Strike_B","Pain"],"score":226,"play_id":"9e93632d-d7ad-47db-b460-e946f5666f17","local_time":"20210216190035","is_ascension_mode":true,"campfire_choices":[{"data":"Scrape","floor":15,"key":"SMITH"}],"circlet_count":0,"master_deck":["Strike_B","Defend_B","Defend_B","Defend_B","Defend_B","Zap","Dualcast","Cold Snap","Gash","Coolheaded","Gash","Aggregate","Stack","Self Repair","Core Surge","Enlightenment","Zap","Go for the Eyes","Scrape+1","Double Energy","Undo","Seek","Beam Cell","Scrape","Glacier","Core Surge","Turbo","Gash+1","Go for the Eyes","Capacitor","Sweeping Beam+1"],"relics":["FrozenCore","Bag of Preparation","WarpedTongs","CaptainsWheel","Pantograph","Prayer Wheel"],"acts_visited":["Exordium","TheCity"],"potions_floor_usage":[23,23],"damage_taken":[{"damage":2.0,"enemies":"Jaw Worm","floor":1.0,"turns":3.0},{"damage":0.0,"enemies":"Cultist","floor":2.0,"turns":2.0},{"damage":3.0,"enemies":"Small Slimes","floor":5.0,"turns":2.0},{"damage":14.0,"enemies":"3 Sentries","floor":6.0,"turns":7.0},{"damage":16.0,"enemies":"Exordium Thugs","floor":7.0,"turns":3.0},{"damage":9.0,"enemies":"Exordium Wildlife","floor":8.0,"turns":5.0},{"damage":5.0,"enemies":"Gremlin Nob","floor":10.0,"turns":4.0},{"damage":9,"enemies":"Looter","floor":13,"turns":2},{"damage":9,"enemies":"Red Slaver","floor":14,"turns":3},{"damage":39,"enemies":"The Guardian","floor":16,"turns":13},{"damage":18,"enemies":"2 Thieves","floor":18,"turns":5},{"damage":9,"enemies":"3 Byrds","floor":20,"turns":8},{"damage":29,"enemies":"3 Cultists","floor":21,"turns":6},{"damage":13,"enemies":"Shelled Parasite and Fungi","floor":22,"turns":7},{"damage":55,"enemies":"Gremlin Leader","floor":23,"turns":8}],"seed_played":"519162762049915484","potions_obtained":[{"floor":2.0,"key":"Regen Potion"},{"floor":5.0,"key":"Weak Potion"},{"floor":10.0,"key":"Explosive Potion"},{"floor":14,"key":"BlessingOfTheForge"},{"floor":21,"key":"DuplicationPotion"}],"is_trial":false,"path_per_floor":["M","M","$","?","M","E","M","M","T","E","$","?","M","M","R","B",null,"M","?","M","M","M","E"],"character_chosen":"DEFECT","items_purchased":["Core Surge"],"campfire_rested":0,"item_purchase_floors":[11],"current_hp_per_floor":[73,73,73,73,70,56,40,31,31,38,38,38,36,27,27,20,75,67,67,68,49,46,0,0],"gold":157,"neow_bonus":"RANDOM_COMMON_RELIC","is_daily":false,"chose_seed":false,"campfire_upgraded":1,"win_rate":0.0,"timestamp":1613469635,"path_taken":["M","M","$","?","M","E","M","M","T","E","?","?","M","M","R","BOSS","M","?","M","M","M","E"],"items_purchased_type":["Card"],"build_version":"2020-12-22","purchased_purges":2,"victory":false,"max_hp_per_floor":[75,75,75,75,75,75,75,75,75,75,75,75,75,75,75,75,75,75,75,75,75,75,75,75],"card_choices":[{"not_picked":["Redo","Stack"],"picked":"Cold Snap","floor":1.0},{"not_picked":["Hologram","Rebound"],"picked":"Gash","floor":2.0},{"not_picked":["Cold Snap","Compile Driver"],"picked":"Coolheaded","floor":5.0},{"not_picked":["Lockon","Reprogram"],"picked":"Gash","floor":6.0},{"not_picked":["Barrage","Force Field"],"picked":"Aggregate","floor":7.0},{"not_picked":["Redo","Fusion"],"picked":"Stack","floor":8.0},{"not_picked":["Chaos","Steam"],"picked":"Self Repair","floor":10.0},{"not_picked":["Self Repair","Redo"],"picked":"Go for the Eyes","floor":13},{"not_picked":["Electrodynamics","Coolheaded"],"picked":"Scrape","floor":13},{"not_picked":["Loop","Undo"],"picked":"Double Energy","floor":14},{"not_picked":["Coolheaded","Leap"],"picked":"Undo","floor":14},{"not_picked":["Hyperbeam","Electrodynamics"],"picked":"Seek","floor":16},{"not_picked":["Double Energy","Compile Driver+1"],"picked":"Beam Cell","floor":18},{"not_picked":["Heatsinks+1","Tempest+1"],"picked":"Scrape","floor":18},{"not_picked":["Electrodynamics","Stack"],"picked":"Turbo","floor":20},{"not_picked":["Redo","Sweeping Beam"],"picked":"Gash+1","floor":20},{"not_picked":["Compile Driver","Rebound"],"picked":"Go for the Eyes","floor":21},{"not_picked":["Compile Driver","Stack","Coolheaded"],"picked":"SKIP","floor":21},{"not_picked":["Compile Driver","Recycle+1"],"picked":"Capacitor","floor":22},{"not_picked":["Echo Form","Redo"],"picked":"Sweeping Beam+1","floor":22}],"player_experience":103961,"relics_obtained":[{"floor":6.0,"key":"CaptainsWheel"},{"floor":9.0,"key":"Pantograph"},{"floor":10.0,"key":"Prayer Wheel"}],"event_choices":[{"damage_healed":0.0,"max_hp_gain":0.0,"max_hp_loss":0.0,"gold_gain":0.0,"event_name":"Accursed Blacksmith","player_choice":"Rummage","floor":4.0,"gold_loss":0.0,"damage_taken":0.0,"relics_obtained":["WarpedTongs"],"cards_obtained":["Pain"]},{"damage_healed":0,"gold_gain":0,"player_choice":"2 cards matched","damage_taken":0,"max_hp_gain":0,"max_hp_loss":0,"event_name":"Match and Keep!","floor":12,"gold_loss":0,"cards_obtained":["Enlightenment","Zap"]},{"damage_healed":0,"gold_gain":0,"player_choice":"2 cards matched","damage_taken":0,"max_hp_gain":0,"max_hp_loss":0,"event_name":"Match and Keep!","floor":12,"gold_loss":0,"cards_obtained":["Enlightenment","Zap"]},{"damage_healed":0,"gold_gain":0,"cards_transformed":["Strike_B","Strike_B"],"player_choice":"Became Test Subject","damage_taken":0,"max_hp_gain":0,"max_hp_loss":0,"event_name":"Drug Dealer","floor":19,"gold_loss":0,"cards_obtained":["Glacier","Core Surge"]}],"is_beta":false,"boss_relics":[{"not_picked":["Nuclear Battery","SlaversCollar"],"picked":"FrozenCore"}],"items_purged_floors":[3,11],"is_endless":false,"potions_floor_spawned":[2,5,10,14,16,21,22],"killed_by":"Gremlin Leader","ascension_level":2}}