{"host":"prxrhpgaxnj4om9r","time":1613484245,"event":{"mods":["AchievementEnabler","BaseMod","Colored Map","DeckTracker","Minty Spire (QoL Compilation)"],"gold_per_floor":[115,115,135,67,67,92,109,126,149,177,195,195,209,227,227,326,326,345,345,57,57,57,57,69,99,126,126,126,157,157,157],"floor_reached":30,"language":"KOR","playtime":841,"items_purged":[],"score":340,"play_id":"7e6a9263-d12c-44fb-8146-64df07478e00","local_time":"20210216230405","is_ascension_mode":true,"campfire_choices":[{"floor":12,"key":"REST"},{"data":"Juggernaut","floor":15,"key":"SMITH"},{"data":"Fire Breathing","floor":23,"key":"SMITH"},{"floor":27,"key":"REST"}],"circlet_count":0,"master_deck":["Strike_R","Strike_R","Strike_R","Strike_R","Strike_R","Defend_R","Defend_R","Defend_R","Defend_R","Bash","Cleave","Cleave","Forethought","Hemokinesis","Fire Breathing+1","Flex","Anger","Clash","Juggernaut+1","Perfected Strike","Pommel Strike","Shockwave","Demon Form","CurseOfTheBell","Perfected Strike","Reckless Charge","Wild Strike","Pummel+1","Perfected Strike+1","Carnage+1"],"relics":["Burning Blood","NeowsBlessing","CultistMask","Vajra","Dream Catcher","PreservedInsect","Calling Bell","Bag of Preparation","Eternal Feather","Dead Branch","Juzu Bracelet","Tiny Chest","Nilry\u0027s Codex","Red Mask","Ancient Tea Set","Toy Ornithopter","Potion Belt"],"acts_visited":["Exordium","TheCity"],"potions_floor_usage":[10,18,24,24,29],"damage_taken":[{"damage":0,"enemies":"Jaw Worm","floor":1,"turns":1},{"damage":0,"enemies":"Cultist","floor":3,"turns":1},{"damage":0,"enemies":"Gremlin Nob","floor":6,"turns":1},{"damage":0,"enemies":"Small Slimes","floor":7,"turns":2},{"damage":18,"enemies":"Blue Slaver","floor":8,"turns":3},{"damage":22,"enemies":"3 Sentries","floor":10,"turns":4},{"damage":14,"enemies":"Red Slaver","floor":11,"turns":3},{"damage":0,"enemies":"2 Fungi Beasts","floor":13,"turns":2},{"damage":8,"enemies":"Blue Slaver","floor":14,"turns":2},{"damage":30,"enemies":"Slime Boss","floor":16,"turns":8},{"damage":23,"enemies":"2 Thieves","floor":18,"turns":4},{"damage":8,"enemies":"Spheric Guardian","floor":24,"turns":3},{"damage":50,"enemies":"Masked Bandits","floor":25,"turns":4},{"damage":28,"enemies":"Book of Stabbing","floor":29,"turns":3},{"damage":41,"enemies":"Shelled Parasite and Fungi","floor":30,"turns":2}],"seed_played":"7822658935624045153","potions_obtained":[{"floor":6,"key":"Fire Potion"},{"floor":11,"key":"ElixirPotion"},{"floor":13,"key":"Block Potion"},{"floor":16,"key":"Explosive Potion"},{"floor":21,"key":"Energy Potion"},{"floor":21,"key":"Weak Potion"},{"floor":24,"key":"GamblersBrew"}],"is_trial":false,"path_per_floor":["M","?","M","$","?","E","M","M","T","E","M","R","M","M","R","B",null,"M","?","$","?","?","R","M","?","T","R","T","E","M"],"character_chosen":"IRONCLAD","items_purchased":["Fire Breathing","Juzu Bracelet","Tiny Chest"],"campfire_rested":2,"item_purchase_floors":[4,20,20],"current_hp_per_floor":[80,80,80,80,80,80,80,68,68,52,44,68,74,72,72,48,80,63,63,63,63,47,62,60,16,16,55,55,38,0,0],"gold":157,"neow_bonus":"THREE_ENEMY_KILL","is_daily":false,"chose_seed":false,"campfire_upgraded":2,"win_rate":0.0,"timestamp":1613484245,"path_taken":["M","?","?","$","?","E","M","?","T","E","M","R","M","?","R","BOSS","M","?","$","?","?","R","M","?","T","R","?","E","M"],"items_purchased_type":["Card","Relic","Relic"],"build_version":"2020-12-22","purchased_purges":0,"victory":false,"max_hp_per_floor":[80,80,80,80,80,80,80,80,80,80,80,80,80,80,80,80,80,80,80,80,80,80,80,80,80,80,80,80,80,80,80],"card_choices":[{"not_picked":["Twin Strike","Infernal Blade"],"picked":"Cleave","floor":1},{"not_picked":["Twin Strike","Sentinel"],"picked":"Hemokinesis","floor":3},{"not_picked":["Thunderclap","Body Slam"],"picked":"Flex","floor":6},{"not_picked":["Headbutt","Rupture"],"picked":"Anger","floor":7},{"not_picked":["Iron Wave","Sword Boomerang"],"picked":"Clash","floor":8},{"not_picked":["Iron Wave","Bloodletting"],"picked":"Juggernaut","floor":10},{"not_picked":["Warcry","Havoc"],"picked":"Perfected Strike","floor":11},{"not_picked":["Second Wind","True Grit"],"picked":"Pommel Strike","floor":12},{"not_picked":["Clothesline","Cleave"],"picked":"Shockwave","floor":13},{"not_picked":["Headbutt","Pummel","Juggernaut"],"picked":"SKIP","floor":14},{"not_picked":["Reaper","Fiend Fire"],"picked":"Demon Form","floor":16},{"not_picked":["Anger","Clothesline"],"picked":"Perfected Strike","floor":18},{"not_picked":["Flex","Thunderclap"],"picked":"Wild Strike","floor":24},{"not_picked":["Shrug It Off","Reckless Charge"],"picked":"Pummel+1","floor":25},{"not_picked":["Havoc","Armaments"],"picked":"Perfected Strike+1","floor":27},{"not_picked":["Iron Wave","Fire Breathing"],"picked":"Carnage+1","floor":29}],"player_experience":490286,"relics_obtained":[{"floor":6,"key":"Vajra"},{"floor":9,"key":"Dream Catcher"},{"floor":10,"key":"PreservedInsect"},{"floor":17,"key":"Bag of Preparation"},{"floor":17,"key":"Eternal Feather"},{"floor":17,"key":"Dead Branch"},{"floor":22,"key":"Nilry\u0027s Codex"},{"floor":25,"key":"Red Mask"},{"floor":26,"key":"Ancient Tea Set"},{"floor":28,"key":"Toy Ornithopter"},{"floor":29,"key":"Potion Belt"}],"event_choices":[{"damage_healed":0,"gold_gain":0,"player_choice":"2 cards matched","damage_taken":0,"max_hp_gain":0,"max_hp_loss":0,"event_name":"Match and Keep!","floor":2,"gold_loss":0,"cards_obtained":["Cleave","Forethought"]},{"damage_healed":0,"gold_gain":0,"player_choice":"Trade","damage_taken":0,"relics_obtained":["CultistMask"],"max_hp_gain":0,"max_hp_loss":0,"event_name":"FaceTrader","floor":5,"gold_loss":0},{"damage_healed":0,"gold_gain":0,"player_choice":"Read","damage_taken":0,"max_hp_gain":0,"max_hp_loss":0,"event_name":"The Library","floor":19,"gold_loss":0,"cards_obtained":["Reckless Charge"]},{"damage_healed":0,"gold_gain":0,"player_choice":"Got Potions","damage_taken":0,"max_hp_gain":0,"max_hp_loss":0,"event_name":"Lab","floor":21,"gold_loss":0},{"damage_healed":0,"gold_gain":0,"player_choice":"Obtained Book","damage_taken":16,"max_hp_gain":0,"max_hp_loss":0,"event_name":"Cursed Tome","floor":22,"gold_loss":0},{"damage_healed":0,"gold_gain":0,"player_choice":"Fought Bandits","damage_taken":0,"max_hp_gain":0,"max_hp_loss":0,"event_name":"Masked Bandits","floor":25,"gold_loss":0}],"is_beta":false,"boss_relics":[{"not_picked":["Astrolabe","Philosopher\u0027s Stone"],"picked":"Calling Bell"}],"items_purged_floors":[],"is_endless":false,"potions_floor_spawned":[6,11,13,16,24],"killed_by":"Shelled Parasite and Fungi","ascension_level":4}}