{"host":"61r95uy0hn86b9iu","time":1613439253,"event":{"mods":["AchievementEnabler","BaseMod","Better Vampires","BetterRewards","Colored Powertips","Hubris","Minty Spire (QoL Compilation)","Shop Mod","StSLib"],"gold_per_floor":[112,84,84,159,178,178,218,218,218,236,236,249,7,50,50,146,146,165,35,35,56,26,69,69,83,83,83,106,106,106,106,106,199,199,213,232,232,232,232,232,232,232,314,438,456,456,456,456],"floor_reached":47,"language":"ENG","playtime":1443,"items_purged":["Reprogram"],"score":1291,"play_id":"74281d24-3467-4b9e-9766-f17a95c11493","local_time":"20210215193413","is_ascension_mode":true,"campfire_choices":[{"floor":6.0,"key":"REST"},{"floor":15.0,"key":"REST"},{"floor":24.0,"key":"REST"},{"floor":27.0,"key":"REST"},{"data":"Defragment","floor":29.0,"key":"SMITH"},{"floor":32.0,"key":"REST"},{"floor":40.0,"key":"REST"},{"floor":42.0,"key":"REST"},{"floor":46.0,"key":"REST"}],"circlet_count":0,"master_deck":["AscendersBane","Strike_B","Strike_B","Strike_B","Defend_B","Defend_B","Defend_B","Defend_B","Zap","Dualcast","Ball Lightning","Melter","Coolheaded","Defragment+1","Conserve Battery","Defragment","Reboot","CurseOfTheBell","Conserve Battery","Capacitor+1","Writhe","Core Surge","hubris:Ukulele","Consume"],"relics":["Cracked Core","MealTicket","Lizard Tail","Golden Idol","Singing Bowl","Darkstone Periapt","Juzu Bracelet","Happy Flower","Ancient Tea Set","hubris:TinFlute","hubris:MedicalManual","MerchantsRug","hubris:Icosahedron","The Courier","hubris:Reverence","Blue Candle","hubris:ScarierMask"],"acts_visited":["Exordium","TheCity","TheBeyond"],"potions_floor_usage":[47,47],"damage_taken":[{"damage":0.0,"enemies":"2 Louse","floor":1.0,"turns":1.0},{"damage":7.0,"enemies":"Jaw Worm","floor":5.0,"turns":2.0},{"damage":43.0,"enemies":"Gremlin Nob","floor":7.0,"turns":4.0},{"damage":1.0,"enemies":"Cultist","floor":10.0,"turns":3.0},{"damage":6.0,"enemies":"Looter","floor":12.0,"turns":3.0},{"damage":15.0,"enemies":"3 Sentries","floor":14.0,"turns":8.0},{"damage":34.0,"enemies":"The Guardian","floor":16.0,"turns":13.0},{"damage":25.0,"enemies":"Shell Parasite","floor":18.0,"turns":5.0},{"damage":39.0,"enemies":"3 Byrds","floor":21.0,"turns":5.0},{"damage":119.0,"enemies":"Gremlin Leader","floor":23.0,"turns":9.0},{"damage":25.0,"enemies":"Centurion and Healer","floor":25.0,"turns":8.0},{"damage":27.0,"enemies":"Sentry and Sphere","floor":28.0,"turns":4.0},{"damage":34.0,"enemies":"hubris:MusketHawk","floor":33.0,"turns":9.0},{"damage":14.0,"enemies":"3 Shapes","floor":35.0,"turns":5.0},{"damage":54.0,"enemies":"Orb Walker","floor":36.0,"turns":5.0},{"damage":22.0,"enemies":"Sphere and 2 Shapes","floor":44.0,"turns":3.0},{"damage":34.0,"enemies":"3 Darklings","floor":45.0,"turns":6.0},{"damage":67,"enemies":"Reptomancer","floor":47,"turns":3}],"seed_played":"-254729943930855146","potions_obtained":[{"floor":7.0,"key":"Swift Potion"},{"floor":10.0,"key":"Weak Potion"},{"floor":12.0,"key":"Dexterity Potion"},{"floor":16.0,"key":"GamblersBrew"},{"floor":18.0,"key":"BlessingOfTheForge"},{"floor":25.0,"key":"Weak Potion"},{"floor":28.0,"key":"PowerPotion"},{"floor":33.0,"key":"Energy Potion"},{"floor":36.0,"key":"SteroidPotion"},{"floor":44.0,"key":"PowerPotion"}],"is_trial":false,"path_per_floor":["M","$","?","?","M","R","E","?","T","M","?","M","$","E","R","B",null,"M","$","?","M","$","E","R","M","T","R","M","R","?","?","R","B",null,"M","M","?","?","?","R","?","R","T","M","M","R","E"],"character_chosen":"DEFECT","items_purchased":["MealTicket","Ball Lightning","Coolheaded","Juzu Bracelet","MerchantsRug","PowerPotion"],"campfire_rested":8,"item_purchase_floors":[0,0,2,13,19,22],"current_hp_per_floor":[45,60,60,49,42,63,20,25,25,26,26,20,35,20,43,9,67,44,59,59,22,37,25,52,27,27,54,63,63,63,69,96,62,88,76,24,26,26,26,56,56,85,85,65,31,60,0,0],"gold":456,"neow_bonus":"","is_daily":false,"chose_seed":false,"campfire_upgraded":1,"win_rate":0.0,"timestamp":1613439253,"path_taken":["M","$","?","?","M","R","E","?","T","?","?","M","$","E","R","BOSS","M","$","?","M","$","E","R","M","T","R","M","R","?","?","R","BOSS","M","M","?","?","?","R","?","R","T","M","M","R","E"],"items_purchased_type":["Relic","Card","Card","Relic","Relic","Potion"],"build_version":"2020-12-22","purchased_purges":1,"victory":false,"max_hp_per_floor":[71,71,71,71,71,71,71,76,76,78,78,78,78,78,78,78,84,86,86,86,88,88,90,90,90,90,90,90,90,90,96,96,96,96,98,100,102,102,102,102,97,97,97,99,99,99,99,99],"card_choices":[{"not_picked":["Darkness","Barrage"],"picked":"Melter","floor":1.0},{"not_picked":["Cold Snap","Coolheaded","Beam Cell"],"picked":"SKIP","floor":5.0},{"not_picked":["hubris:Prefetch","Compile Driver"],"picked":"Defragment","floor":7.0},{"not_picked":["Rebound","Rip and Tear","Genetic Algorithm"],"picked":"Singing Bowl","floor":10.0},{"not_picked":["Self Repair","Beam Cell"],"picked":"Conserve Battery","floor":12.0},{"not_picked":["Self Repair","Gash"],"picked":"Defragment","floor":14.0},{"not_picked":["Creative AI","Fission"],"picked":"Reboot","floor":16.0},{"not_picked":["Conserve Battery","Self Repair","hubris:PowerSurge"],"picked":"Singing Bowl","floor":18.0},{"not_picked":["Fusion","Conserve Battery","Go for the Eyes"],"picked":"Singing Bowl","floor":21.0},{"not_picked":["Hologram","Melter","Go for the Eyes"],"picked":"Singing Bowl","floor":23.0},{"not_picked":["Darkness","Steam+1"],"picked":"Conserve Battery","floor":25.0},{"not_picked":["Reinforced Body+1","Lockon"],"picked":"Capacitor+1","floor":28.0},{"not_picked":["Creative AI","Multi-Cast"],"picked":"Core Surge","floor":33.0},{"not_picked":["Conserve Battery","Auto Shields","Fusion"],"picked":"Singing Bowl","floor":35.0},{"not_picked":["Gash","Steam+1","Redo"],"picked":"Singing Bowl","floor":36.0},{"not_picked":["Purity","Panache","Mayhem"],"picked":"Singing Bowl","floor":37.0},{"not_picked":["Steam","Gash","Go for the Eyes"],"picked":"Singing Bowl","floor":44.0},{"not_picked":["Redo","Hello World"],"picked":"Consume","floor":45.0}],"player_experience":3348157,"relics_obtained":[{"floor":7.0,"key":"Singing Bowl"},{"floor":9.0,"key":"Darkstone Periapt"},{"floor":14.0,"key":"Happy Flower"},{"floor":17.0,"key":"Ancient Tea Set"},{"floor":17.0,"key":"hubris:TinFlute"},{"floor":17.0,"key":"hubris:MedicalManual"},{"floor":23.0,"key":"The Courier"},{"floor":26.0,"key":"hubris:Reverence"}],"event_choices":[{"damage_healed":0.0,"max_hp_gain":0.0,"max_hp_loss":0.0,"gold_gain":0.0,"event_name":"Golden Idol","player_choice":"Take Wound","floor":3.0,"gold_loss":0.0,"damage_taken":0.0,"relics_obtained":["Golden Idol"],"cards_obtained":["Injury"]},{"damage_healed":0.0,"max_hp_gain":0.0,"max_hp_loss":0.0,"gold_gain":75.0,"event_name":"World of Goop","player_choice":"Gather Gold","floor":4.0,"gold_loss":0.0,"damage_taken":11.0},{"damage_healed":0.0,"max_hp_gain":5.0,"max_hp_loss":0.0,"gold_gain":0.0,"event_name":"Big Fish","player_choice":"Donut","floor":8.0,"gold_loss":0.0,"damage_taken":0.0},{"cards_removed":["Injury"],"damage_healed":0.0,"max_hp_gain":0.0,"max_hp_loss":0.0,"gold_gain":0.0,"event_name":"Purifier","player_choice":"Purged","floor":11.0,"gold_loss":0.0,"damage_taken":0.0},{"cards_removed":["Strike_B"],"damage_healed":0.0,"max_hp_gain":0.0,"max_hp_loss":0.0,"gold_gain":0.0,"event_name":"Wheel of Change","player_choice":"Card Removal","floor":30.0,"gold_loss":0.0,"damage_taken":0.0},{"damage_healed":0.0,"max_hp_gain":0.0,"max_hp_loss":0.0,"gold_gain":0.0,"event_name":"The Mausoleum","player_choice":"Opened","floor":31.0,"gold_loss":0.0,"damage_taken":0.0,"relics_obtained":["Blue Candle"],"cards_obtained":["Writhe"]},{"damage_healed":0.0,"max_hp_gain":0.0,"max_hp_loss":0.0,"gold_gain":0.0,"event_name":"SensoryStone","player_choice":"Memory 1","floor":37.0,"gold_loss":0.0,"damage_taken":0.0},{"damage_healed":0.0,"max_hp_gain":0.0,"max_hp_loss":0.0,"gold_gain":0.0,"event_name":"Tomb of Lord Red Mask","player_choice":"Ignored","floor":39.0,"gold_loss":0.0,"damage_taken":0.0},{"damage_healed":0.0,"max_hp_gain":0.0,"max_hp_loss":5.0,"gold_gain":0.0,"event_name":"Winding Halls","player_choice":"Max HP","floor":41.0,"gold_loss":0.0,"damage_taken":0.0}],"is_beta":false,"boss_relics":[{"not_picked":["hubris:RunicObelisk","hubris:CrackedHourglass"],"picked":"Calling Bell"},{"not_picked":["Black Star","Pandora\u0027s Box"],"picked":"hubris:ScarierMask"}],"items_purged_floors":[13],"is_endless":false,"potions_floor_spawned":[7,10,12,16,18,25,28,33,36,44,45],"killed_by":"Reptomancer","ascension_level":19}}