{"host":"84iw54jrstt68ch5","time":1613470634,"event":{"mods":["BaseMod","Better Note","Better Skull","CapriCore","Colored Map","DeckTracker","Friendly Minions","Keyboard Shortcuts","Minty Spire (QoL Compilation)","Permanent Neow","Prisma Mod","StSLib","The Animator"],"gold_per_floor":[118,118,193,193,221,253,253,2,79,109,129,54,99,124,124,224,224,224],"floor_reached":17,"language":"KOR","playtime":1313,"items_purged":["animator:Strike"],"score":165,"play_id":"ff0949e9-ebc4-4544-8493-898e63bab4e9","local_time":"20210216191714","is_ascension_mode":false,"campfire_choices":[{"data":"animator:KyokoSakura","floor":7,"key":"SMITH"},{"data":"animator:Kaijin","floor":15,"key":"SMITH"}],"circlet_count":0,"master_deck":["animator:Strike_MadokaMagica+1","animator:Defend_MadokaMagica","animator:Defend","animator:Defend","animator:IrohaTamaki","animator:YuiTsuruno","animator:CowGirl","animator:MamiTomoe","animator:KyokoSakura+1","animator:YachiyoNanami","animator:Guy","animator:Shinoa","animator:Kaijin+1","animator:HomuraAkemi","CurseOfTheBell"],"relics":["animator:LivingPicture","animator:TheMissingPiece","animator:PurgingStone","Regal Pillow","animator:Hoodie","Mercury Hourglass","White Beast Statue","Calling Bell","animator:ShionDessert","Molten Egg 2","Thread and Needle"],"acts_visited":["Exordium","TheCity"],"potions_floor_usage":[6,16],"damage_taken":[{"damage":11,"enemies":"Jaw Worm","floor":1,"turns":4},{"damage":2,"enemies":"2 Louse","floor":5,"turns":3},{"damage":20,"enemies":"Gremlin Nob","floor":6,"turns":4},{"damage":0,"enemies":"Cultist","floor":10,"turns":2},{"damage":0,"enemies":"Exordium Thugs","floor":11,"turns":2},{"damage":2,"enemies":"3 Sentries","floor":13,"turns":6},{"damage":0,"enemies":"Large Slime","floor":14,"turns":5},{"damage":17,"enemies":"The Guardian","floor":16,"turns":11}],"seed_played":"-5855353279252365597","potions_obtained":[{"floor":1,"key":"Explosive Potion"},{"floor":5,"key":"EssenceOfSteel"},{"floor":6,"key":"Explosive Potion"},{"floor":11,"key":"LiquidMemories"},{"floor":16,"key":"LiquidBronze"}],"is_trial":false,"path_per_floor":["M","?","?","?","M","E","R","$","T","M","M","$","E","M","R","B",null],"character_chosen":"THE_ANIMATOR","items_purchased":["animator:Hoodie"],"campfire_rested":0,"item_purchase_floors":[8],"current_hp_per_floor":[37,30,19,66,64,45,45,45,45,48,51,51,49,52,52,36,77,77],"gold":224,"neow_bonus":"REMOVE_TWO","is_daily":false,"chose_seed":false,"campfire_upgraded":2,"win_rate":0.0,"timestamp":1613470634,"path_taken":["M","?","?","?","?","E","R","$","T","M","M","?","E","M","R","BOSS"],"items_purchased_type":["Relic"],"build_version":"2020-12-22","purchased_purges":1,"victory":false,"max_hp_per_floor":[66,66,66,66,66,67,67,67,67,70,73,73,73,76,76,77,77,77],"card_choices":[{"not_picked":["animator:HiiragiShinya","animator:Vesta"],"picked":"animator:CowGirl","floor":1},{"not_picked":["animator:YuiTsuruno","animator:Kazuma"],"picked":"animator:MamiTomoe","floor":5},{"not_picked":["animator:Witch","animator:DwarfShaman"],"picked":"animator:KyokoSakura","floor":6},{"not_picked":["animator:OrikoMikuni","animator:KyokoSakura"],"picked":"animator:YachiyoNanami","floor":10},{"not_picked":["animator:Shuna","animator:Mikaela"],"picked":"animator:Guy","floor":11},{"not_picked":["animator:Yuuichirou","animator:AcuraAkari"],"picked":"animator:Shinoa","floor":13},{"not_picked":["animator:Tyuule","animator:Spearman"],"picked":"animator:Kaijin","floor":14},{"not_picked":["animator:Shizu","animator:ChaikaTrabant"],"picked":"animator:HomuraAkemi","floor":16}],"player_experience":483332,"relics_obtained":[{"floor":6,"key":"Regal Pillow"},{"floor":9,"key":"Mercury Hourglass"},{"floor":13,"key":"White Beast Statue"},{"floor":17,"key":"animator:ShionDessert"},{"floor":17,"key":"Molten Egg 2"},{"floor":17,"key":"Thread and Needle"}],"event_choices":[{"cards_removed":["animator:Strike"],"damage_healed":0,"gold_gain":0,"player_choice":"Card Removal","damage_taken":7,"max_hp_gain":0,"max_hp_loss":0,"event_name":"Golden Wing","floor":2,"gold_loss":0},{"damage_healed":0,"gold_gain":75,"player_choice":"Gather Gold","damage_taken":11,"max_hp_gain":0,"max_hp_loss":0,"event_name":"World of Goop","floor":3,"gold_loss":0},{"damage_healed":47,"gold_gain":0,"player_choice":"Full Heal","damage_taken":0,"max_hp_gain":0,"max_hp_loss":0,"event_name":"Wheel of Change","floor":4,"gold_loss":0}],"is_beta":false,"boss_relics":[{"not_picked":["animator:HolyGrailRelic","SacredBark"],"picked":"Calling Bell"}],"items_purged_floors":[12],"is_endless":false,"potions_floor_spawned":[1,5,6,11,14,16],"ascension_level":0}}