{"host":"86cuvgv6d0efted3","time":1613442205,"event":{"mods":["AchievementEnabler","Act Like it!","BaseMod","Better Synergies","BetterRewards","Colored Map","Colored Powertips","Downfall","Minty Spire (QoL Compilation)","Quick Restart","Replay The Spire","StSLib","The Druid","The Runesmith"],"gold_per_floor":[109,85,136,411,428,428,454,473,498,498,523,698,733,745,745,845,845,863,877,877,890,890,905,526,526,526,141,66,84,84,95,95,193,193,203,76,76,76],"floor_reached":37,"language":"ENG","playtime":3942,"items_purged":["Doubt","Runesmith:Strike_RS"],"score":412,"play_id":"998715f1-9286-4ed8-96d7-06172c044214","local_time":"20210215232325","is_ascension_mode":false,"campfire_choices":[{"data":"Runesmith:Grindstone","floor":6,"key":"SMITH"},{"data":"Regret","floor":15,"key":"PURGE"},{"floor":25,"key":"REST"}],"circlet_count":0,"master_deck":["Runesmith:Strike_RS","Runesmith:Defend_RS","Runesmith:Defend_RS","Runesmith:Defend_RS","Runesmith:Defend_RS","Runesmith:CraftFirestone","Runesmith:Fortify+1","Runesmith:HeatedChisel+1","Runesmith:Grindstone+1","Runesmith:EarthShield","Runesmith:CraftProtectio","Runesmith:HeatedChisel","Runesmith:HeatExchange","Runesmith:OneForEveryone","Runesmith:Permafrost","Runesmith:CraftMagma","Runesmith:Terraform","Runesmith:UnlimitedPower","Runesmith:ShiftingStrike+1","Runesmith:EarthShield","Runesmith:WhiteBalance","Runesmith:CraftMagma+1","Runesmith:HeatedChisel","Runesmith:LithiumIon+1","Runesmith:Firestorm","Runesmith:CraftMagma+1","Runesmith:Attraction","Runesmith:Permafrost","Runesmith:CreatorForm","Runesmith:CraftProtectio"],"relics":["Runesmith:BrokenRuby","NeowsBlessing","Replay:WaspNest","Blood Vial","Replay:Baseball","Lizard Tail","Turnip","Busted Crown","Ring of Panic","ReplayTheSpireMod:Ring of Exchange","Membership Card","Lantern","Toy Ornithopter","HornCleat","Simple Rune","Replay:Multitool","DollysMirror","ReplayTheSpireMod:DimensionalGlitch","Eternal Feather"],"acts_visited":["Exordium","TheCity","TheBeyond"],"potions_floor_usage":[11,11,16,31,33,33,37],"damage_taken":[{"damage":0,"enemies":"Small Slimes","floor":1,"turns":1},{"damage":0,"enemies":"Jaw Worm","floor":5,"turns":1},{"damage":0,"enemies":"Gremlin Nob","floor":7,"turns":1},{"damage":3,"enemies":"Cultist","floor":8,"turns":4},{"damage":23,"enemies":"3 Sentries","floor":11,"turns":6},{"damage":25,"enemies":"Lagavulin","floor":13,"turns":7},{"damage":3,"enemies":"3 Louse","floor":14,"turns":2},{"damage":27,"enemies":"Fading Forest","floor":16,"turns":11},{"damage":10,"enemies":"Shell Parasite","floor":18,"turns":7},{"damage":23,"enemies":"Chosen","floor":19,"turns":6},{"damage":11,"enemies":"Snecko","floor":21,"turns":7},{"damage":26,"enemies":"Snake Plant","floor":23,"turns":4},{"damage":0,"enemies":"Chosen and Byrds","floor":29,"turns":6},{"damage":13,"enemies":"Centurion and Healer","floor":31,"turns":7},{"damage":18,"enemies":"Pondfish","floor":33,"turns":8},{"damage":26,"enemies":"3 Darklings","floor":35,"turns":6},{"damage":83,"enemies":"2 Orb Walkers","floor":37,"turns":4}],"seed_played":"-9051728432266006140","potions_obtained":[{"floor":1,"key":"sneckomod:MuddlingPotion"},{"floor":5,"key":"Regen Potion"},{"floor":14,"key":"PowerPotion"},{"floor":16,"key":"SteroidPotion"},{"floor":21,"key":"Death Potion"},{"floor":23,"key":"Ancient Potion"},{"floor":29,"key":"SkillPotion"},{"floor":35,"key":"hexamod:SoulburnPotion"}],"is_trial":false,"path_per_floor":["M","$","?","?","M","R","E","M","T","?","E","?","E","M","R_BF","B",null,"M","M","?","M","?","M","$","R","T","$","?","M","R","M","R","B",null,"M","$","?"],"character_chosen":"RUNESMITH_CLASS","items_purchased":["Runesmith:Grindstone","Membership Card","Lantern","Toy Ornithopter","FearPotion","Runesmith:LithiumIon","Runesmith:Firestorm","Simple Rune","Replay:Multitool","DollysMirror","Eternal Feather"],"campfire_rested":1,"item_purchase_floors":[2,24,24,24,24,24,27,27,27,27,36],"current_hp_per_floor":[70,70,70,70,70,70,70,67,67,67,58,58,35,34,34,19,70,60,39,39,30,30,6,6,27,27,27,27,29,50,44,65,57,70,44,44,0,0],"gold":76,"neow_bonus":"THREE_ENEMY_KILL","is_daily":false,"chose_seed":false,"campfire_upgraded":1,"win_rate":0.0,"timestamp":1613442205,"path_taken":["M","$","?","?","?","R","E","M","T","?","E","?","E","M","R_BF","BOSS","M","M","?","?","?","M","$","R","T","$","?","M","R","M","R","BOSS","M","$","?"],"items_purchased_type":["Card","Relic","Relic","Relic","Potion","Card","Card","Relic","Relic","Relic","Relic"],"build_version":"2020-12-22","purchased_purges":2,"victory":false,"max_hp_per_floor":[70,70,70,70,70,70,70,70,70,70,70,70,70,70,70,70,70,70,70,70,70,70,70,70,70,70,70,70,70,70,70,70,70,70,70,70,70,70],"card_choices":[{"not_picked":["Runesmith:PerfectChisel","Runesmith:WhiteBalance"],"picked":"Runesmith:HeatedChisel","floor":1},{"not_picked":["Runesmith:EnergizedChisel","Runesmith:HammerTime"],"picked":"Runesmith:EarthShield","floor":3},{"not_picked":["Runesmith:Discharge","Runesmith:ShiftingStrike"],"picked":"Runesmith:CraftProtectio","floor":3},{"not_picked":["Runesmith:UnstableHammer","Runesmith:Retool"],"picked":"Runesmith:HeatedChisel","floor":5},{"not_picked":["Runesmith:Electrocute","Runesmith:HeatedChisel"],"picked":"Runesmith:HeatExchange","floor":7},{"not_picked":["Runesmith:GoWithTheFlow","Runesmith:EarthShield"],"picked":"Runesmith:OneForEveryone","floor":8},{"not_picked":["Runesmith:OneForEveryone","Runesmith:Accelerate"],"picked":"Runesmith:Permafrost","floor":11},{"not_picked":["Runesmith:PoweredAnvil","Runesmith:LightningRod"],"picked":"Runesmith:CraftMagma","floor":13},{"not_picked":["Runesmith:ShiftingStrike","Runesmith:Grindstone"],"picked":"Runesmith:Terraform","floor":14},{"not_picked":["Runesmith:DuctTape","Runesmith:ArcReactor"],"picked":"Runesmith:UnlimitedPower","floor":16},{"not_picked":[],"picked":"Runesmith:ShiftingStrike+1","floor":18},{"not_picked":[],"picked":"Runesmith:EarthShield","floor":19},{"not_picked":[],"picked":"Runesmith:CraftMagma+1","floor":21},{"not_picked":[],"picked":"Runesmith:HeatedChisel","floor":23},{"not_picked":[],"picked":"Runesmith:Attraction","floor":29},{"not_picked":[],"picked":"Runesmith:Permafrost","floor":31},{"not_picked":[],"picked":"Runesmith:CreatorForm","floor":33},{"not_picked":[],"picked":"Runesmith:CraftProtectio","floor":35}],"player_experience":445608,"relics_obtained":[{"floor":3,"key":"Replay:WaspNest"},{"floor":7,"key":"Blood Vial"},{"floor":9,"key":"Replay:Baseball"},{"floor":11,"key":"Lizard Tail"},{"floor":13,"key":"Turnip"},{"floor":22,"key":"Ring of Panic"},{"floor":22,"key":"ReplayTheSpireMod:Ring of Exchange"},{"floor":26,"key":"HornCleat"}],"event_choices":[{"damage_healed":0,"gold_gain":275,"player_choice":"Desecrate","damage_taken":0,"max_hp_gain":0,"max_hp_loss":0,"event_name":"Golden Shrine","floor":4,"gold_loss":0,"cards_obtained":["Regret"]},{"damage_healed":0,"gold_gain":175,"player_choice":"AGREE","damage_taken":0,"max_hp_gain":0,"max_hp_loss":0,"event_name":"Liars Game","floor":12,"gold_loss":0,"cards_obtained":["Doubt"]},{"damage_healed":0,"gold_gain":0,"cards_transformed":["Runesmith:Strike_RS"],"player_choice":"Transformed","damage_taken":0,"max_hp_gain":0,"max_hp_loss":0,"event_name":"Transmorgrifier","floor":20,"gold_loss":0,"cards_obtained":["Runesmith:WhiteBalance"]},{"cards_removed":["Runesmith:Strike_RS"],"damage_healed":0,"gold_gain":0,"player_choice":"Gave Gold","damage_taken":0,"max_hp_gain":0,"max_hp_loss":0,"event_name":"Beggar","floor":28,"gold_loss":75},{"damage_healed":0,"gold_gain":0,"player_choice":"Fight","damage_taken":0,"max_hp_gain":0,"max_hp_loss":0,"event_name":"Mysterious Sphere","floor":37,"gold_loss":0}],"is_beta":false,"boss_relics":[{"not_picked":["Runesmith:UraniumAnvil","Runesmith:CoreCrystal"],"picked":"Busted Crown"},{"not_picked":["Orrery","Guide Book"],"picked":"ReplayTheSpireMod:DimensionalGlitch"}],"items_purged_floors":[24,27],"is_endless":false,"potions_floor_spawned":[1,5,14,16,21,23,29,35],"killed_by":"2 Orb Walkers","ascension_level":0}}