{"host":"w5thk1acqacem6ba","time":1613501973,"event":{"mods":["AchievementEnabler","BaseMod","Colored Map","KOR Keyword Fix","Minty Spire (QoL Compilation)","SuperFastMode"],"gold_per_floor":[114,114,129,129,144,144,144,159,159,159,159,159,174,99,99,199,199,214,229,229,244,259,259,274,289,314,314,314,329,344,359,359,459,459,474,384,399,414,429,429,444,459,459,474,474,489,489,139,139,139,139],"floor_reached":50,"language":"KOR","playtime":3322,"items_purged":["Pray","Pray"],"score":469,"play_id":"99a91bd6-af6c-4c23-a1ef-a943a2a8c394","local_time":"20210217035933","daily_mods":["Specialized","ControlledChaos","Lethality"],"is_ascension_mode":false,"campfire_choices":[{"data":"SignatureMove","floor":6.0,"key":"SMITH"},{"floor":12.0,"key":"REST"},{"floor":15.0,"key":"REST"},{"data":"Eruption","floor":23.0,"key":"SMITH"},{"floor":28.0,"key":"REST"},{"floor":32.0,"key":"REST"},{"floor":40,"key":"REST"},{"floor":49,"key":"REST"}],"circlet_count":0,"master_deck":["Strike_P","Strike_P","Strike_P","Strike_P","Defend_P+1","Defend_P","Defend_P","Defend_P","Eruption+1","Vigilance+1","Pray+1","SignatureMove+1","FlurryOfBlows","Omniscience","FollowUp","JustLucky+1","Consecrate","Weave","Blasphemy","JustLucky+1","FlurryOfBlows+1","Consecrate+1","FollowUp+1","DeceiveReality+1","FlurryOfBlows+1"],"relics":["HolyWater","Frozen Eye","Omamori","War Paint","Bag of Preparation","Yang","Tiny Chest","Enchiridion","Sozu","TeardropLocket","Eternal Feather","Mercury Hourglass"],"acts_visited":["Exordium","TheCity","TheBeyond"],"potions_floor_usage":[],"damage_taken":[{"damage":0.0,"enemies":"Small Slimes","floor":1.0,"turns":2.0},{"damage":6.0,"enemies":"Jaw Worm","floor":3.0,"turns":3.0},{"damage":0.0,"enemies":"Cultist","floor":5.0,"turns":2.0},{"damage":15.0,"enemies":"3 Louse","floor":8.0,"turns":4.0},{"damage":0.0,"enemies":"2 Fungi Beasts","floor":13.0,"turns":2.0},{"damage":37.0,"enemies":"The Guardian","floor":16.0,"turns":10.0},{"damage":0.0,"enemies":"Shell Parasite","floor":18.0,"turns":1.0},{"damage":0.0,"enemies":"Spheric Guardian","floor":19.0,"turns":1.0},{"damage":15.0,"enemies":"Snake Plant","floor":21.0,"turns":3.0},{"damage":18.0,"enemies":"Shelled Parasite and Fungi","floor":22.0,"turns":2.0},{"damage":0.0,"enemies":"Cultist and Chosen","floor":24.0,"turns":3.0},{"damage":10.0,"enemies":"Centurion and Healer","floor":25.0,"turns":2.0},{"damage":0.0,"enemies":"Snake Plant","floor":29.0,"turns":1.0},{"damage":0.0,"enemies":"3 Cultists","floor":30.0,"turns":3.0},{"damage":0.0,"enemies":"Sentry and Sphere","floor":31.0,"turns":1.0},{"damage":67.0,"enemies":"Champ","floor":33.0,"turns":6.0},{"damage":6.0,"enemies":"3 Darklings","floor":35.0,"turns":4.0},{"damage":26.0,"enemies":"Orb Walker","floor":37.0,"turns":4.0},{"damage":6,"enemies":"Writhing Mass","floor":38,"turns":4},{"damage":0,"enemies":"Maw","floor":39,"turns":4},{"damage":10,"enemies":"Spire Growth","floor":41,"turns":3},{"damage":15,"enemies":"4 Shapes","floor":42,"turns":3},{"damage":0,"enemies":"Sphere and 2 Shapes","floor":44,"turns":1},{"damage":16,"enemies":"Spire Growth","floor":46,"turns":3},{"damage":114,"enemies":"Donu and Deca","floor":50,"turns":6}],"seed_played":"2711566965655028651","potions_obtained":[{"floor":1.0,"key":"PowerPotion"},{"floor":3.0,"key":"PowerPotion"},{"floor":13.0,"key":"Swift Potion"},{"floor":19.0,"key":"DistilledChaos"},{"floor":24.0,"key":"Regen Potion"}],"is_trial":false,"path_per_floor":["M","?","M","T","M","R","?","M","T","?","?","R","M","$","R","B",null,"M","M","?","M","M","R","M","M","T","?","R","M","M","M","R","B",null,"M","?","M","M","M","R","M","M","T","M","T","M","?","$","R","B"],"character_chosen":"WATCHER","items_purchased":["Mercury Hourglass"],"campfire_rested":6,"item_purchase_floors":[48],"current_hp_per_floor":[72,77,71,71,71,71,71,56,56,49,42,65,65,65,77,40,77,77,77,77,62,44,44,44,34,34,18,41,41,41,41,64,12,77,71,71,45,39,39,62,52,37,37,37,37,21,40,40,77,0,0],"gold":139,"neow_bonus":"","is_daily":true,"chose_seed":false,"campfire_upgraded":2,"win_rate":0.0,"timestamp":1613501973,"path_taken":["M","?","M","?","M","R","?","?","T","?","?","R","M","?","R","BOSS","M","?","?","M","M","R","M","M","T","?","R","M","M","M","R","BOSS","M","?","M","?","M","R","M","M","T","M","?","M","?","$","R","BOSS"],"items_purchased_type":["Relic"],"build_version":"2020-12-22","purchased_purges":2,"victory":false,"max_hp_per_floor":[72,77,77,77,77,77,77,77,77,77,77,77,77,77,77,77,77,77,77,77,77,77,77,77,77,77,77,77,77,77,77,77,77,77,77,77,77,77,77,77,77,77,77,77,77,77,77,77,77,77,77],"card_choices":[{"not_picked":["FollowUp","DeceiveReality","ForeignInfluence"],"picked":"SKIP","floor":1.0},{"not_picked":["CrushJoints","FearNoEvil","ThirdEye"],"picked":"SKIP","floor":3.0},{"not_picked":["ClearTheMind","CutThroughFate"],"picked":"SignatureMove","floor":5.0},{"not_picked":["SandsOfTime","EmptyFist"],"picked":"FlurryOfBlows","floor":8.0},{"not_picked":["PathToVictory","Study","Wallop"],"picked":"SKIP","floor":13.0},{"not_picked":["Alpha","MasterReality"],"picked":"Omniscience","floor":16.0},{"not_picked":["ThirdEye+1","EmptyMind","SashWhip"],"picked":"SKIP","floor":18.0},{"not_picked":["BowlingBash","Protect"],"picked":"FollowUp","floor":19.0},{"not_picked":["Protect","Tantrum"],"picked":"JustLucky+1","floor":21.0},{"not_picked":["Evaluate+1","Worship","FearNoEvil"],"picked":"SKIP","floor":22.0},{"not_picked":["TalkToTheHand","CutThroughFate"],"picked":"Consecrate","floor":24.0},{"not_picked":["FollowUp","InnerPeace","Halt"],"picked":"SKIP","floor":25.0},{"not_picked":["DeceiveReality","EmptyBody+1"],"picked":"Weave","floor":29.0},{"not_picked":["WaveOfTheHand","SignatureMove","Brilliance"],"picked":"SKIP","floor":30.0},{"not_picked":["DeceiveReality","EmptyBody","Wireheading+1"],"picked":"SKIP","floor":31.0},{"not_picked":["Devotion","Ragnarok"],"picked":"Blasphemy","floor":33.0},{"not_picked":["DeceiveReality","FlyingSleeves"],"picked":"JustLucky+1","floor":35.0},{"not_picked":["Study+1","ClearTheMind+1"],"picked":"FlurryOfBlows+1","floor":37.0},{"not_picked":["FollowUp+1","Weave"],"picked":"Consecrate+1","floor":38},{"not_picked":["Consecrate","JustLucky+1"],"picked":"FollowUp+1","floor":39},{"not_picked":["Swivel","EmptyFist","WindmillStrike+1"],"picked":"SKIP","floor":41},{"not_picked":["Wallop+1","Halt","Study"],"picked":"SKIP","floor":42},{"not_picked":["WindmillStrike","Evaluate+1"],"picked":"DeceiveReality+1","floor":44},{"not_picked":["DeceiveReality+1","SashWhip"],"picked":"FlurryOfBlows+1","floor":46}],"player_experience":388231,"relics_obtained":[{"floor":4.0,"key":"Omamori"},{"floor":9.0,"key":"War Paint"},{"floor":26.0,"key":"Tiny Chest"},{"floor":27.0,"key":"Enchiridion"},{"floor":43,"key":"TeardropLocket"},{"floor":45,"key":"Eternal Feather"}],"event_choices":[{"damage_healed":0.0,"max_hp_gain":5.0,"max_hp_loss":0.0,"gold_gain":0.0,"event_name":"Big Fish","player_choice":"Donut","floor":2.0,"gold_loss":0.0,"damage_taken":0.0},{"damage_healed":0.0,"max_hp_gain":0.0,"max_hp_loss":0.0,"gold_gain":0.0,"event_name":"The Woman in Blue","player_choice":"Bought 0 Potions","floor":7.0,"gold_loss":0.0,"damage_taken":0.0},{"damage_healed":0.0,"max_hp_gain":0.0,"max_hp_loss":0.0,"gold_gain":0.0,"event_name":"Scrap Ooze","player_choice":"Success","floor":10.0,"gold_loss":0.0,"damage_taken":7.0,"relics_obtained":["Bag of Preparation"]},{"cards_removed":["Pray"],"damage_healed":0.0,"max_hp_gain":0.0,"max_hp_loss":0.0,"gold_gain":0.0,"event_name":"Golden Wing","player_choice":"Card Removal","floor":11.0,"gold_loss":0.0,"damage_taken":7.0},{"damage_healed":0.0,"max_hp_gain":0.0,"max_hp_loss":0.0,"gold_gain":0.0,"event_name":"The Mausoleum","player_choice":"Opened","floor":20.0,"gold_loss":0.0,"damage_taken":0.0,"relics_obtained":["Yang"]},{"damage_healed":0.0,"max_hp_gain":0.0,"max_hp_loss":0.0,"gold_gain":0.0,"event_name":"Cursed Tome","player_choice":"Obtained Book","floor":27.0,"gold_loss":0.0,"damage_taken":16.0},{"cards_removed":["Pray"],"damage_healed":0.0,"max_hp_gain":0.0,"max_hp_loss":0.0,"gold_gain":0.0,"event_name":"Designer","player_choice":"Upgrade and Remove","floor":36.0,"gold_loss":90.0,"damage_taken":0.0,"cards_upgraded":["Defend_P"]},{"damage_healed":19,"gold_gain":0,"player_choice":"Writhe","damage_taken":0,"max_hp_gain":0,"max_hp_loss":0,"event_name":"Winding Halls","floor":47,"gold_loss":0,"cards_obtained":["Writhe"]}],"is_beta":false,"boss_relics":[{"not_picked":["Black Star","Calling Bell"],"picked":"HolyWater"},{"not_picked":["Astrolabe","Cursed Key"],"picked":"Sozu"}],"items_purged_floors":[14,48],"is_endless":false,"potions_floor_spawned":[1,3,13,16,19,24,30,31,38,41,44],"killed_by":"Donu and Deca","ascension_level":0}}