{"host":"d52brwsy6af8zvaq","time":1613451363,"event":{"mods":["AchievementEnabler","BaseMod","Bestiary","Highlight Path","Minty Spire (QoL Compilation)","Quick Restart","Relic Stats","ojb\u0027s Better Paths Mod"],"gold_per_floor":[115,127,38,0,0,30,30,58,81,101,115,115,126,141,141,214,214,227,246,246,259,277,277,308,308,308],"floor_reached":25,"language":"ENG","playtime":852,"items_purged":[],"score":470,"play_id":"19124c3b-670e-4456-a7e3-436aa2700d34","local_time":"20210215215603","is_ascension_mode":true,"campfire_choices":[{"data":"Darkness","floor":7.0,"key":"SMITH"},{"floor":12.0,"key":"REST"},{"data":"Consume","floor":15.0,"key":"SMITH"},{"floor":23,"key":"REST"}],"circlet_count":0,"master_deck":["AscendersBane","Strike_B","Strike_B","Strike_B","Defend_B","Defend_B","Defend_B","Defend_B","Zap+1","Dualcast","Compile Driver","Darkness+1","Doom and Gloom","Conserve Battery","Ball Lightning","Static Discharge","Sunder","Undo","Consume+1","Electrodynamics","Go for the Eyes","BootSequence","Defragment","Capacitor"],"relics":["Cracked Core","MealTicket","Orichalcum","Centennial Puzzle","Nuclear Battery","Thread and Needle"],"acts_visited":["Exordium","TheCity"],"potions_floor_usage":[24,24],"damage_taken":[{"damage":3.0,"enemies":"Small Slimes","floor":1.0,"turns":3.0},{"damage":2.0,"enemies":"Jaw Worm","floor":2.0,"turns":4.0},{"damage":25.0,"enemies":"Lagavulin","floor":6.0,"turns":7.0},{"damage":8.0,"enemies":"Gremlin Nob","floor":8.0,"turns":3.0},{"damage":0.0,"enemies":"Cultist","floor":10.0,"turns":3.0},{"damage":1.0,"enemies":"Lots of Slimes","floor":11.0,"turns":2.0},{"damage":19.0,"enemies":"Exordium Wildlife","floor":13.0,"turns":3.0},{"damage":0.0,"enemies":"2 Fungi Beasts","floor":14.0,"turns":2.0},{"damage":14.0,"enemies":"Hexaghost","floor":16.0,"turns":6.0},{"damage":5.0,"enemies":"Spheric Guardian","floor":18.0,"turns":3.0},{"damage":16,"enemies":"3 Byrds","floor":19,"turns":3},{"damage":11,"enemies":"Centurion and Healer","floor":21,"turns":4},{"damage":13,"enemies":"3 Cultists","floor":22,"turns":3},{"damage":12,"enemies":"Slavers","floor":24,"turns":3},{"damage":32,"enemies":"Cultist and Chosen","floor":25,"turns":5}],"seed_played":"2352358881699393594","potions_obtained":[{"floor":1.0,"key":"SteroidPotion"},{"floor":6.0,"key":"Explosive Potion"},{"floor":11.0,"key":"FearPotion"},{"floor":21,"key":"Fire Potion"}],"is_trial":false,"path_per_floor":["M","M","$","?","?","E","R","E","T","M","M","R","M","M","R","B",null,"M","M","?","M","M","R","E","M"],"character_chosen":"DEFECT","items_purchased":["Doom and Gloom"],"campfire_rested":2,"item_purchase_floors":[3],"current_hp_per_floor":[61,59,59,59,59,34,34,26,26,26,25,46,27,27,27,13,57,52,36,36,25,12,33,21,0,0],"gold":308,"neow_bonus":"UPGRADE_CARD","is_daily":false,"chose_seed":false,"campfire_upgraded":2,"win_rate":0.0,"timestamp":1613451363,"path_taken":["M","M","$","?","?","E","R","E","T","?","M","R","M","?","R","BOSS","M","M","?","M","M","R","E","M"],"items_purchased_type":["Card"],"build_version":"2020-12-22","purchased_purges":0,"victory":false,"max_hp_per_floor":[71,71,71,71,71,71,71,71,71,71,71,71,71,71,71,71,71,71,71,71,71,71,71,71,71,71],"relic_stats":{"Centennial Puzzle":[27],"counters":[15,54],"MealTicket":0,"Orichalcum":[114],"obtain_stats":[{"Centennial Puzzle":9,"MealTicket":6,"Thread and Needle":24,"Orichalcum":8,"Cracked Core":0,"Nuclear Battery":17},{"Centennial Puzzle":4,"MealTicket":3,"Thread and Needle":14,"Orichalcum":4,"Cracked Core":0,"Nuclear Battery":9},{"Centennial Puzzle":17,"MealTicket":14,"Thread and Needle":49,"Orichalcum":17,"Cracked Core":0,"Nuclear Battery":33}]},"card_choices":[{"not_picked":["Recycle","Turbo"],"picked":"Compile Driver","floor":1.0},{"not_picked":["Redo","Compile Driver"],"picked":"Darkness","floor":2.0},{"not_picked":["Gash","Multi-Cast"],"picked":"Conserve Battery","floor":6.0},{"not_picked":["Fusion","Turbo"],"picked":"Ball Lightning","floor":8.0},{"not_picked":["Go for the Eyes","Turbo"],"picked":"Static Discharge","floor":10.0},{"not_picked":["Hello World","Beam Cell"],"picked":"Sunder","floor":11.0},{"not_picked":["Skim","Steam"],"picked":"Undo","floor":13.0},{"not_picked":["Turbo","Hologram"],"picked":"Consume","floor":14.0},{"not_picked":["Creative AI","Seek"],"picked":"Electrodynamics","floor":16.0},{"not_picked":["Rebound","Sweeping Beam","Go for the Eyes"],"picked":"SKIP","floor":18.0},{"not_picked":["Rebound","Sweeping Beam"],"picked":"Go for the Eyes","floor":18.0},{"not_picked":["Skim","Conserve Battery"],"picked":"BootSequence","floor":19},{"not_picked":["Cold Snap","Beam Cell"],"picked":"Defragment","floor":21},{"not_picked":["Barrage","Chill"],"picked":"Capacitor","floor":22},{"not_picked":["Beam Cell","Reprogram","Gash"],"picked":"SKIP","floor":24}],"player_experience":2283253,"relics_obtained":[{"floor":6.0,"key":"MealTicket"},{"floor":8.0,"key":"Orichalcum"},{"floor":9.0,"key":"Centennial Puzzle"},{"floor":24,"key":"Thread and Needle"}],"event_choices":[{"damage_healed":0.0,"max_hp_gain":0.0,"max_hp_loss":0.0,"gold_gain":0.0,"event_name":"World of Goop","player_choice":"Left Gold","floor":4.0,"gold_loss":38.0,"damage_taken":0.0},{"cards_removed":["Strike_B"],"damage_healed":0.0,"max_hp_gain":0.0,"max_hp_loss":0.0,"gold_gain":0.0,"event_name":"Purifier","player_choice":"Purged","floor":5.0,"gold_loss":0.0,"damage_taken":0.0},{"damage_healed":0,"gold_gain":0,"player_choice":"Ignored","damage_taken":0,"max_hp_gain":0,"max_hp_loss":0,"event_name":"The Mausoleum","floor":20,"gold_loss":0}],"is_beta":false,"boss_relics":[{"not_picked":["FrozenCore","Sozu"],"picked":"Nuclear Battery"}],"items_purged_floors":[],"is_endless":false,"potions_floor_spawned":[1,6,11,19,21],"killed_by":"Cultist and Chosen","ascension_level":20}}