{"host":"vhifjdba66khcqwn","time":1613517584,"event":{"mods":["AchievementEnabler","BaseMod","Bestiary","Energized Spire","Minty Spire (QoL Compilation)","Practice Mode","Relic Stats","Spicy Shops","StSLib","slay the spire mod where everything is the same but ironclad has a cowboy hat"],"gold_per_floor":[119,269,194,204,273,273,307,321,321,321,321,336,195,209,209,284,284,298,298,298,307,31,31,72,122,122,122],"floor_reached":26,"language":"ENG","playtime":764,"items_purged":["Shame"],"score":469,"play_id":"a7c276e5-6837-4987-a715-65c56cbbf0ea","local_time":"20210216151944","is_ascension_mode":true,"campfire_choices":[{"data":"Streamline","floor":6,"key":"SMITH"},{"data":"Sunder","floor":10,"key":"SMITH"},{"floor":15,"key":"REST"},{"floor":23,"key":"REST"}],"circlet_count":0,"master_deck":["AscendersBane","Strike_B","Strike_B","Defend_B","Defend_B","Defend_B","Defend_B","Zap","Dualcast","Genetic Algorithm+1","Streamline+1","Sunder+1","Leap","Biased Cognition","Conserve Battery","Echo Form","CurseOfTheBell","Ball Lightning","Cold Snap","Echo Form","Self Repair+1","Biased Cognition","Coolheaded","Cold Snap","Stack","Chaos","Barrage"],"relics":["Cracked Core","NeowsBlessing","Unceasing Top","Peace Pipe","Regal Pillow","Calling Bell","Akabeko","Symbiotic Virus","Shovel","CeramicFish","Orrery","Lantern","Juzu Bracelet"],"acts_visited":["Exordium","TheCity"],"potions_floor_usage":[16,16,24,24],"damage_taken":[{"damage":0,"enemies":"Jaw Worm","floor":1,"turns":1},{"damage":0,"enemies":"Small Slimes","floor":4,"turns":1},{"damage":0,"enemies":"Gremlin Nob","floor":7,"turns":1},{"damage":2,"enemies":"2 Louse","floor":8,"turns":2},{"damage":7,"enemies":"2 Fungi Beasts","floor":12,"turns":3},{"damage":18,"enemies":"Large Slime","floor":14,"turns":6},{"damage":57,"enemies":"Hexaghost","floor":16,"turns":12},{"damage":24,"enemies":"Shell Parasite","floor":18,"turns":5},{"damage":32,"enemies":"Gremlin Leader","floor":24,"turns":8},{"damage":48,"enemies":"Slavers","floor":26,"turns":3}],"seed_played":"-1715424606942922262","potions_obtained":[{"floor":4,"key":"Dexterity Potion"},{"floor":12,"key":"Dexterity Potion"},{"floor":16,"key":"Ancient Potion"},{"floor":18,"key":"Dexterity Potion"}],"is_trial":false,"path_per_floor":["M","?","?","M","?","R","E","M","T","R","?","M","$","M","R","B",null,"M","?","?","?","$","R","E","T","E"],"character_chosen":"DEFECT","items_purchased":["Regal Pillow","Conserve Battery","Orrery","Chaos"],"campfire_rested":2,"item_purchase_floors":[13,13,22,22],"current_hp_per_floor":[64,64,64,64,64,64,64,62,62,62,62,55,55,37,71,14,57,33,33,33,33,33,69,47,47,0,0],"gold":122,"neow_bonus":"THREE_ENEMY_KILL","is_daily":false,"chose_seed":false,"campfire_upgraded":2,"win_rate":0.0,"timestamp":1613517584,"path_taken":["M","?","?","M","?","R","E","M","T","R","?","M","$","M","R","BOSS","M","?","?","?","$","R","E","?","E"],"items_purchased_type":["Relic","Card","Relic","Card"],"build_version":"2020-12-22","purchased_purges":1,"victory":false,"max_hp_per_floor":[71,71,71,71,71,71,71,71,71,71,71,71,71,71,71,71,71,71,71,71,71,71,71,71,71,71,71],"relic_stats":{"Peace Pipe":0,"Regal Pillow":28,"Shovel":0,"counters":[10,42],"CeramicFish":72,"Juzu Bracelet":0,"obtain_stats":[{"Regal Pillow":13,"Lantern":24,"NeowsBlessing":0,"CeramicFish":21,"Juzu Bracelet":25,"Akabeko":17,"Peace Pipe":9,"Calling Bell":17,"Shovel":17,"Orrery":22,"Cracked Core":0,"Symbiotic Virus":17,"Unceasing Top":7},{"Regal Pillow":5,"Lantern":9,"NeowsBlessing":0,"CeramicFish":8,"Juzu Bracelet":9,"Akabeko":7,"Peace Pipe":4,"Calling Bell":7,"Shovel":7,"Orrery":8,"Cracked Core":0,"Symbiotic Virus":7,"Unceasing Top":3},{"Regal Pillow":8,"Lantern":39,"NeowsBlessing":0,"CeramicFish":31,"Juzu Bracelet":39,"Akabeko":26,"Peace Pipe":5,"Calling Bell":26,"Shovel":26,"Orrery":31,"Cracked Core":0,"Symbiotic Virus":26,"Unceasing Top":3}],"Unceasing Top":[0]},"card_choices":[{"not_picked":["Gash","Go for the Eyes"],"picked":"Genetic Algorithm","floor":1},{"not_picked":["Capacitor","Steam"],"picked":"Streamline","floor":4},{"not_picked":["Hello World","Streamline"],"picked":"Sunder","floor":7},{"not_picked":["Compile Driver","Force Field"],"picked":"Leap","floor":8},{"not_picked":["Gash","Doom and Gloom"],"picked":"Biased Cognition","floor":12},{"not_picked":["Leap","Genetic Algorithm","Coolheaded"],"picked":"SKIP","floor":14},{"not_picked":["Hyperbeam","All For One"],"picked":"Echo Form","floor":16},{"not_picked":["Hello World","Skim"],"picked":"Ball Lightning","floor":18},{"not_picked":["Stack","Lockon"],"picked":"Self Repair+1","floor":22},{"not_picked":["Ball Lightning","Beam Cell"],"picked":"Biased Cognition","floor":22},{"not_picked":["Ball Lightning","Steam"],"picked":"Coolheaded","floor":22},{"not_picked":["All For One","Rebound"],"picked":"Cold Snap","floor":22},{"not_picked":["Hologram","Redo"],"picked":"Stack","floor":22},{"not_picked":["Heatsinks","Genetic Algorithm"],"picked":"Barrage","floor":24}],"player_experience":1185862,"relics_obtained":[{"floor":7,"key":"Unceasing Top"},{"floor":9,"key":"Peace Pipe"},{"floor":17,"key":"Akabeko"},{"floor":17,"key":"Symbiotic Virus"},{"floor":17,"key":"Shovel"},{"floor":24,"key":"Lantern"},{"floor":25,"key":"Juzu Bracelet"}],"event_choices":[{"damage_healed":0,"gold_gain":150,"player_choice":"AGREE","damage_taken":0,"max_hp_gain":0,"max_hp_loss":0,"event_name":"Liars Game","floor":2,"gold_loss":0,"cards_obtained":["Doubt"]},{"cards_removed":["Doubt"],"damage_healed":0,"gold_gain":0,"player_choice":"Card Removal","damage_taken":0,"max_hp_gain":0,"max_hp_loss":0,"event_name":"The Cleric","floor":3,"gold_loss":75},{"damage_healed":0,"gold_gain":69,"player_choice":"Gained Gold","damage_taken":0,"max_hp_gain":0,"max_hp_loss":0,"event_name":"Golden Wing","floor":5,"gold_loss":0},{"damage_healed":0,"gold_gain":0,"player_choice":"Grow","damage_taken":0,"max_hp_gain":0,"max_hp_loss":0,"event_name":"Living Wall","floor":11,"gold_loss":0,"cards_upgraded":["Genetic Algorithm"]},{"damage_healed":0,"gold_gain":0,"player_choice":"Ignored","damage_taken":0,"max_hp_gain":0,"max_hp_loss":0,"event_name":"Vampires","floor":19,"gold_loss":0},{"damage_healed":0,"gold_gain":0,"cards_transformed":["Strike_B","Strike_B"],"player_choice":"Became Test Subject","damage_taken":0,"max_hp_gain":0,"max_hp_loss":0,"event_name":"Drug Dealer","floor":20,"gold_loss":0,"cards_obtained":["Cold Snap","Echo Form"]},{"damage_healed":0,"gold_gain":0,"player_choice":"Stole Relic","damage_taken":0,"relics_obtained":["CeramicFish"],"max_hp_gain":0,"max_hp_loss":0,"event_name":"Addict","floor":21,"gold_loss":0,"cards_obtained":["Shame"]}],"is_beta":false,"boss_relics":[{"not_picked":["Pandora\u0027s Box","Velvet Choker"],"picked":"Calling Bell"}],"items_purged_floors":[22],"is_endless":false,"potions_floor_spawned":[4,12,14,16,18],"killed_by":"Slavers","ascension_level":18}}