{"host":"saki","time":1613470924,"event":{"mods":["BaseMod","Marisa£¨ìFÓê¡¡Ä§ÀíÉ³£©","Minty Spire (QoL Compilation)","Nova Terra(ÅµÍÞ¡¤Ì©À­)","Reimu£¨²©ÀöÁéÃÎ£©","StSLib","TestMod","Waifu the Spire","Youmu£¨»êÆÇÑýÃÎ£©","Yuyuko"],"gold_per_floor":[115,515,530,545,545,577,577,345,345,356,384,384,384,404,404,505,505,517,517,517,62,62,62,89,89,89,116,116,116,140,15,15,15],"floor_reached":32,"language":"ZHS","playtime":1331,"items_purged":["NovaMod:Basic_Strike_Nova","NovaMod:Snipe","NovaMod:Basic_Strike_Nova"],"score":282,"play_id":"529e5e02-dca2-4616-86fc-ef127c96d140","local_time":"20210216182204","is_ascension_mode":false,"campfire_choices":[{"data":"NovaMod:ExtremeReovery","floor":7,"key":"SMITH"},{"data":"NovaMod:TechLab","floor":12,"key":"SMITH"},{"data":"NovaMod:NuclearInterference","floor":15,"key":"SMITH"},{"data":"testmod-Bloodthirsty","floor":25,"key":"SMITH"},{"data":"NovaMod:SabotageDrone","floor":29,"key":"SMITH"}],"circlet_count":0,"master_deck":["NovaMod:Basic_Strike_Nova","NovaMod:Basic_Strike_Nova","NovaMod:Basic_Defend_Nova","NovaMod:Basic_Defend_Nova","NovaMod:Basic_Defend_Nova","NovaMod:Basic_Defend_Nova","NovaMod:PenetratingBlast","Dramatic Entrance+1","NovaMod:WaitingGame+1","NovaMod:Upgrade","NovaMod:NuclearInterference+1","NovaMod:ExtremeReovery+1","Skewer","NovaMod:AssaultMode","NovaMod:TechLab+1","NovaMod:QuickResponse","NovaMod:RadiationWarrior","NovaMod:SuperStimPack+1","testmod-Bloodthirsty+1","NovaMod:SabotageDrone+1","Phantom Gift"],"relics":["NovaMod:GhostSuit","testmod-D¨¦j¨¤vu","testmod-HeartOfDaVinci","Lantern","Strange Spoon","Paper Crane","Happy Flower","testmod-NegativeEmotionEnhancer","Pen Nib","testmod-Justice","Mastiff:ReiMu","WingedGreaves","Question Card","Ghost Lamp"],"acts_visited":["Exordium","TheCity"],"potions_floor_usage":[10,11,24,27],"damage_taken":[{"damage":7,"enemies":"Jaw Worm","floor":1,"turns":8},{"damage":0,"enemies":"2 Louse","floor":3,"turns":3},{"damage":7,"enemies":"Small Slimes","floor":4,"turns":2},{"damage":20,"enemies":"3 Sentries","floor":6,"turns":7},{"damage":0,"enemies":"2 Fungi Beasts","floor":10,"turns":3},{"damage":5,"enemies":"Lagavulin","floor":11,"turns":6},{"damage":0,"enemies":"Large Slime","floor":14,"turns":5},{"damage":9,"enemies":"The Guardian","floor":16,"turns":9},{"damage":21,"enemies":"Chosen","floor":18,"turns":5},{"damage":32,"enemies":"Gremlin Leader","floor":24,"turns":6},{"damage":33,"enemies":"Book of Stabbing","floor":27,"turns":8}],"seed_played":"5491213370160016674","potions_obtained":[{"floor":1,"key":"Strength Potion"},{"floor":3,"key":"DistilledChaos"},{"floor":16,"key":"Weak Potion"},{"floor":18,"key":"AttackPotion"},{"floor":27,"key":"EssenceOfSteel"}],"is_trial":false,"path_per_floor":["M","?","M","M","?","E","R","$","T","M","E","R","?","M","R","B",null,"M","?","?","$","?","?","E","R","T","E","$","R","T","$","R"],"character_chosen":"NOVA","items_purchased":["Strange Spoon","testmod-Justice","testmod-Bloodthirsty"],"campfire_rested":0,"item_purchase_floors":[8,21,21],"current_hp_per_floor":[73,73,73,66,48,28,28,28,28,28,32,32,16,22,22,25,80,64,64,64,64,64,64,47,47,47,28,28,28,28,28,28,28],"gold":15,"neow_bonus":"RANDOM_COLORLESS","is_daily":false,"chose_seed":false,"campfire_upgraded":5,"win_rate":0.0,"timestamp":1613470924,"path_taken":["M","?","M","M","?","E","R","?","T","M","E","R","?","M","R","BOSS","M","?","?","$","?","?","E","R","T","E","$","R","?","$","R"],"items_purchased_type":["Relic","Relic","Card"],"build_version":"2020-12-18","purchased_purges":3,"victory":false,"max_hp_per_floor":[80,80,80,80,80,80,80,80,80,80,80,80,80,80,80,80,80,81,81,81,81,81,81,82,82,82,83,83,83,83,83,83,83],"card_choices":[{"not_picked":["Bandage Up","testmod-TemporaryDeletion"],"picked":"Dramatic Entrance","floor":0},{"not_picked":["NovaMod:Bioaugmentation","NovaMod:BarrageShooting"],"picked":"NovaMod:WaitingGame","floor":1},{"not_picked":["NovaMod:Bioaugmentation","NovaMod:PrecsionAssembly"],"picked":"NovaMod:Upgrade","floor":3},{"not_picked":["NovaMod:RaidArtillery","NovaMod:WaitingGame"],"picked":"NovaMod:NuclearInterference","floor":4},{"not_picked":["NovaMod:NuclearInterference","NovaMod:MagrailMunitions"],"picked":"NovaMod:ExtremeReovery","floor":6},{"not_picked":["NovaMod:AirDrop","NovaMod:NuclearInterference"],"picked":"NovaMod:AssaultMode","floor":10},{"not_picked":["NovaMod:SmartServos","NovaMod:PredatorMissile"],"picked":"NovaMod:TechLab","floor":11},{"not_picked":["NovaMod:TechLab","NovaMod:RaidArtillery"],"picked":"NovaMod:QuickResponse","floor":14},{"not_picked":["NovaMod:SecondaryDamage","NovaMod:ExtremeReovery"],"picked":"NovaMod:RadiationWarrior","floor":16},{"not_picked":["NovaMod:RadiationShooting+1","NovaMod:TripleTap+1"],"picked":"NovaMod:SuperStimPack+1","floor":18},{"not_picked":["NovaMod:StimPack","NovaMod:WidowMine+1"],"picked":"NovaMod:SabotageDrone","floor":24},{"not_picked":["NovaMod:Detonation","NovaMod:PenetratingBlast","NovaMod:MonomolecularBlade"],"picked":"SKIP","floor":27}],"player_experience":289322,"relics_obtained":[{"floor":6,"key":"Lantern"},{"floor":9,"key":"Paper Crane"},{"floor":11,"key":"Happy Flower"},{"floor":24,"key":"Mastiff:ReiMu"},{"floor":26,"key":"WingedGreaves"},{"floor":27,"key":"Question Card"},{"floor":30,"key":"Ghost Lamp"}],"event_choices":[{"damage_healed":0,"gold_gain":400,"player_choice":"Sell","damage_taken":0,"max_hp_gain":0,"max_hp_loss":0,"event_name":"¶÷ÂåË¹µÄÅÌ×Ó","floor":2,"relics_lost":["testmod-TestBox"],"gold_loss":0},{"damage_healed":0,"gold_gain":0,"player_choice":"Success","damage_taken":18,"relics_obtained":["testmod-HeartOfDaVinci"],"max_hp_gain":0,"max_hp_loss":0,"event_name":"Scrap Ooze","floor":5,"gold_loss":0},{"damage_healed":0,"gold_gain":0,"player_choice":"Entered Light","damage_taken":16,"max_hp_gain":0,"max_hp_loss":0,"event_name":"Shining Light","floor":13,"gold_loss":0,"cards_upgraded":["Dramatic Entrance","NovaMod:WaitingGame"]},{"damage_healed":0,"gold_gain":0,"player_choice":"Opened","damage_taken":0,"relics_obtained":["Pen Nib"],"max_hp_gain":0,"max_hp_loss":0,"event_name":"The Mausoleum","floor":19,"gold_loss":0,"cards_obtained":["Writhe"]},{"cards_removed":["Writhe"],"damage_healed":0,"gold_gain":0,"player_choice":"Elegance","damage_taken":0,"max_hp_gain":0,"max_hp_loss":0,"event_name":"Back to Basics","floor":20,"gold_loss":0},{"damage_healed":0,"gold_gain":0,"player_choice":"Ignored","damage_taken":0,"max_hp_gain":0,"max_hp_loss":0,"event_name":"¸ø×Ô¼ºµÄºÐ×Ó","floor":22,"gold_loss":0},{"damage_healed":0,"gold_gain":0,"player_choice":"Ignored","damage_taken":0,"max_hp_gain":0,"max_hp_loss":0,"event_name":"Ghosts","floor":23,"gold_loss":0}],"is_beta":true,"boss_relics":[{"not_picked":["testmod-Prudence","Snecko Eye"],"picked":"testmod-NegativeEmotionEnhancer"}],"items_purged_floors":[8,21,31],"is_endless":false,"potions_floor_spawned":[1,3,16,18,27],"ascension_level":0}}