{"host":"or8fr2mp0k3eluj8","time":1613458050,"event":{"mods":["AchievementEnabler","BaseMod","Colored Map","DeckTracker","Minty Spire (QoL Compilation)","StSLib","SuperFastMode"],"gold_per_floor":[210,224,72,147,127,127,161,171,171,191,191,202,202,218,218,316,316,329,340,12,31,31,31,31,31,56,56,6,6,23,35,35,137,187,204,204,204,79,96,96,96,96],"floor_reached":41,"language":"KOR","playtime":1109,"items_purged":["Strike_R","Strike_R","Strike_R+1"],"score":503,"play_id":"420a2d6a-adee-40b0-9a0f-10ccee10f619","local_time":"20210216154730","is_ascension_mode":true,"campfire_choices":[{"data":"Searing Blow","floor":6.0,"key":"SMITH"},{"data":"Searing Blow+1","floor":11.0,"key":"SMITH"},{"data":"Searing Blow+2","floor":13.0,"key":"SMITH"},{"data":"Searing Blow+3","floor":15.0,"key":"SMITH"},{"data":"Searing Blow+4","floor":23.0,"key":"SMITH"},{"data":"Searing Blow+5","floor":25.0,"key":"SMITH"},{"data":"Searing Blow+6","floor":27.0,"key":"SMITH"},{"data":"Searing Blow+7","floor":29.0,"key":"SMITH"},{"data":"Searing Blow+8","floor":32.0,"key":"SMITH"},{"data":"Searing Blow+10","floor":40,"key":"SMITH"}],"circlet_count":0,"master_deck":["Strike_R+1","Defend_R+1","Defend_R+1","Defend_R+1","Defend_R+1","Bash+1","Sword Boomerang+1","Pommel Strike+1","Searing Blow+11","Battle Trance+1","Headbutt+1","Armaments+1","Warcry+1","Offering+1","Reaper"],"relics":["Burning Blood","Singing Bowl","Black Star","Red Skull","Boot","Tiny House","Mark of the Bloom"],"acts_visited":["Exordium","TheCity","TheBeyond"],"potions_floor_usage":[41,41],"damage_taken":[{"damage":15.0,"enemies":"Small Slimes","floor":1.0,"turns":4.0},{"damage":6.0,"enemies":"2 Louse","floor":2.0,"turns":3.0},{"damage":24.0,"enemies":"Gremlin Nob","floor":7.0,"turns":4.0},{"damage":0.0,"enemies":"Cultist","floor":8.0,"turns":2.0},{"damage":29.0,"enemies":"Large Slime","floor":10.0,"turns":5.0},{"damage":7.0,"enemies":"Looter","floor":12.0,"turns":3.0},{"damage":9.0,"enemies":"Red Slaver","floor":14.0,"turns":3.0},{"damage":20.0,"enemies":"Slime Boss","floor":16.0,"turns":8.0},{"damage":23.0,"enemies":"Shell Parasite","floor":18.0,"turns":3.0},{"damage":18.0,"enemies":"3 Byrds","floor":19.0,"turns":7.0},{"damage":19.0,"enemies":"Snake Plant","floor":21.0,"turns":2.0},{"damage":21.0,"enemies":"Sentry and Sphere","floor":30.0,"turns":3.0},{"damage":2.0,"enemies":"Cultist and Chosen","floor":31.0,"turns":3.0},{"damage":68.0,"enemies":"Champ","floor":33.0,"turns":5.0},{"damage":89.0,"enemies":"3 Darklings","floor":35.0,"turns":7.0},{"damage":2,"enemies":"3 Shapes","floor":39,"turns":3},{"damage":19,"enemies":"Reptomancer","floor":41,"turns":2}],"seed_played":"375834048946962071","potions_obtained":[{"floor":5.0,"key":"Fire Potion"},{"floor":7.0,"key":"PowerPotion"},{"floor":8.0,"key":"SpeedPotion"},{"floor":14.0,"key":"CultistPotion"},{"floor":16.0,"key":"GamblersBrew"},{"floor":19.0,"key":"FairyPotion"},{"floor":21.0,"key":"FearPotion"},{"floor":33.0,"key":"Regen Potion"},{"floor":34.0,"key":"Swift Potion"},{"floor":39,"key":"BloodPotion"}],"is_trial":false,"path_per_floor":["M","M","$","?","?","R","E","M","T","M","R","M","R","M","R","B",null,"M","M","$","M","?","R","?","R","T","R","?","R","M","M","R","B",null,"M","?","?","$","M","R","E"],"character_chosen":"IRONCLAD","items_purchased":["Searing Blow","Red Skull","DuplicationPotion"],"campfire_rested":0,"item_purchase_floors":[3,20,20],"current_hp_per_floor":[71,71,71,60,60,60,42,50,50,29,29,30,30,29,29,17,90,73,63,63,50,50,50,50,50,50,50,50,50,35,41,41,18,101,20,20,20,20,18,18,0,0],"gold":96,"neow_bonus":"HUNDRED_GOLD","is_daily":false,"chose_seed":false,"campfire_upgraded":10,"win_rate":0.0,"timestamp":1613458050,"path_taken":["M","M","$","?","?","R","E","M","T","M","R","M","R","M","R","BOSS","M","M","$","M","?","R","?","R","T","R","?","R","M","M","R","BOSS","M","?","?","$","M","R","E"],"items_purchased_type":["Card","Relic","Potion"],"build_version":"2020-12-22","purchased_purges":3,"victory":false,"max_hp_per_floor":[80,80,80,80,80,80,80,82,82,84,84,86,86,88,88,90,90,90,92,92,92,92,92,92,92,92,92,92,92,92,94,94,94,101,103,103,103,103,103,103,103,103],"card_choices":[{"not_picked":["Havoc","Feel No Pain"],"picked":"Sword Boomerang","floor":1.0},{"not_picked":["Heavy Blade","Sever Soul"],"picked":"Pommel Strike","floor":2.0},{"not_picked":["Combust","Sentinel"],"picked":"Battle Trance","floor":7.0},{"not_picked":["Bludgeon","Perfected Strike","Power Through"],"picked":"Singing Bowl","floor":8.0},{"not_picked":["Sword Boomerang","Blood for Blood","Clash"],"picked":"Singing Bowl","floor":10.0},{"not_picked":["Dropkick","Heavy Blade","Pommel Strike"],"picked":"Singing Bowl","floor":12.0},{"not_picked":["Power Through","Clash","Cleave"],"picked":"Singing Bowl","floor":14.0},{"not_picked":["Reaper","Barricade","Demon Form"],"picked":"Singing Bowl","floor":16.0},{"not_picked":["Anger+1","Thunderclap+1"],"picked":"Headbutt","floor":18.0},{"not_picked":["Infernal Blade+1","Spot Weakness","Battle Trance"],"picked":"Singing Bowl","floor":19.0},{"not_picked":["Barricade","Iron Wave+1"],"picked":"Armaments","floor":21.0},{"not_picked":["Dual Wield+1","Pommel Strike"],"picked":"Warcry+1","floor":30.0},{"not_picked":["Clash+1","Perfected Strike","Havoc"],"picked":"Singing Bowl","floor":31.0},{"not_picked":["Berserk","Juggernaut"],"picked":"Offering","floor":33.0},{"not_picked":["Wild Strike+1","Battle Trance+1","Clothesline+1"],"picked":"Singing Bowl","floor":34.0},{"not_picked":["Shrug It Off+1","Burning Pact","Wild Strike+1"],"picked":"Singing Bowl","floor":35.0},{"not_picked":["Iron Wave+1","Perfected Strike"],"picked":"Reaper","floor":39}],"player_experience":360224,"relics_obtained":[{"floor":7.0,"key":"Singing Bowl"},{"floor":26.0,"key":"Boot"}],"event_choices":[{"damage_healed":0.0,"max_hp_gain":0.0,"max_hp_loss":0.0,"gold_gain":75.0,"event_name":"World of Goop","player_choice":"Gather Gold","floor":4.0,"gold_loss":0.0,"damage_taken":11.0},{"damage_healed":0.0,"max_hp_gain":0.0,"max_hp_loss":0.0,"gold_gain":0.0,"event_name":"The Woman in Blue","player_choice":"Bought 1 Potion","floor":5.0,"gold_loss":0.0,"damage_taken":0.0},{"damage_healed":0.0,"max_hp_gain":0.0,"max_hp_loss":0.0,"gold_gain":0.0,"event_name":"Vampires","player_choice":"Ignored","floor":24.0,"gold_loss":0.0,"damage_taken":0.0},{"damage_healed":0.0,"max_hp_gain":0.0,"max_hp_loss":0.0,"gold_gain":0.0,"event_name":"The Joust","player_choice":"Bet on Murderer","floor":28.0,"gold_loss":50.0,"damage_taken":0.0},{"damage_healed":0,"gold_gain":0,"player_choice":"Upgrade","damage_taken":0,"relics_obtained":["Mark of the Bloom"],"max_hp_gain":0,"max_hp_loss":0,"event_name":"MindBloom","floor":36,"gold_loss":0,"cards_upgraded":["Strike_R","Strike_R","Defend_R","Defend_R","Defend_R","Defend_R","Bash","Sword Boomerang","Pommel Strike","Searing Blow","Battle Trance","Headbutt","Armaments","Offering"]},{"cards_removed":["Strike_R"],"damage_healed":0,"gold_gain":0,"player_choice":"Removed Attack","damage_taken":0,"max_hp_gain":0,"max_hp_loss":0,"event_name":"Falling","floor":37,"gold_loss":0}],"is_beta":false,"boss_relics":[{"not_picked":["Snecko Eye","Ectoplasm"],"picked":"Black Star"},{"not_picked":["Black Blood","SacredBark"],"picked":"Tiny House"}],"items_purged_floors":[3,20,38],"is_endless":false,"potions_floor_spawned":[7,8,14,16,19,21,33,39],"killed_by":"Reptomancer","ascension_level":3}}