{"host":"g7uq9uzahx9e0kti","time":1613472625,"event":{"mods":["AchievementEnabler","BaseMod","CapriCore","Hermit","Koishi","Minty Spire (QoL Compilation)","Permanent Neow","Quick Restart","StSLib","SuperFastMode","The Cursed","The Hierophant","The Immortal","The Runesmith","Together in Spire","WarShipGirlsR/??á´Ò³R mod"],"gold_per_floor":[115,290,250,250,264,264,264],"floor_reached":6,"language":"KOR","playtime":323,"items_purged":[],"score":34,"play_id":"7c912064-0965-4a7e-9f97-62e51133b62b","local_time":"20210216195025","is_ascension_mode":false,"campfire_choices":[],"circlet_count":0,"master_deck":["Runesmith:Strike_RS","Runesmith:Strike_RS","Runesmith:Strike_RS","Runesmith:Strike_RS","Runesmith:Defend_RS","Runesmith:Defend_RS","Runesmith:Defend_RS","Runesmith:Defend_RS","Runesmith:CraftFirestone","Runesmith:Fortify","Jack Of All Trades","Runesmith:DoubleUp","Doubt","Runesmith:Permafrost","Runesmith:Grindstone","Runesmith:Grindstone","Runesmith:CraftVitae","Runesmith:RunicBlueprint"],"relics":["Runesmith:BrokenRuby"],"acts_visited":["Exordium"],"potions_floor_usage":[],"damage_taken":[{"damage":9,"enemies":"Cultist","floor":1,"turns":4},{"damage":0,"enemies":"2 Louse","floor":5,"turns":3},{"damage":77,"enemies":"Gremlin Nob","floor":6,"turns":5}],"seed_played":"2156623653891132549","potions_obtained":[{"floor":1,"key":"Energy Potion"},{"floor":4,"key":"EssenceOfSteel"},{"floor":4,"key":"BlessingOfTheForge"},{"floor":4,"key":"Weak Potion"}],"is_trial":false,"path_per_floor":["M","?","?","?","M","E"],"character_chosen":"RUNESMITH_CLASS","items_purchased":[],"campfire_rested":0,"item_purchase_floors":[],"current_hp_per_floor":[61,61,61,61,61,0,0],"gold":264,"neow_bonus":"RANDOM_COLORLESS","is_daily":false,"chose_seed":false,"campfire_upgraded":0,"win_rate":0.0,"timestamp":1613472625,"path_taken":["M","?","?","?","M","E"],"items_purchased_type":[],"build_version":"2020-12-22","purchased_purges":0,"victory":false,"max_hp_per_floor":[70,70,70,70,70,70,70],"card_choices":[{"not_picked":["Blind","Panacea"],"picked":"Jack Of All Trades","floor":0},{"not_picked":["Runesmith:StaticCage","Runesmith:CraftMagma"],"picked":"Runesmith:DoubleUp","floor":1},{"not_picked":[],"picked":"Runesmith:Permafrost","floor":3},{"not_picked":[],"picked":"Runesmith:Grindstone","floor":3},{"not_picked":[],"picked":"Runesmith:Grindstone","floor":3},{"not_picked":[],"picked":"Runesmith:CraftVitae","floor":3},{"not_picked":["Runesmith:StaticCage","Runesmith:Overpower"],"picked":"Runesmith:RunicBlueprint","floor":5}],"player_experience":105461,"relics_obtained":[],"event_choices":[{"damage_healed":0,"gold_gain":175,"player_choice":"AGREE","damage_taken":0,"max_hp_gain":0,"max_hp_loss":0,"event_name":"Liars Game","floor":2,"gold_loss":0,"cards_obtained":["Doubt"]},{"damage_healed":0,"gold_gain":0,"player_choice":"Got Potions","damage_taken":0,"max_hp_gain":0,"max_hp_loss":0,"event_name":"Lab","floor":4,"gold_loss":0}],"is_beta":false,"boss_relics":[],"items_purged_floors":[],"is_endless":false,"potions_floor_spawned":[1,5],"killed_by":"Gremlin Nob","ascension_level":0}}