{"host":"08yfhu6uhosdn245","time":1613434334,"event":{"mods":["2.2 Compatiblity","AchievementEnabler","BaseMod","Bestiary","Colored Map","Colored Powertips","Curses Come First","Highlight Path","Minty Spire (QoL Compilation)","Quick Restart","Relic Stats","StSLib","SuperFastMode"],"gold_per_floor":[113,113,179,193,243,243,260,260,260,290,302,57,126,7,7,102,102,117,167,230,28,44,44,44,44,44],"floor_reached":25,"language":"ENG","playtime":1180,"items_purged":[],"score":299,"play_id":"9c3bc9d2-ea7a-4885-925b-1d13d1b0a241","local_time":"20210215191214","is_ascension_mode":true,"campfire_choices":[{"data":"Leap","floor":6,"key":"SMITH"},{"data":"Stack","floor":8,"key":"SMITH"},{"floor":15,"key":"REST"},{"floor":23,"key":"REST"}],"circlet_count":0,"master_deck":["Strike_B","Strike_B","Strike_B","Strike_B","Defend_B","Defend_B","Defend_B","Defend_B","Zap","Dualcast","Stack+1","FTL","Leap+1","Gash","Ball Lightning","Gash","Undo","Coolheaded","Machine Learning","Gash","Amplify","Gash","Gash","Self Repair"],"relics":["Cracked Core","NeowsBlessing","SsserpentHead","Blue Candle","Cables","Boot","Ornamental Fan","Oddly Smooth Stone","SlaversCollar","Frozen Eye"],"acts_visited":["Exordium","TheCity"],"potions_floor_usage":[22,22,22,25],"damage_taken":[{"damage":0.0,"enemies":"Small Slimes","floor":1.0,"turns":1.0},{"damage":0.0,"enemies":"Cultist","floor":3.0,"turns":1.0},{"damage":0,"enemies":"2 Louse","floor":4,"turns":1},{"damage":1,"enemies":"Gremlin Gang","floor":7,"turns":7},{"damage":25,"enemies":"Lagavulin","floor":10,"turns":6},{"damage":13,"enemies":"Exordium Wildlife","floor":11,"turns":3},{"damage":0,"enemies":"Looter","floor":13,"turns":3},{"damage":16,"enemies":"Slime Boss","floor":16,"turns":12},{"damage":7,"enemies":"Spheric Guardian","floor":18,"turns":4},{"damage":18,"enemies":"Chosen","floor":20,"turns":5},{"damage":39,"enemies":"Snecko","floor":22,"turns":7},{"damage":27,"enemies":"Sentry and Sphere","floor":25,"turns":5}],"seed_played":"4762564671523133075","potions_obtained":[{"floor":1.0,"key":"Explosive Potion"},{"floor":4,"key":"Energy Potion"},{"floor":10,"key":"EssenceOfDarkness"},{"floor":18,"key":"FocusPotion"},{"floor":22,"key":"Weak Potion"}],"is_trial":false,"path_per_floor":["M","?","M","M","?","R","M","R","T","E","M","$","M","$","R","B",null,"M","?","M","$","M","R","$","M"],"character_chosen":"DEFECT","items_purchased":["Ornamental Fan","Coolheaded","Oddly Smooth Stone","Gash","Frozen Eye"],"campfire_rested":2,"item_purchase_floors":[12,14,14,21,21],"current_hp_per_floor":[68,68,68,68,68,68,67,67,67,42,29,29,29,29,51,35,65,58,58,40,40,1,23,23,0,0],"gold":44,"neow_bonus":"THREE_ENEMY_KILL","is_daily":false,"chose_seed":false,"campfire_upgraded":2,"win_rate":0.0,"timestamp":1613434334,"path_taken":["M","?","?","M","?","R","M","R","T","E","M","$","?","?","R","BOSS","M","?","?","$","M","R","$","M"],"items_purchased_type":["Relic","Card","Relic","Card","Relic"],"build_version":"2020-12-22","purchased_purges":0,"victory":false,"max_hp_per_floor":[75,75,75,75,75,75,75,75,75,75,75,75,75,75,75,75,75,75,75,75,75,75,75,75,75,75],"relic_stats":{"SsserpentHead":300,"counters":[12,55],"Ornamental Fan":[32],"Blue Candle":[0],"Boot":[16],"obtain_stats":[{"SsserpentHead":2,"SlaversCollar":17,"Frozen Eye":21,"NeowsBlessing":0,"Ornamental Fan":12,"Blue Candle":5,"Oddly Smooth Stone":14,"Cracked Core":0,"Boot":10,"Cables":9},{"SsserpentHead":1,"SlaversCollar":8,"Frozen Eye":10,"NeowsBlessing":0,"Ornamental Fan":6,"Blue Candle":3,"Oddly Smooth Stone":7,"Cracked Core":0,"Boot":5,"Cables":4},{"SsserpentHead":1,"SlaversCollar":34,"Frozen Eye":43,"NeowsBlessing":0,"Ornamental Fan":19,"Blue Candle":3,"Oddly Smooth Stone":22,"Cracked Core":0,"Boot":16,"Cables":10}],"Cables":[38,30,6,2,0]},"card_choices":[{"not_picked":["BootSequence","Auto Shields"],"picked":"Stack","floor":1.0},{"not_picked":["Barrage","Rebound"],"picked":"FTL","floor":3},{"not_picked":["Force Field","Rebound"],"picked":"Leap","floor":4},{"not_picked":["Chaos","Reprogram"],"picked":"Gash","floor":7},{"not_picked":["Double Energy","Rebound"],"picked":"Ball Lightning","floor":10},{"not_picked":["Leap","Steam"],"picked":"Gash","floor":11},{"not_picked":["Streamline","Beam Cell"],"picked":"Undo","floor":13},{"not_picked":["Meteor Strike","Multi-Cast"],"picked":"Machine Learning","floor":16},{"not_picked":["Barrage+1","Doom and Gloom"],"picked":"Gash","floor":18},{"not_picked":["Beam Cell","Streamline"],"picked":"Gash","floor":20},{"not_picked":["Chill","Go for the Eyes"],"picked":"Self Repair","floor":22}],"player_experience":389761,"relics_obtained":[{"floor":9,"key":"Cables"},{"floor":10,"key":"Boot"}],"event_choices":[{"damage_healed":0.0,"max_hp_gain":0.0,"max_hp_loss":0.0,"gold_gain":0.0,"event_name":"FaceTrader","player_choice":"Trade","floor":2.0,"gold_loss":0.0,"damage_taken":0.0,"relics_obtained":["SsserpentHead"]},{"damage_healed":0,"gold_gain":0,"player_choice":"Gave Potion","damage_taken":0,"relics_obtained":["Blue Candle"],"max_hp_gain":0,"max_hp_loss":0,"event_name":"WeMeetAgain","floor":5,"gold_loss":0},{"damage_healed":0,"gold_gain":0,"player_choice":"1 cards matched","damage_taken":0,"max_hp_gain":0,"max_hp_loss":0,"event_name":"Match and Keep!","floor":19,"gold_loss":0,"cards_obtained":["Amplify"]}],"is_beta":false,"boss_relics":[{"not_picked":["Fusion Hammer","Velvet Choker"],"picked":"SlaversCollar"}],"items_purged_floors":[],"is_endless":false,"potions_floor_spawned":[1,4,10,18,22],"killed_by":"Sentry and Sphere","ascension_level":7}}