{"host":"ormi09wwzv7sq47a","time":1613487506,"event":{"mods":["2.2 Compatiblity","AchievementEnabler","Act Like it!","BaseMod","Bestiary","Better Altar","Better Note","Better Sensory Stone","Better Silent Start","Better Skull","Better Third Choice","Better Vampires","BetterRewards","Block Reminder","Card Forge","Colored Map","Colored Powertips","Curses Come First","DeckTracker","Downfall","Highlight Path","Minty Spire (QoL Compilation)","Permanent Neow","Quick Restart","Rare Cards Sparkle","Relic Stats","Shop Mod","StSLib","The Jungle"],"gold_per_floor":[112,112,132,150,160,160,176,176,176,194,119,119,134,164,164,243,243,254,274,293,308,308,308],"floor_reached":22,"language":"ENG","playtime":1210,"items_purged":["Bash","Strike_R"],"score":412,"play_id":"3fb0c351-9e56-4073-a14d-6b223b3b3091","local_time":"20210216115826","is_ascension_mode":true,"campfire_choices":[{"data":"Immolate","floor":6.0,"key":"SMITH"},{"data":"Pommel Strike","floor":8.0,"key":"SMITH"},{"data":"Whirlwind","floor":12,"key":"SMITH"},{"data":"Evolve","floor":15,"key":"SMITH"}],"circlet_count":0,"master_deck":["AscendersBane","Strike_R","Strike_R","Strike_R","Defend_R","Defend_R","Defend_R","Defend_R","Whirlwind+1","Immolate+1","Battle Trance","Thunderclap","Evolve+1","Pommel Strike+1","Headbutt","Limit Break","Power Through","Demon Form","Shrug It Off","Intimidate","True Grit+1","Dropkick+1"],"relics":["Burning Blood","Hammer of Thor","Seething Fire","Anvil of the Gods","MealTicket","Mango","Darkstone Periapt","Blue Candle","bronze:MakeshiftBattery"],"acts_visited":["Exordium","Exordium"],"potions_floor_usage":[10,14,18,22],"damage_taken":[{"damage":0.0,"enemies":"2 Louse","floor":1.0,"turns":2.0},{"damage":4.0,"enemies":"Cultist","floor":3.0,"turns":4.0},{"damage":2.0,"enemies":"Jaw Worm","floor":4.0,"turns":2.0},{"damage":0.0,"enemies":"Exordium Wildlife","floor":5.0,"turns":2.0},{"damage":1.0,"enemies":"2 Fungi Beasts","floor":7.0,"turns":3.0},{"damage":2,"enemies":"Blue Slaver","floor":10,"turns":3},{"damage":16,"enemies":"3 Louse","floor":13,"turns":2},{"damage":3,"enemies":"3 Sentries","floor":14,"turns":1},{"damage":15,"enemies":"Slime Boss","floor":16,"turns":6},{"damage":25,"enemies":"Shell Parasite","floor":18,"turns":4},{"damage":19,"enemies":"theJungle:MUSHROOMGANG","floor":19,"turns":2},{"damage":11,"enemies":"theJungle:JungleHuntersEncounter","floor":20,"turns":4},{"damage":37,"enemies":"theJungle:Snecko_Cultist_And_Trap","floor":21,"turns":4},{"damage":19,"enemies":"Snake Plant","floor":22,"turns":1}],"seed_played":"4616127794827017157","potions_obtained":[{"floor":1.0,"key":"FearPotion"},{"floor":2.0,"key":"Regen Potion"},{"floor":2.0,"key":"champ:CounterPotion"},{"floor":4.0,"key":"hexamod:SoulburnPotion"},{"floor":7.0,"key":"HeartOfIron"},{"floor":10,"key":"Slimebound:ThreeZeroPotion"},{"floor":21,"key":"AttackPotion"}],"is_trial":false,"path_per_floor":["M","?","M","M","M","R","M","R","T","M","?","R","M","E","R","B",null,"M","M","M","M","M"],"character_chosen":"IRONCLAD","items_purchased":["MealTicket","Whirlwind","Immolate"],"campfire_rested":0,"item_purchase_floors":[0,0,0],"current_hp_per_floor":[53,53,67,71,77,77,82,82,82,86,86,86,76,79,79,70,84,65,52,47,16,0,0],"gold":308,"neow_bonus":"","is_daily":false,"chose_seed":false,"campfire_upgraded":4,"win_rate":0.0,"timestamp":1613487506,"path_taken":["M","?","?","M","M","R","M","R","T","M","?","R","M","E","R","BOSS","M","M","M","M","M"],"items_purchased_type":["Relic","Card","Card"],"build_version":"2020-12-22","purchased_purges":2,"victory":false,"max_hp_per_floor":[89,89,89,89,89,89,89,89,89,89,89,89,89,89,89,89,89,89,89,89,89,89,89],"relic_stats":{"Darkstone Periapt":0,"counters":[34,123],"Blue Candle":[0],"MealTicket":0,"obtain_stats":[{"Darkstone Periapt":9,"Lee\u0027s Waffle":0,"Pear":0,"Self Forming Clay":21,"Blue Candle":14,"Mango":0,"Hammer of Thor":0,"champ:DeflectingBracers":0,"The Courier":9,"betterThird:NestCultRelic":19,"Seething Fire":0,"Whetstone":6,"War Paint":0,"MawBank":9,"Burning Blood":0,"Bottled Flame":12,"Anvil of the Gods":0,"MealTicket":0,"Coffee Dripper":17,"Kunai":10,"hexamod:BolsterEngine":0,"TungstenRod":0,"bronze:MakeshiftBattery":17},{"Darkstone Periapt":25,"Lee\u0027s Waffle":10,"Pear":10,"Self Forming Clay":8,"Blue Candle":28,"Mango":20,"Hammer of Thor":0,"champ:DeflectingBracers":0,"The Courier":3,"betterThird:NestCultRelic":8,"Seething Fire":0,"Whetstone":14,"War Paint":0,"MawBank":16,"Burning Blood":0,"Bottled Flame":5,"Anvil of the Gods":0,"MealTicket":20,"Coffee Dripper":7,"Kunai":17,"hexamod:BolsterEngine":10,"TungstenRod":10,"bronze:MakeshiftBattery":29},{"Darkstone Periapt":96,"Lee\u0027s Waffle":42,"Pear":42,"Self Forming Clay":32,"Blue Candle":102,"Mango":83,"Hammer of Thor":0,"champ:DeflectingBracers":0,"The Courier":7,"betterThird:NestCultRelic":32,"Seething Fire":0,"Whetstone":55,"War Paint":0,"MawBank":62,"Burning Blood":0,"Bottled Flame":14,"Anvil of the Gods":0,"MealTicket":83,"Coffee Dripper":27,"Kunai":67,"hexamod:BolsterEngine":42,"TungstenRod":42,"bronze:MakeshiftBattery":108}],"Burning Blood":180},"card_choices":[{"not_picked":["Power Through","Thunderclap"],"picked":"Battle Trance","floor":1.0},{"not_picked":["Bloodletting","Anger"],"picked":"Thunderclap","floor":3.0},{"not_picked":["Heavy Blade","Perfected Strike","Reckless Charge"],"picked":"SKIP","floor":4.0},{"not_picked":["Sentinel","Warcry"],"picked":"Evolve","floor":5.0},{"not_picked":["Clash","Warcry"],"picked":"Pommel Strike","floor":7.0},{"not_picked":["Perfected Strike","Clothesline"],"picked":"Headbutt","floor":10},{"not_picked":["Body Slam","Evolve"],"picked":"Limit Break","floor":13},{"not_picked":["Reckless Charge","Carnage"],"picked":"Power Through","floor":14},{"not_picked":["Berserk","Brutality"],"picked":"Demon Form","floor":16},{"not_picked":["Headbutt","Pommel Strike"],"picked":"Shrug It Off","floor":18},{"not_picked":["Combust+1","Blood for Blood"],"picked":"Intimidate","floor":19},{"not_picked":["Sword Boomerang","Uppercut"],"picked":"True Grit+1","floor":20},{"not_picked":["True Grit","Anger"],"picked":"Dropkick+1","floor":21}],"player_experience":1090488,"relics_obtained":[{"floor":9.0,"key":"Darkstone Periapt"},{"floor":14,"key":"Blue Candle"}],"event_choices":[{"damage_healed":0.0,"max_hp_gain":0.0,"max_hp_loss":0.0,"gold_gain":0.0,"event_name":"Lab","player_choice":"Got Potions","floor":2.0,"gold_loss":0.0,"damage_taken":0.0},{"cards_removed":["Strike_R"],"damage_healed":0,"gold_gain":0,"player_choice":"Card Removal","damage_taken":0,"max_hp_gain":0,"max_hp_loss":0,"event_name":"The Cleric","floor":11,"gold_loss":75}],"is_beta":false,"boss_relics":[{"not_picked":["Ectoplasm","Runic Dome"],"picked":"bronze:MakeshiftBattery"}],"items_purged_floors":[0,0],"is_endless":false,"potions_floor_spawned":[1,4,7,10,21],"killed_by":"Snake Plant","ascension_level":18}}