{"host":"5jzx1090woovszu4","time":1613450772,"event":{"mods":["BaseMod","Beaked The Cultist","Gremlin Mod","Minty Spire (QoL Compilation)","Spicy Shops","StSLib","[GremlinLeader]The Maniac"],"gold_per_floor":[116,130,140,158,57,89,89,114,114,135,135,135,135,154,154,253,253,266,284,290,290,296,296,325,325,352,385,385,237,249,276,276,373,373,377,121,121,121,121,149,149,167,167,187,214,227,250,270,270,263],"floor_reached":51,"language":"ENG","playtime":3000,"items_purged":[],"score":1199,"play_id":"70501298-2711-4a89-90a9-1f2aac6d9f1c","local_time":"20210216054612","daily_mods":["SealedDeck","Elite Swarm"],"is_ascension_mode":false,"campfire_choices":[{"data":"maniac:Simulacrum","floor":7,"key":"SMITH"},{"data":"maniac:HammerStrike","floor":11,"key":"SMITH"},{"data":"maniac:Deal","floor":13,"key":"SMITH"},{"data":"maniac:DashForward","floor":15,"key":"SMITH"},{"data":"beaked:WalkersFury","floor":23,"key":"SMITH"},{"data":"maniac:Collecting","floor":25,"key":"SMITH"},{"data":"maniac:TimeForm","floor":28,"key":"SMITH"},{"data":"maniac:RallyToMe","floor":32,"key":"SMITH"},{"data":"maniac:ExceedEnchantment","floor":41,"key":"SMITH"},{"data":"maniac:Simulacrum","floor":49,"key":"SMITH"}],"circlet_count":0,"master_deck":["maniac:Precision+1","maniac:Confront+1","maniac:BladeShoot+1","maniac:WardAndDefend+1","maniac:Confront+1","maniac:Intimidate+1","maniac:DashForward+1","maniac:HammerStrike+1","maniac:FoilArmor+1","maniac:FoilArmor+1","maniac:ShelteringEdge+1","maniac:FoilArmor+1","maniac:ShelteringEdge+1","maniac:Simulacrum+1","maniac:Deal+2","maniac:RallyToMe+1","beaked:WalkersFury+1","maniac:BladeShoot+1","maniac:Collecting+1","maniac:TimeForm+1","maniac:SecretBackups+1","maniac:UnseenTerror+1","maniac:Simulacrum+1","maniac:BladesInCloak+1","maniac:ExceedEnchantment+1","maniac:Simulacrum+1"],"relics":["maniac:DamagedAnvil","maniac:BrokenHorn","War Paint","Blood Vial","Ornamental Fan","Letter Opener","beaked:SacredDeck","Mango","InkBottle","Lantern","Mummified Hand","Anchor","StoneCalendar","SacredBark","DollysMirror","Strange Spoon","Mark of the Bloom","maniac:SmartDetector","Meat on the Bone","Singing Bowl","Happy Flower","PreservedInsect","The Courier","CeramicFish"],"acts_visited":["Exordium","TheCity","TheBeyond"],"potions_floor_usage":[6,19,22,30,33,42,42,50,50],"damage_taken":[{"damage":6,"enemies":"2 Louse","floor":1,"turns":3},{"damage":5,"enemies":"Small Slimes","floor":2,"turns":2},{"damage":0,"enemies":"Jaw Worm","floor":3,"turns":1},{"damage":1,"enemies":"Exordium Thugs","floor":4,"turns":3},{"damage":18,"enemies":"3 Sentries","floor":6,"turns":7},{"damage":0,"enemies":"Lagavulin","floor":8,"turns":5},{"damage":0,"enemies":"Gremlin Nob","floor":10,"turns":2},{"damage":0,"enemies":"3 Sentries","floor":14,"turns":5},{"damage":0,"enemies":"Hexaghost","floor":16,"turns":7},{"damage":0,"enemies":"Spheric Guardian","floor":18,"turns":4},{"damage":5,"enemies":"2 Thieves","floor":19,"turns":3},{"damage":6,"enemies":"Centurion and Healer","floor":20,"turns":4},{"damage":0,"enemies":"Chosen and Byrds","floor":22,"turns":3},{"damage":11,"enemies":"Gremlin Leader","floor":24,"turns":6},{"damage":11,"enemies":"Slavers","floor":27,"turns":4},{"damage":0,"enemies":"Snecko","floor":30,"turns":3},{"damage":0,"enemies":"Book of Stabbing","floor":31,"turns":3},{"damage":0,"enemies":"Collector","floor":33,"turns":5},{"damage":0,"enemies":"3 Darklings","floor":35,"turns":3},{"damage":0,"enemies":"Giant Head","floor":40,"turns":3},{"damage":0,"enemies":"Nemesis","floor":42,"turns":4},{"damage":0,"enemies":"Reptomancer","floor":44,"turns":3},{"damage":0,"enemies":"3 Shapes","floor":46,"turns":2},{"damage":0,"enemies":"Giant Head","floor":47,"turns":3},{"damage":0,"enemies":"Jaw Worm Horde","floor":48,"turns":1},{"damage":7,"enemies":"Donu and Deca","floor":50,"turns":3}],"seed_played":"-5681310114933105802","potions_obtained":[{"floor":4,"key":"Energy Potion"},{"floor":8,"key":"Fire Potion"},{"floor":10,"key":"Strength Potion"},{"floor":14,"key":"FearPotion"},{"floor":20,"key":"LiquidMemories"},{"floor":27,"key":"Explosive Potion"},{"floor":30,"key":"Weak Potion"},{"floor":35,"key":"SkillPotion"},{"floor":44,"key":"PowerPotion"}],"is_trial":true,"path_per_floor":["M","M","M","M","$","E","R","E","T","E","R","?","R","E","R","B",null,"M","M","M","?","M","R","E","R","T","E","R","$","M","E","R","B",null,"M","$","?","?","?","E","R","E","T","E","T","M","E","M","R","B",null],"character_chosen":"THE_MANIAC","items_purchased":["maniac:Simulacrum","Anchor","DollysMirror","Strange Spoon","maniac:BladesInCloak"],"campfire_rested":0,"item_purchase_floors":[5,29,36,36,36],"current_hp_per_floor":[74,69,69,68,68,50,50,50,50,52,52,57,57,59,59,61,85,85,80,76,90,92,92,83,83,83,74,74,74,76,78,78,80,99,99,99,99,99,94,94,94,94,94,94,94,94,94,94,94,87],"gold":263,"neow_bonus":"","is_daily":false,"chose_seed":false,"campfire_upgraded":10,"win_rate":0.0,"timestamp":1613450772,"path_taken":["M","M","M","M","$","E","R","E","T","E","R","?","R","E","R","BOSS","M","M","M","?","M","R","E","R","T","E","R","$","M","E","R","BOSS","M","$","?","?","?","E","R","E","T","E","?","?","E","M","R","BOSS"],"items_purchased_type":["Card","Relic","Relic","Relic","Card"],"build_version":"2020-12-22","purchased_purges":0,"victory":true,"max_hp_per_floor":[80,80,80,80,80,80,80,80,80,80,80,85,85,85,85,85,85,85,85,85,99,99,99,99,99,99,99,99,99,99,99,99,99,99,99,99,99,99,94,94,94,94,94,96,96,98,100,102,102,102],"card_choices":[{"not_picked":["maniac:FindAShortcut","maniac:Reforge"],"picked":"maniac:ShelteringEdge","floor":1},{"not_picked":["maniac:FindAShortcut","maniac:EndOfTheRoad","maniac:Intimidate"],"picked":"SKIP","floor":2},{"not_picked":["maniac:UntravelledPath","maniac:Intimidate"],"picked":"maniac:FoilArmor","floor":3},{"not_picked":["maniac:UndyingDesire","maniac:MeleeStrike"],"picked":"maniac:ShelteringEdge","floor":4},{"not_picked":["maniac:ForsakenHand","maniac:ShadowContact","maniac:FanTheHammer"],"picked":"SKIP","floor":6},{"not_picked":["maniac:UnseenTerror","maniac:ReachVictory"],"picked":"maniac:Deal","floor":8},{"not_picked":["maniac:ExceedEnchantment","maniac:TwistedEddies","maniac:ShadowContact"],"picked":"SKIP","floor":10},{"not_picked":["maniac:TimeForm","maniac:FanTheHammer"],"picked":"maniac:RallyToMe","floor":14},{"not_picked":["maniac:UntravelledPath","maniac:UndyingDesire","maniac:ObscuredAttack"],"picked":"SKIP","floor":18},{"not_picked":["maniac:ShatteredShield","maniac:ShelteringEdge","maniac:ListenToNone+1"],"picked":"SKIP","floor":19},{"not_picked":["maniac:Quickdraw","maniac:Confront"],"picked":"maniac:BladeShoot","floor":20},{"not_picked":["maniac:Refine","maniac:ShelteringEdge+1","maniac:UntravelledPath"],"picked":"SKIP","floor":22},{"not_picked":["maniac:ExceedEnchantment","maniac:TwistedEddies"],"picked":"maniac:Collecting","floor":24},{"not_picked":["maniac:Deal","maniac:UniversalPerception"],"picked":"maniac:TimeForm","floor":27},{"not_picked":["maniac:ShatteredShield","maniac:DashForward"],"picked":"maniac:SecretBackups+1","floor":30},{"not_picked":["maniac:ExceedEnchantment","maniac:Trap"],"picked":"maniac:UnseenTerror","floor":31},{"not_picked":["maniac:Traceback+1","maniac:ArmToTheTeeth+1","maniac:SecretBackups"],"picked":"SKIP","floor":35},{"not_picked":["maniac:UniversalPerception","maniac:HammerDown"],"picked":"maniac:ExceedEnchantment","floor":40},{"not_picked":["maniac:ExceedEnchantment","maniac:TwistedEddies"],"picked":"maniac:Simulacrum","floor":42},{"not_picked":["maniac:FanTheHammer","maniac:UniversalPerception","maniac:HammerDown"],"picked":"Singing Bowl","floor":44},{"not_picked":["maniac:Intimidate","maniac:UndyingDesire+1","maniac:DashForward"],"picked":"Singing Bowl","floor":46},{"not_picked":["maniac:Collecting","maniac:ShadowContact","maniac:HammerDown"],"picked":"Singing Bowl","floor":47},{"not_picked":["maniac:WardAndDefend","maniac:PanickyParry","maniac:UntravelledPath"],"picked":"Singing Bowl","floor":48}],"player_experience":642679,"relics_obtained":[{"floor":6,"key":"War Paint"},{"floor":8,"key":"Blood Vial"},{"floor":9,"key":"Ornamental Fan"},{"floor":14,"key":"Letter Opener"},{"floor":24,"key":"InkBottle"},{"floor":26,"key":"Lantern"},{"floor":27,"key":"Mummified Hand"},{"floor":31,"key":"StoneCalendar"},{"floor":40,"key":"maniac:SmartDetector"},{"floor":42,"key":"Meat on the Bone"},{"floor":43,"key":"Singing Bowl"},{"floor":44,"key":"Happy Flower"},{"floor":45,"key":"PreservedInsect"},{"floor":47,"key":"CeramicFish"}],"event_choices":[{"damage_healed":0,"gold_gain":0,"player_choice":"Donut","damage_taken":0,"max_hp_gain":5,"max_hp_loss":0,"event_name":"Big Fish","floor":12,"gold_loss":0},{"damage_healed":0,"gold_gain":0,"player_choice":"Opened","damage_taken":0,"relics_obtained":["Mango"],"max_hp_gain":0,"max_hp_loss":0,"event_name":"The Mausoleum","floor":21,"gold_loss":0},{"damage_healed":0,"gold_gain":0,"player_choice":"Upgrade","damage_taken":0,"relics_obtained":["Mark of the Bloom"],"max_hp_gain":0,"max_hp_loss":0,"event_name":"MindBloom","floor":37,"gold_loss":0,"cards_upgraded":["maniac:Precision","maniac:Confront","maniac:BladeShoot","maniac:WardAndDefend","maniac:Confront","maniac:Intimidate","maniac:FoilArmor","maniac:FoilArmor","maniac:FoilArmor","maniac:Deal","maniac:BladeShoot","maniac:UnseenTerror","maniac:BladesInCloak"]},{"damage_healed":0,"gold_gain":0,"player_choice":"Memory 1","damage_taken":0,"max_hp_gain":0,"max_hp_loss":0,"event_name":"SensoryStone","floor":38,"gold_loss":0},{"damage_healed":0,"gold_gain":0,"player_choice":"Max HP","damage_taken":0,"max_hp_gain":0,"max_hp_loss":5,"event_name":"Winding Halls","floor":39,"gold_loss":0}],"is_beta":false,"boss_relics":[{"not_picked":["Runic Pyramid","Tiny House"],"picked":"beaked:SacredDeck"},{"not_picked":["Fusion Hammer","Astrolabe"],"picked":"SacredBark"}],"items_purged_floors":[],"is_endless":false,"potions_floor_spawned":[4,8,10,14,20,27,30,31,35,44],"ascension_level":0}}