{"host":"1ooxfz79hmpvpehx","time":1613433815,"event":{"mods":["BaseMod","Better Altar","Better Match","Better Note","Better Sensory Stone","Better Skull","Better Third Choice","Marked Mod","Minty Spire (QoL Compilation)","Quick Restart","RNG Fix","Replay The Spire","StSLib","SuperFastMode"],"gold_per_floor":[113,128,178,178,178,178,216,240,240,240,271,271,271,271,271,402,402,425,385,406,433,483,483,258,258,258,216,236,236,272,272,272,396,396,414,437,458,262,276,276,310,160,160,160,195,210,210,241,241,241,241,241,41,72,72],"floor_reached":56,"language":"ENG","playtime":1623,"items_purged":["Hello World+1","ReplayTheSpireMod:Repulse+1","Decay","Defend_B","Defend_B"],"score":1513,"play_id":"5ed565ee-e0b0-4496-ac18-bbc18556a5d0","local_time":"20210215210335","is_ascension_mode":true,"campfire_choices":[{"data":"Dualcast","floor":6.0,"key":"SMITH"},{"floor":10.0,"key":"RECALL"},{"data":"Hologram","floor":12.0,"key":"SMITH"},{"data":"Defragment","floor":15.0,"key":"SMITH"},{"data":"Amplify","floor":23.0,"key":"SMITH"},{"data":"Electrodynamics","floor":25.0,"key":"SMITH"},{"data":"Capacitor","floor":29.0,"key":"SMITH"},{"data":"Storm","floor":32.0,"key":"SMITH"},{"data":"Defragment","floor":40.0,"key":"SMITH"},{"data":"Fission","floor":44.0,"key":"SMITH"},{"data":"Biased Cognition","floor":47.0,"key":"SMITH"},{"floor":49.0,"key":"REST"},{"data":"Panache","floor":52,"key":"SMITH"}],"circlet_count":0,"master_deck":["Strike_B+1","Defend_B+1","Defend_B","Dualcast+1","Mirror Shield+1","Multi-Cast+1","Defragment+1","Hologram+1","Amplify+1","ReplaySort+1","Stack+1","Electrodynamics+1","Panache+1","Tempest","Capacitor+1","Storm+1","Clumsy","Clumsy","Biased Cognition+1","Defragment+1","Fission+1","Defragment+1","Electrodynamics","Storm+1"],"relics":["Cracked Core","NeowsBlessing","ReplayTheSpireMod:Lightbulb","Golden Idol","Chameleon Ring","Replay:Rubber Ducky","Oddly Smooth Stone","Astrolabe","Replay:Baseball","BargainBundle","Simple Rune","White Beast Statue","Pear","Nloth\u0027s Gift","Replay:Ancient Bell","Centennial Puzzle","Pantograph","Mango","Incense Burner","Smiling Mask","Bottled Tornado","DollysMirror","Thread and Needle"],"acts_visited":["Exordium","TheCity","TheBeyond","TheEnding"],"potions_floor_usage":[50,55,55],"damage_taken":[{"damage":0.0,"enemies":"Jaw Worm","floor":1.0,"turns":1.0},{"damage":0.0,"enemies":"Small Slimes","floor":2.0,"turns":1.0},{"damage":0.0,"enemies":"Replay:BlueRogue","floor":7.0,"turns":1.0},{"damage":2.0,"enemies":"2 Louse","floor":8.0,"turns":2.0},{"damage":31.0,"enemies":"3 Sentries","floor":11.0,"turns":12.0},{"damage":17.0,"enemies":"Hexaghost","floor":16.0,"turns":8.0},{"damage":14.0,"enemies":"Spheric Guardian","floor":18.0,"turns":7.0},{"damage":0.0,"enemies":"Shell Parasite","floor":20.0,"turns":7.0},{"damage":0.0,"enemies":"Centurion and Healer","floor":28.0,"turns":4.0},{"damage":18.0,"enemies":"Book of Stabbing","floor":30.0,"turns":4.0},{"damage":17.0,"enemies":"Pondfish","floor":33.0,"turns":6.0},{"damage":7.0,"enemies":"Orb Walker","floor":35.0,"turns":3.0},{"damage":1.0,"enemies":"3 Shapes","floor":36.0,"turns":7.0},{"damage":28.0,"enemies":"3 Darklings","floor":37.0,"turns":3.0},{"damage":16.0,"enemies":"Transient","floor":39.0,"turns":5.0},{"damage":0.0,"enemies":"R_Hoarder","floor":41.0,"turns":6.0},{"damage":0.0,"enemies":"Giant Head","floor":45.0,"turns":7.0},{"damage":13.0,"enemies":"Jaw Worm Horde","floor":46.0,"turns":2.0},{"damage":12.0,"enemies":"Nemesis","floor":48.0,"turns":5.0},{"damage":7,"enemies":"Donu and Deca","floor":50,"turns":3},{"damage":0,"enemies":"Shield and Spear","floor":54,"turns":2},{"damage":104,"enemies":"The Heart","floor":55,"turns":7}],"seed_played":"-1027287267233365933","potions_obtained":[{"floor":1.0,"key":"Doom Potion"},{"floor":3.0,"key":"DistilledChaos"},{"floor":3.0,"key":"FearPotion"},{"floor":7.0,"key":"PotionOfCapacity"},{"floor":8.0,"key":"PowerPotion"},{"floor":19.0,"key":"Ancient Potion"},{"floor":19.0,"key":"Fruit Juice"},{"floor":19.0,"key":"BlessingOfTheForge"},{"floor":28.0,"key":"Fire Potion"},{"floor":30.0,"key":"CultistPotion"},{"floor":33.0,"key":"EssenceOfSteel"},{"floor":35.0,"key":"FearPotion"},{"floor":36.0,"key":"PotionOfCapacity"},{"floor":37.0,"key":"Regen Potion"},{"floor":39.0,"key":"DuplicationPotion"},{"floor":41.0,"key":"BlessingOfTheForge"},{"floor":45.0,"key":"Fire Potion"},{"floor":46.0,"key":"SteroidPotion"},{"floor":48.0,"key":"SkillPotion"},{"floor":54,"key":"LifebloodPotion"}],"is_trial":false,"path_per_floor":["M","M","?","?","?","R","E","M","T","R","E","R","?","?","R","B",null,"M","?","M","T","?","R","$","R","T","$","M","R","E","?","R","B",null,"M","M","M","$","M","R","E","$","T","R","E","M","R","E","R","B",null,"R","$","E","B",null],"character_chosen":"DEFECT","items_purchased":["Electrodynamics","BargainBundle","Simple Rune","White Beast Statue","Panache","BlessingOfTheForge","EssenceOfDarkness","Tempest","Defragment","DollysMirror"],"campfire_rested":1,"item_purchase_floors":[24,27,27,27,27,27,27,27,38,53],"current_hp_per_floor":[75,75,75,75,57,57,57,55,55,55,24,24,75,75,75,58,75,61,68,68,68,68,68,68,68,68,82,82,82,74,74,74,57,106,99,98,70,70,54,54,54,54,54,54,54,41,41,29,60,78,106,106,106,106,2],"gold":72,"neow_bonus":"THREE_ENEMY_KILL","is_daily":false,"chose_seed":false,"campfire_upgraded":11,"win_rate":0.0,"timestamp":1613433815,"path_taken":["M","M","?","?","?","R","E","?","T","R","E","R","?","?","R","BOSS","M","?","M","?","?","R","$","R","T","$","M","R","E","?","R","BOSS","M","?","M","$","M","R","E","$","T","R","E","?","R","E","R","BOSS","R","$","E","BOSS"],"items_purchased_type":["Card","Relic","Relic","Relic","Card","Potion","Potion","Card","Card","Relic"],"build_version":"2020-12-22","purchased_purges":5,"victory":true,"max_hp_per_floor":[75,75,75,75,75,75,75,75,75,75,75,75,75,75,75,75,75,75,82,82,82,82,82,82,82,82,82,82,82,92,92,92,92,106,106,106,106,106,106,106,106,106,106,106,106,106,106,106,106,106,106,106,106,106,106],"card_choices":[{"not_picked":["Sweeping Beam","BasicCrystalCard","Redo"],"picked":"SKIP","floor":1.0},{"not_picked":["Darkness","Streamline","FTL"],"picked":"SKIP","floor":2.0},{"not_picked":["Steam","Glacier"],"picked":"Multi-Cast","floor":7.0},{"not_picked":["Go for the Eyes","Auto Shields"],"picked":"Defragment","floor":8.0},{"not_picked":["Go for the Eyes","Conserve Battery"],"picked":"Hologram","floor":11.0},{"not_picked":["Seek","Multi-Cast"],"picked":"Amplify","floor":16.0},{"not_picked":["BasicCrystalCard+1","Leap+1","Panic Button+1"],"picked":"SKIP","floor":18.0},{"not_picked":["Beam Cell+1","Sweeping Beam"],"picked":"Stack+1","floor":20.0},{"not_picked":["Ball Lightning","Panic Button"],"picked":"Capacitor","floor":28.0},{"not_picked":["Redo","Machine Learning"],"picked":"Storm","floor":30.0},{"not_picked":["Regret","betterMatch:CurseCard"],"picked":"Decay","floor":34.0},{"not_picked":["CurseOfTheBell","Writhe"],"picked":"Clumsy","floor":34.0},{"not_picked":["Normality","Writhe"],"picked":"Clumsy","floor":34.0},{"not_picked":["Auto Shields","Turbo","Panic Button"],"picked":"SKIP","floor":35.0},{"not_picked":["Capacitor","Self Repair+1"],"picked":"Biased Cognition","floor":36.0},{"not_picked":["Go for the Eyes+1","Ball Lightning","Stack+1"],"picked":"SKIP","floor":37.0},{"not_picked":["Cold Snap","FTL+1","BasicCrystalCard"],"picked":"SKIP","floor":39.0},{"not_picked":["ReplayGash","Turbo"],"picked":"Fission","floor":41.0},{"not_picked":["ReplaySort+1","Blizzard"],"picked":"Defragment+1","floor":45.0},{"not_picked":["Beam Cell","Rainbow","Barrage+1"],"picked":"SKIP","floor":46.0},{"not_picked":["Genetic Algorithm+1","Sweeping Beam+1"],"picked":"Electrodynamics","floor":48.0},{"not_picked":["ReplayTheSpireMod:System Scan","BasicCrystalCard+1","Genetic Algorithm"],"picked":"SKIP","floor":54}],"player_experience":37796,"relics_obtained":[{"floor":3.0,"key":"ReplayTheSpireMod:Lightbulb"},{"floor":7.0,"key":"Chameleon Ring"},{"floor":9.0,"key":"Replay:Rubber Ducky"},{"floor":11.0,"key":"Oddly Smooth Stone"},{"floor":21.0,"key":"Replay:Baseball"},{"floor":26.0,"key":"MealTicket"},{"floor":30.0,"key":"Pear"},{"floor":41.0,"key":"Incense Burner"},{"floor":45.0,"key":"Smiling Mask"},{"floor":48.0,"key":"Bottled Tornado"},{"floor":54,"key":"Thread and Needle"}],"event_choices":[{"damage_healed":0.0,"max_hp_gain":0.0,"max_hp_loss":0.0,"gold_gain":0.0,"event_name":"Golden Idol","player_choice":"Take Damage","floor":5.0,"gold_loss":0.0,"damage_taken":18.0,"relics_obtained":["Golden Idol"]},{"damage_healed":51.0,"max_hp_gain":0.0,"max_hp_loss":0.0,"gold_gain":0.0,"event_name":"Wheel of Change","player_choice":"Full Heal","floor":13.0,"gold_loss":0.0,"damage_taken":0.0},{"damage_healed":0.0,"max_hp_gain":0.0,"max_hp_loss":0.0,"gold_gain":0.0,"event_name":"Living Wall","player_choice":"Grow","floor":14.0,"gold_loss":0.0,"damage_taken":0.0,"cards_upgraded":["Multi-Cast"]},{"damage_healed":0.0,"max_hp_gain":0.0,"max_hp_loss":0.0,"gold_gain":0.0,"event_name":"The Woman in Blue","player_choice":"Bought 3 Potions","floor":19.0,"gold_loss":0.0,"damage_taken":0.0},{"damage_healed":0.0,"max_hp_gain":0.0,"max_hp_loss":0.0,"gold_gain":100.0,"event_name":"The Joust","player_choice":"Bet on Murderer","floor":22.0,"gold_loss":50.0,"damage_taken":0.0},{"damage_healed":0.0,"max_hp_gain":0.0,"max_hp_loss":0.0,"gold_gain":0.0,"event_name":"N\u0027loth","player_choice":"Traded Relic","floor":31.0,"relics_lost":["MealTicket"],"gold_loss":0.0,"damage_taken":0.0,"relics_obtained":["Nloth\u0027s Gift"]}],"is_beta":false,"boss_relics":[{"not_picked":["Calling Bell","FrozenCore"],"picked":"Astrolabe"},{"not_picked":["Busted Crown","ChewingGum"],"picked":"Replay:Ancient Bell"},{"not_picked":["Boot","Pen Nib"],"picked":"Centennial Puzzle"},{"not_picked":["Meat on the Bone","Replay:Accelerometer"],"picked":"Pantograph"},{"not_picked":["Girya","Pocketwatch"],"picked":"Mango"}],"items_purged_floors":[24,27,38,42,53],"is_endless":false,"potions_floor_spawned":[1,7,8,28,30,33,35,36,37,39,41,45,46,48,54],"ascension_level":2}}