{"host":"1lwxixhv2lzh5ag1","time":1613450470,"event":{"mods":["AchievementEnabler","BaseMod","Bestiary","Better Altar","Better Match","Better Note","Better Sensory Stone","Better Silent Start","Better Skull","Better Third Choice","BetterRewards","Colored Map","Colored Powertips","DeckTracker","Displayed Cursed Tome","Downfall","Fox Events","Hubris","Minty Spire (QoL Compilation)","Permanent Neow","Relic Stats","Reliquary","Replay The Spire","Spire Arcade","StSLib","Td1madao Mod","The Blue Laboratory","Uncapped","Waifu the Spire"],"gold_per_floor":[116,116,116,230,246,275,290,306,333,333,333,365,390,410,410,515,515,532,532,532,532,544,573,573,539,562,580,580,109,109,127,127,223,223,240,254,254,254],"floor_reached":37,"language":"ENG","playtime":2051,"items_purged":[],"score":579,"play_id":"4bd8a724-0783-45c3-a344-0efc39df60f3","local_time":"20210215234110","is_ascension_mode":true,"campfire_choices":[{"floor":10,"key":"REST"},{"floor":15,"key":"REST"},{"floor":24,"key":"REST"},{"data":"Blade Dance","floor":32,"key":"SMITH"}],"circlet_count":0,"master_deck":["Strike_G","Strike_G","Strike_G","Strike_G","Defend_G","Defend_G","Defend_G","Defend_G","Survivor","Neutralize","hexamod:Defend","Strike_R","Dagger Spray","Caltrops","Deflect","Outmaneuver","Flying Knee","Infinite Blades+1","Blade Dance+1","Bouncing Flask","Burst","Deadly Poison","Specialist+1","Dark Shackles","Deflect","Phantasmal Killer","Bane","hubris:NaturalOne","Dagger Spray+1","Envenom","Deadly Poison+1","Replay:Poison Smokescreen+1"],"relics":["Ring of the Snake","FossilizedHelix","Ring of Misfortune","Ring of Hypnosis","hubris:Icosahedron","Replay:Mystery Machine","hubris:OldNail","Snack Pack","Black Star","hubris:Towel","Eternal Feather","reliquary:PartyBalloon","reliquary:Stiletto","MutagenicStrength","hubris:EmptyBottle","Question Card","SlaversCollar"],"acts_visited":["Exordium","TheCity","TheBeyond"],"potions_floor_usage":[6,16,31,33,33,36,36,36,37,37],"damage_taken":[{"damage":0,"enemies":"2 Louse","floor":1,"turns":3},{"damage":3,"enemies":"Jaw Worm","floor":4,"turns":4},{"damage":0,"enemies":"Small Slimes","floor":5,"turns":3},{"damage":30,"enemies":"Gremlin Nob","floor":6,"turns":5},{"damage":15,"enemies":"2 Fungi Beasts","floor":7,"turns":5},{"damage":1,"enemies":"Red Slaver","floor":8,"turns":5},{"damage":9,"enemies":"3 Sentries","floor":12,"turns":7},{"damage":0,"enemies":"3 Louse","floor":14,"turns":3},{"damage":26,"enemies":"Hexaghost","floor":16,"turns":9},{"damage":0,"enemies":"3 Byrds","floor":18,"turns":5},{"damage":0,"enemies":"Shell Parasite","floor":22,"turns":5},{"damage":43,"enemies":"Gremlin Leader","floor":23,"turns":8},{"damage":18,"enemies":"3 Cultists","floor":25,"turns":6},{"damage":34,"enemies":"Cultist and Chosen","floor":27,"turns":8},{"damage":10,"enemies":"Shelled Parasite and Fungi","floor":31,"turns":5},{"damage":26,"enemies":"Pondfish","floor":33,"turns":6},{"damage":18,"enemies":"Orb Walker","floor":35,"turns":5},{"damage":57,"enemies":"3 Darklings","floor":36,"turns":7},{"damage":29,"enemies":"Writhing Mass","floor":37,"turns":5}],"seed_played":"4123590675648511943","potions_obtained":[{"floor":1,"key":"ColorlessPotion"},{"floor":5,"key":"blueLaboratory:NinjaPotion"},{"floor":8,"key":"blueLaboratory:PolymorphPotion"},{"floor":12,"key":"bronze:BurnAndBuffPotion"},{"floor":14,"key":"AttackPotion"},{"floor":16,"key":"blueLaboratory:SavagePotion"},{"floor":30,"key":"foxEvents:VialedCaress"},{"floor":35,"key":"blueLaboratory:BottledHope"}],"is_trial":false,"path_per_floor":["M","?","?","M","M","E","M","M","T","R","?","E","?","M","R","B",null,"M","?","?","?","M","E","R","M","T","M","?","$","?","M","R","B",null,"M","M","M"],"character_chosen":"THE_SILENT","items_purchased":["hubris:EmptyBottle","Question Card","DistilledChaos"],"campfire_rested":3,"item_purchase_floors":[29,29,29],"current_hp_per_floor":[70,70,70,67,67,37,22,21,21,42,42,33,33,37,58,44,70,70,70,70,70,70,31,67,53,53,29,29,29,29,53,59,43,59,41,21,0,0],"gold":254,"neow_bonus":"ONE_RARE_RELIC","is_daily":false,"chose_seed":false,"campfire_upgraded":1,"win_rate":0.0,"timestamp":1613450470,"path_taken":["M","?","?","M","M","E","M","M","T","R","?","E","?","M","R","BOSS","M","?","?","?","?","E","R","M","T","M","?","?","?","M","R","BOSS","M","M","M"],"items_purchased_type":["Relic","Relic","Potion"],"build_version":"2020-12-22","purchased_purges":0,"victory":false,"max_hp_per_floor":[70,70,70,70,70,70,70,70,70,70,70,70,70,70,70,70,70,70,70,70,70,70,70,70,70,70,70,70,70,59,59,59,59,59,59,59,59,59],"relic_stats":{"counters":[19,104],"Eternal Feather":21,"Black Star":1,"Question Card":8,"obtain_stats":[{"Ring of Hypnosis":2,"reliquary:PartyBalloon":23,"Eternal Feather":23,"Replay:Mystery Machine":6,"hubris:Towel":20,"hubris:EmptyBottle":29,"Question Card":29,"SlaversCollar":34,"hubris:Icosahedron":3,"Ring of Misfortune":2,"MutagenicStrength":28,"reliquary:Stiletto":26,"Snack Pack":12,"Black Star":17,"FossilizedHelix":0,"hubris:OldNail":9,"Ring of the Snake":0},{"Ring of Hypnosis":1,"reliquary:PartyBalloon":12,"Eternal Feather":12,"Replay:Mystery Machine":4,"hubris:Towel":10,"hubris:EmptyBottle":14,"Question Card":14,"SlaversCollar":16,"hubris:Icosahedron":1,"Ring of Misfortune":1,"MutagenicStrength":14,"reliquary:Stiletto":13,"Snack Pack":7,"Black Star":9,"FossilizedHelix":0,"hubris:OldNail":6,"Ring of the Snake":0},{"Ring of Hypnosis":3,"reliquary:PartyBalloon":62,"Eternal Feather":62,"Replay:Mystery Machine":15,"hubris:Towel":49,"hubris:EmptyBottle":76,"Question Card":76,"SlaversCollar":87,"hubris:Icosahedron":3,"Ring of Misfortune":3,"MutagenicStrength":76,"reliquary:Stiletto":68,"Snack Pack":32,"Black Star":44,"FossilizedHelix":0,"hubris:OldNail":25,"Ring of the Snake":0}],"Ring of the Snake":[95]},"card_choices":[{"not_picked":["Reflex","Outmaneuver"],"picked":"Dagger Spray","floor":1},{"not_picked":["Prepared","Riddle With Holes"],"picked":"Caltrops","floor":4},{"not_picked":["Hidden Blade","Predator"],"picked":"Deflect","floor":5},{"not_picked":["Dagger Throw","Quick Slash"],"picked":"Outmaneuver","floor":6},{"not_picked":["Quick Slash","Deflect"],"picked":"Flying Knee","floor":7},{"not_picked":["Outmaneuver","Prepared"],"picked":"Infinite Blades","floor":8},{"not_picked":["hubris:TrickCloak","Hidden Blade"],"picked":"Blade Dance","floor":12},{"not_picked":["Quick Slash","Prepared"],"picked":"Bouncing Flask","floor":14},{"not_picked":["Storm of Steel","Die Die Die"],"picked":"Burst","floor":16},{"not_picked":["Dodge and Roll+1","Cloak And Dagger"],"picked":"Deadly Poison","floor":18},{"not_picked":["Forethought","Replay:Parry"],"picked":"Specialist","floor":19},{"not_picked":["Mind Blast","Madness"],"picked":"Dark Shackles","floor":19},{"not_picked":["hubris:Sniper","ReplayTheSpireMod:Speed Training"],"picked":"Deflect","floor":22},{"not_picked":["Outmaneuver","hubris:SlightOfHand"],"picked":"Phantasmal Killer","floor":23},{"not_picked":["Outmaneuver+1","hubris:Counter"],"picked":"Bane","floor":25},{"not_picked":["Quick Slash","hubris:SlightOfHand","Poisoned Stab"],"picked":"SKIP","floor":27},{"not_picked":["Cloak And Dagger+1","Hidden Blade","Calculated Gamble"],"picked":"Dagger Spray+1","floor":31},{"not_picked":["Night Terror","Malaise","Replay:Bag of Tricks"],"picked":"Envenom","floor":33},{"not_picked":["Terror+1","Bane+1","ReplayTheSpireMod:Speed Training+1"],"picked":"Deadly Poison+1","floor":35},{"not_picked":["Deflect","ReplayTheSpireMod:From All Sides","Backflip"],"picked":"Replay:Poison Smokescreen+1","floor":36}],"player_experience":32475,"relics_obtained":[{"floor":2,"key":"Ring of Misfortune"},{"floor":2,"key":"Ring of Hypnosis"},{"floor":6,"key":"Replay:Mystery Machine"},{"floor":9,"key":"hubris:OldNail"},{"floor":12,"key":"Snack Pack"},{"floor":23,"key":"Eternal Feather"},{"floor":23,"key":"reliquary:PartyBalloon"},{"floor":26,"key":"reliquary:Stiletto"}],"event_choices":[{"damage_healed":0,"gold_gain":2,"player_choice":"1","damage_taken":0,"max_hp_gain":0,"max_hp_loss":0,"event_name":"betterStone:BetterStone","floor":19,"gold_loss":0},{"damage_healed":0,"gold_gain":0,"player_choice":"Forge","damage_taken":0,"max_hp_gain":0,"max_hp_loss":0,"event_name":"Accursed Blacksmith","floor":21,"gold_loss":0,"cards_upgraded":["Specialist"]},{"damage_healed":0,"gold_gain":0,"player_choice":"Inject Mutagens","damage_taken":0,"relics_obtained":["MutagenicStrength"],"max_hp_gain":0,"max_hp_loss":0,"event_name":"Drug Dealer","floor":28,"gold_loss":0}],"is_beta":false,"boss_relics":[{"not_picked":["hubris:GrandSneckoEye","Ring of Chaos"],"picked":"Black Star"},{"not_picked":["Snecko Eye","hubris:VirtuousBlindfold"],"picked":"SlaversCollar"}],"items_purged_floors":[],"is_endless":false,"potions_floor_spawned":[1,5,8,12,14,16,23,31,35],"killed_by":"Writhing Mass","ascension_level":1}}