{"host":"p0hktren06injwdf","time":1613442853,"event":{"mods":["AchievementEnabler","BaseMod","Colored Map","DeckTracker","Minty Spire (QoL Compilation)","Permanent Neow","StSLib","SuperFastMode"],"gold_per_floor":[113,113,127,52,71,101,115,140,216,216,53,70,87,107,107,204,204,220,240,81,110,70,70,98,111,111,124,124,135,145,145,145,249,249,260,37,37,50,272,305,305,305,328,328,168,198,212,237,237,237,237,237,137,169,169],"floor_reached":56,"language":"KOR","playtime":1660,"items_purged":["Defend_B","Defend_B"],"score":1292,"play_id":"96518531-0c7b-4b6a-b7a6-1bda87dcd3e3","local_time":"20210216113413","is_ascension_mode":false,"campfire_choices":[{"data":"Defragment","floor":10.0,"key":"SMITH"},{"data":"Creative AI","floor":15,"key":"SMITH"},{"data":"Genetic Algorithm","floor":23,"key":"SMITH"},{"data":"Fusion","floor":28,"key":"SMITH"},{"data":"Loop","floor":32,"key":"SMITH"},{"data":"Coolheaded","floor":42,"key":"SMITH"},{"data":"Echo Form","floor":44,"key":"SMITH"},{"floor":49,"key":"RECALL"},{"data":"Amplify","floor":52,"key":"SMITH"}],"circlet_count":0,"master_deck":["Defend_B","Defend_B","Zap","Dualcast","Electrodynamics","Defragment+1","Creative AI+1","Hologram","Loop+1","Cold Snap","Echo Form+1","Compile Driver","Hologram+1","Genetic Algorithm+1","Self Repair","Panacea","Force Field+1","Fusion+1","White Noise","Skim+1","Coolheaded+1","FTL","Barrage","Meteor Strike","Turbo","Defragment+1","Defragment+1","White Noise","White Noise+1","Glacier","Heatsinks+1","Amplify+1"],"relics":["FrozenCore","Potion Belt","Bird Faced Urn","Eternal Feather","Sozu","Red Mask","Akabeko","Frozen Egg 2","DollysMirror","PreservedInsect","Omamori","Mercury Hourglass","Lizard Tail","Blue Candle"],"acts_visited":["Exordium","TheCity","TheBeyond","TheEnding"],"potions_floor_usage":[21,24,55,55],"damage_taken":[{"damage":0.0,"enemies":"2 Louse","floor":1.0,"turns":1.0},{"damage":0.0,"enemies":"Cultist","floor":3.0,"turns":3.0},{"damage":1.0,"enemies":"Jaw Worm","floor":5.0,"turns":3.0},{"damage":9.0,"enemies":"3 Sentries","floor":6.0,"turns":2.0},{"damage":24.0,"enemies":"Exordium Thugs","floor":7.0,"turns":3.0},{"damage":13.0,"enemies":"Lagavulin","floor":8.0,"turns":6.0},{"damage":9.0,"enemies":"Blue Slaver","floor":12.0,"turns":4.0},{"damage":0.0,"enemies":"2 Fungi Beasts","floor":13.0,"turns":2.0},{"damage":3,"enemies":"Looter","floor":14,"turns":3},{"damage":21,"enemies":"Slime Boss","floor":16,"turns":7},{"damage":10,"enemies":"3 Byrds","floor":18,"turns":3},{"damage":25,"enemies":"Spheric Guardian","floor":19,"turns":4},{"damage":15,"enemies":"Masked Bandits","floor":21,"turns":3},{"damage":40,"enemies":"Slavers","floor":24,"turns":4},{"damage":10,"enemies":"Snake Plant","floor":25,"turns":4},{"damage":24,"enemies":"Centurion and Healer","floor":27,"turns":7},{"damage":12,"enemies":"Snecko","floor":29,"turns":6},{"damage":0,"enemies":"Chosen and Byrds","floor":30,"turns":7},{"damage":14,"enemies":"Automaton","floor":33,"turns":7},{"damage":25,"enemies":"3 Darklings","floor":35,"turns":3},{"damage":0,"enemies":"Orb Walker","floor":38,"turns":4},{"damage":8,"enemies":"Reptomancer","floor":40,"turns":6},{"damage":5,"enemies":"Giant Head","floor":46,"turns":5},{"damage":0,"enemies":"Sphere and 2 Shapes","floor":47,"turns":6},{"damage":8,"enemies":"Reptomancer","floor":48,"turns":7},{"damage":2,"enemies":"Donu and Deca","floor":50,"turns":7},{"damage":43,"enemies":"Shield and Spear","floor":54,"turns":5},{"damage":53,"enemies":"The Heart","floor":55,"turns":13}],"seed_played":"-571406948245511349","potions_obtained":[{"floor":1.0,"key":"GamblersBrew"},{"floor":6.0,"key":"Energy Potion"},{"floor":8.0,"key":"FearPotion"},{"floor":13,"key":"SneckoOil"}],"is_trial":false,"path_per_floor":["M","?","M","$","M","E","M","E","T","R","$","M","M","M","R","B",null,"M","M","$","?","$","R","E","M","T","M","R","M","M","?","R","B",null,"M","$","?","M","?","E","T","R","T","R","$","E","M","E","R","B",null,"R","$","E","B",null],"character_chosen":"DEFECT","items_purchased":["Echo Form","Self Repair","Panacea","Fusion","Defragment+1","DollysMirror","Glacier","Heatsinks+1"],"campfire_rested":0,"item_purchase_floors":[11,20,20,22,36,36,45,45],"current_hp_per_floor":[75,75,75,75,74,65,41,28,28,34,34,31,35,36,45,40,75,75,60,60,64,64,75,56,65,65,68,75,75,75,75,75,75,75,65,65,65,71,71,71,71,71,71,71,71,71,71,71,71,71,71,71,71,49,63],"gold":169,"neow_bonus":"TRANSFORM_CARD","is_daily":false,"chose_seed":false,"campfire_upgraded":8,"win_rate":0.0,"timestamp":1613442853,"path_taken":["M","?","M","?","?","E","M","E","T","R","$","M","M","?","R","BOSS","M","M","$","?","?","R","E","M","T","M","R","M","M","?","R","BOSS","M","$","?","M","?","E","?","R","T","R","?","E","?","E","R","BOSS","R","$","E","BOSS"],"items_purchased_type":["Card","Card","Card","Card","Card","Relic","Card","Card"],"build_version":"2020-12-22","purchased_purges":2,"victory":true,"max_hp_per_floor":[75,75,75,75,75,75,75,75,75,75,75,75,75,75,75,75,75,75,75,75,75,75,75,75,75,75,75,75,75,75,75,75,75,75,75,75,71,71,71,71,71,71,71,71,71,71,71,71,71,71,71,71,71,71,71],"card_choices":[{"not_picked":["Barrage","Rebound"],"picked":"Defragment","floor":1.0},{"not_picked":["Leap","Streamline","Redo"],"picked":"SKIP","floor":3.0},{"not_picked":["Barrage","Compile Driver"],"picked":"Creative AI","floor":5.0},{"not_picked":["Darkness","Recycle"],"picked":"Hologram","floor":6.0},{"not_picked":["Gash","Storm"],"picked":"Loop","floor":7.0},{"not_picked":["Beam Cell","Hologram"],"picked":"Cold Snap","floor":8.0},{"not_picked":["Fission","Hello World","Sunder"],"picked":"SKIP","floor":12.0},{"not_picked":["Go for the Eyes","Beam Cell"],"picked":"Compile Driver","floor":13},{"not_picked":["Go for the Eyes","Barrage","Blizzard"],"picked":"SKIP","floor":14},{"not_picked":["Sweeping Beam","Chaos"],"picked":"Hologram+1","floor":18},{"not_picked":["Go for the Eyes+1","Barrage"],"picked":"Genetic Algorithm","floor":19},{"not_picked":["Barrage+1","Steam"],"picked":"Force Field+1","floor":21},{"not_picked":["Recycle","Blizzard+1","Redo"],"picked":"SKIP","floor":24},{"not_picked":["Sweeping Beam","Sunder+1"],"picked":"White Noise","floor":25},{"not_picked":["Redo","Rip and Tear"],"picked":"Skim+1","floor":27},{"not_picked":["Conserve Battery","Rainbow"],"picked":"Coolheaded","floor":29},{"not_picked":["Cold Snap","Sweeping Beam","Steam Power"],"picked":"SKIP","floor":30},{"not_picked":["Core Surge","Fission"],"picked":"Meteor Strike","floor":33},{"not_picked":["Static Discharge+1","Cold Snap"],"picked":"Turbo","floor":35},{"not_picked":["Leap+1","Barrage"],"picked":"White Noise","floor":38},{"not_picked":["Compile Driver","Rebound+1"],"picked":"White Noise+1","floor":40},{"not_picked":["Storm+1","Redo","Conserve Battery"],"picked":"SKIP","floor":46},{"not_picked":["Compile Driver+1","Turbo+1","Scrape+1"],"picked":"SKIP","floor":47},{"not_picked":["Storm+1","Streamline"],"picked":"Amplify","floor":48},{"not_picked":["Reinforced Body+1","Beam Cell+1","Reprogram"],"picked":"SKIP","floor":54}],"player_experience":1067718,"relics_obtained":[{"floor":6.0,"key":"Potion Belt"},{"floor":8.0,"key":"Bird Faced Urn"},{"floor":9.0,"key":"Eternal Feather"},{"floor":21,"key":"Red Mask"},{"floor":24,"key":"Akabeko"},{"floor":26,"key":"Frozen Egg 2"},{"floor":40,"key":"PreservedInsect"},{"floor":43,"key":"Omamori"},{"floor":46,"key":"Mercury Hourglass"},{"floor":48,"key":"Lizard Tail"},{"floor":54,"key":"Blue Candle"}],"event_choices":[{"cards_removed":["Strike_B"],"damage_healed":0.0,"max_hp_gain":0.0,"max_hp_loss":0.0,"gold_gain":0.0,"event_name":"Purifier","player_choice":"Purged","floor":2.0,"gold_loss":0.0,"damage_taken":0.0},{"damage_healed":0,"gold_gain":0,"player_choice":"Fought Bandits","damage_taken":0,"max_hp_gain":0,"max_hp_loss":0,"event_name":"Masked Bandits","floor":21,"gold_loss":0},{"damage_healed":0,"gold_gain":0,"cards_transformed":["Strike_B","Strike_B"],"player_choice":"Became Test Subject","damage_taken":0,"max_hp_gain":0,"max_hp_loss":0,"event_name":"Drug Dealer","floor":31,"gold_loss":0,"cards_obtained":["FTL","Barrage"]},{"damage_healed":0,"gold_gain":0,"player_choice":"Max HP","damage_taken":0,"max_hp_gain":0,"max_hp_loss":4,"event_name":"Winding Halls","floor":37,"gold_loss":0},{"damage_healed":0,"gold_gain":222,"player_choice":"Wore Mask","damage_taken":0,"max_hp_gain":0,"max_hp_loss":0,"event_name":"Tomb of Lord Red Mask","floor":39,"gold_loss":0}],"is_beta":false,"boss_relics":[{"not_picked":["Calling Bell","Ectoplasm"],"picked":"Sozu"},{"not_picked":["Runic Pyramid","Velvet Choker"],"picked":"FrozenCore"}],"items_purged_floors":[4,53],"is_endless":false,"potions_floor_spawned":[1,6,8,13,19,27,29,30,33,47,48],"ascension_level":0}}