{"host":"d2gh6suihlstufn7","time":1613466405,"event":{"mods":["AchievementEnabler","BaseMod","Colored Map","Colored Powertips","Minty Spire (QoL Compilation)","Permanent Neow","Quick Restart"],"gold_per_floor":[110,38,38,38,48,48,68,68,68,88,120,295,295,94,94,189,189,206,206,206,206],"floor_reached":20,"language":"KOR","playtime":575,"items_purged":[],"score":170,"play_id":"37fd9b48-c936-4a95-98f4-027b1ba706a7","local_time":"20210216180645","is_ascension_mode":false,"campfire_choices":[{"floor":6,"key":"RECALL"},{"data":"Body Slam","floor":8,"key":"SMITH"},{"floor":13,"key":"REST"},{"data":"Armaments","floor":15,"key":"SMITH"}],"circlet_count":0,"master_deck":["Strike_R","Strike_R","Strike_R","Strike_R","Defend_R","Defend_R","Defend_R","Bash","Body Slam+1","Armaments+1","Shrug It Off","Barricade"],"relics":["Empty Cage","Red Skull","Omamori","Sling","Cursed Key","Nilry\u0027s Codex"],"acts_visited":["Exordium","TheCity"],"potions_floor_usage":[16,16],"damage_taken":[{"damage":5,"enemies":"Small Slimes","floor":1,"turns":4},{"damage":4,"enemies":"2 Louse","floor":5,"turns":3},{"damage":1,"enemies":"Cultist","floor":7,"turns":4},{"damage":34,"enemies":"Large Slime","floor":10,"turns":9},{"damage":20,"enemies":"Gremlin Nob","floor":11,"turns":4},{"damage":29,"enemies":"The Guardian","floor":16,"turns":11},{"damage":5,"enemies":"Chosen","floor":18,"turns":4},{"damage":0,"enemies":"3 Byrds","floor":20,"turns":2}],"seed_played":"-3897922449674691657","potions_obtained":[{"floor":7,"key":"Energy Potion"},{"floor":10,"key":"HeartOfIron"},{"floor":18,"key":"SkillPotion"}],"is_trial":false,"path_per_floor":["M","$","?","?","M","R","M","R","T","M","E","?","R","$","R","B",null,"M","?","M"],"character_chosen":"IRONCLAD","items_purchased":["Metallicize","Sling","Shrug It Off"],"campfire_rested":1,"item_purchase_floors":[2,14,14],"current_hp_per_floor":[75,75,75,75,71,71,70,70,70,36,16,16,40,40,40,11,80,75,59,59,59],"gold":206,"neow_bonus":"BOSS_RELIC","is_daily":false,"chose_seed":false,"campfire_upgraded":2,"win_rate":0.0,"timestamp":1613466405,"path_taken":["M","$","?","?","?","R","M","R","T","M","E","?","R","?","R","BOSS","M","?","M"],"items_purchased_type":["Card","Relic","Card"],"build_version":"2020-12-22","purchased_purges":0,"victory":false,"max_hp_per_floor":[80,80,80,80,80,80,80,80,80,80,80,80,80,80,80,80,80,80,80,80,80],"card_choices":[{"not_picked":["Thunderclap","Flex"],"picked":"Body Slam","floor":1},{"not_picked":["Anger","Havoc","Disarm"],"picked":"SKIP","floor":5},{"not_picked":["Infernal Blade","Blood for Blood","Warcry"],"picked":"SKIP","floor":7},{"not_picked":["Rage","Dark Embrace"],"picked":"Armaments","floor":10},{"not_picked":["Ghostly Armor","Shockwave","Evolve"],"picked":"SKIP","floor":11},{"not_picked":["Bludgeon","Feed"],"picked":"Barricade","floor":16},{"not_picked":["Clothesline+1","Power Through+1","Flex+1"],"picked":"SKIP","floor":18}],"player_experience":208731,"relics_obtained":[{"floor":11,"key":"Omamori"},{"floor":19,"key":"Nilry\u0027s Codex"}],"event_choices":[{"damage_healed":0,"gold_gain":0,"player_choice":"Leave","damage_taken":0,"max_hp_gain":0,"max_hp_loss":0,"event_name":"The Cleric","floor":3,"gold_loss":0},{"cards_removed":["Metallicize"],"damage_healed":0,"gold_gain":0,"player_choice":"Gave Card","damage_taken":0,"relics_obtained":["Red Skull"],"max_hp_gain":0,"max_hp_loss":0,"event_name":"WeMeetAgain","floor":4,"gold_loss":0},{"damage_healed":0,"gold_gain":175,"player_choice":"AGREE","damage_taken":0,"max_hp_gain":0,"max_hp_loss":0,"event_name":"Liars Game","floor":12,"gold_loss":0,"cards_obtained":["Doubt"]},{"damage_healed":0,"gold_gain":0,"player_choice":"Obtained Book","damage_taken":16,"max_hp_gain":0,"max_hp_loss":0,"event_name":"Cursed Tome","floor":19,"gold_loss":0}],"is_beta":false,"boss_relics":[{"not_picked":["Ectoplasm","Runic Cube"],"picked":"Cursed Key"}],"items_purged_floors":[],"is_endless":false,"potions_floor_spawned":[7,10,18],"killed_by":"3 Byrds","ascension_level":0}}