{"host":"t9zjxed0utvsfjwc","time":1613463775,"event":{"mods":["2.2 Compatiblity","Act Like it!","Aspiration","BaseMod","Better Altar","Better Match","Better Note","Better Sensory Stone","Better Skull","Better Third Choice","Block Reminder","Colored Map","Colored Powertips","Conspire","Defuse TimeMaze Blight","Energized Spire","GifTheSpireLib","Hermit","Highlight Path","Hubris","Infinite Spire","Marked Mod","Minty Spire (QoL Compilation)","Quick Restart","Rare Cards Sparkle","Relic Sorter","Relic Stats","Reliquary","Replay The Spire","Ruina","StSLib","Stuff the Spire","The Blue Laboratory","The Jungle","The Marked","Unceasing Turn Reminder","Wandering Minibosses","everything is the same but u backflip on backflip"],"gold_per_floor":[111,304,479,479,491,526,526,544,544,561,572,572,542,574,574,673,673,686,394,394,408,419,419,434,434,479,479,509,509,523,523,523],"floor_reached":31,"language":"ENG","playtime":1318,"items_purged":["Doubt"],"score":357,"play_id":"e3b1f4d8-30ca-4e43-a875-de28544c48e1","local_time":"20210216082255","is_ascension_mode":true,"campfire_choices":[{"data":"Rampage","floor":7,"key":"SMITH"},{"data":"Feed","floor":12,"key":"SMITH"},{"data":"Iron Wave","floor":15,"key":"SMITH"},{"floor":23,"key":"REST"},{"floor":25,"key":"REST"},{"floor":27,"key":"REST"},{"floor":29,"key":"REST"}],"circlet_count":0,"master_deck":["Strike_R","Strike_R","Strike_R","Strike_R","Defend_R","Defend_R","Defend_R","Defend_R","Bash","Rampage+1","Iron Wave+1","Feed+1","Apotheosis","Shrug It Off","StuffTheSpire:Incineration+1","conspire:Purge"],"relics":["Burning Blood","NeowsBlessing","infinitespire:Lucky Rock","StuffTheSpire:EmeraldSignet","aspiration:ChemicalBlood","reliquary:WritOfMandamus","reliquary:Knoch","infinitespire:PuzzleCube"],"acts_visited":["Exordium","Exordium"],"potions_floor_usage":[8,8,11,14,14,16,21,21,21,21,22,22,28,28,30,30,31,31],"damage_taken":[{"damage":0,"enemies":"Jaw Worm","floor":1,"turns":1},{"damage":0,"enemies":"2 Louse","floor":5,"turns":1},{"damage":0,"enemies":"Gremlin Nob","floor":6,"turns":1},{"damage":0,"enemies":"Cultist","floor":8,"turns":2},{"damage":4,"enemies":"Gremlin Gang","floor":10,"turns":5},{"damage":16,"enemies":"Large Slime","floor":11,"turns":3},{"damage":17,"enemies":"Exordium Thugs","floor":13,"turns":5},{"damage":12,"enemies":"Lagavulin","floor":14,"turns":8},{"damage":68,"enemies":"The Guardian","floor":16,"turns":11},{"damage":48,"enemies":"theJungle:GiantWrat","floor":18,"turns":7},{"damage":39,"enemies":"theJungle:MUSHROOMGANG","floor":21,"turns":6},{"damage":25,"enemies":"theJungle:SlimyTreeVines","floor":22,"turns":5},{"damage":28,"enemies":"theJungle:Lyon","floor":24,"turns":6},{"damage":54,"enemies":"theJungle:MamaSnecko","floor":28,"turns":5},{"damage":39,"enemies":"theJungle:2_Snecko_Cultists","floor":30,"turns":5},{"damage":49,"enemies":"theJungle:JungleHuntersEncounter","floor":31,"turns":5}],"seed_played":"6004875815818621938","potions_obtained":[{"floor":4,"key":"Milkshake"},{"floor":4,"key":"Weak Potion"},{"floor":4,"key":"blueLaboratory:HorrorPotion"},{"floor":6,"key":"SteroidPotion"},{"floor":10,"key":"Energy Potion"},{"floor":13,"key":"blueLaboratory:FrostheartPotion"},{"floor":16,"key":"Dexterity Potion"},{"floor":21,"key":"blueLaboratory:FruitPunch"},{"floor":28,"key":"LiquidBronze"},{"floor":30,"key":"blueLaboratory:SavagePotion"}],"is_trial":false,"path_per_floor":["M","?","?","?","M","E","R","M","T","M","M","R","M","E","R","B",null,"M","$","?","M","M","R","M","R","T","R","E","R","M","M"],"character_chosen":"IRONCLAD","items_purchased":["Apotheosis","Shrug It Off"],"campfire_rested":4,"item_purchase_floors":[19,19],"current_hp_per_floor":[80,48,48,48,54,60,60,66,66,75,72,72,69,69,69,15,90,54,54,54,25,11,41,25,56,56,87,43,75,46,0,0],"gold":523,"neow_bonus":"THREE_ENEMY_KILL","is_daily":false,"chose_seed":false,"campfire_upgraded":3,"win_rate":0.0,"timestamp":1613463775,"path_taken":["M","?","?","?","M","E","R","M","T","?","M","R","?","E","R","BOSS","M","$","?","?","M","R","M","R","T","R","E","R","M","M"],"items_purchased_type":["Card","Card"],"build_version":"2020-12-22","purchased_purges":1,"victory":false,"max_hp_per_floor":[80,80,80,80,80,80,80,80,80,83,86,86,90,90,90,90,90,94,94,94,98,100,100,104,104,104,104,108,108,112,112,112],"relic_stats":{"counters":[16,76],"obtain_stats":[{"NeowsBlessing":0,"StuffTheSpire:EmeraldSignet":9,"infinitespire:Lucky Rock":6,"reliquary:Knoch":26,"reliquary:WritOfMandamus":17,"Burning Blood":0,"infinitespire:PuzzleCube":28,"aspiration:ChemicalBlood":14},{"NeowsBlessing":0,"StuffTheSpire:EmeraldSignet":4,"infinitespire:Lucky Rock":3,"reliquary:Knoch":13,"reliquary:WritOfMandamus":9,"Burning Blood":0,"infinitespire:PuzzleCube":14,"aspiration:ChemicalBlood":8},{"NeowsBlessing":0,"StuffTheSpire:EmeraldSignet":5,"infinitespire:Lucky Rock":3,"reliquary:Knoch":61,"reliquary:WritOfMandamus":37,"Burning Blood":0,"infinitespire:PuzzleCube":66,"aspiration:ChemicalBlood":26}],"Burning Blood":84},"card_choices":[{"not_picked":["Flex","StuffTheSpire:RockThrow","Evolve"],"picked":"SKIP","floor":1},{"not_picked":["Corruption","Warcry"],"picked":"Rampage","floor":2},{"not_picked":["Searing Blow","Wild Strike"],"picked":"Iron Wave","floor":5},{"not_picked":["Battle Trance","Dropkick","Thunderclap"],"picked":"SKIP","floor":6},{"not_picked":["Clothesline","Heavy Blade"],"picked":"Feed","floor":8},{"not_picked":["Wild Strike","ReplayReversal","Perfected Strike"],"picked":"SKIP","floor":10},{"not_picked":["Warcry","Run Through","hubris:CleavingFinish"],"picked":"SKIP","floor":11},{"not_picked":["Thunderclap","Run Through","Armaments"],"picked":"SKIP","floor":13},{"not_picked":["Immolate","Havoc","Second Wind"],"picked":"SKIP","floor":14},{"not_picked":["Brutality","Spot Weakness","Combust+1"],"picked":"SKIP","floor":18},{"not_picked":["Pommel Strike","Uppercut","Run Through+1"],"picked":"SKIP","floor":21},{"not_picked":["StuffTheSpire:RockThrow","Perfected Strike+1","Eclipse"],"picked":"SKIP","floor":22},{"not_picked":["True Grit+1","Spot Weakness"],"picked":"StuffTheSpire:Incineration+1","floor":24},{"not_picked":["Feel No Pain","Heavy Blade","hubris:ReadiedAction"],"picked":"SKIP","floor":28},{"not_picked":["Second Wind","Clothesline"],"picked":"conspire:Purge","floor":30}],"player_experience":474776,"relics_obtained":[{"floor":6,"key":"infinitespire:Lucky Rock"},{"floor":9,"key":"StuffTheSpire:EmeraldSignet"},{"floor":14,"key":"aspiration:ChemicalBlood"},{"floor":26,"key":"reliquary:Knoch"},{"floor":28,"key":"infinitespire:PuzzleCube"}],"event_choices":[{"damage_healed":0,"gold_gain":175,"player_choice":"AGREE","damage_taken":304,"max_hp_gain":0,"max_hp_loss":0,"event_name":"betterThird:BetterSerpent","floor":3,"gold_loss":0},{"damage_healed":0,"gold_gain":0,"player_choice":"Got Potions","damage_taken":0,"max_hp_gain":0,"max_hp_loss":0,"event_name":"Lab","floor":4,"gold_loss":0},{"cards_removed":["Apotheosis"],"damage_healed":0,"gold_gain":0,"player_choice":"Give","damage_taken":0,"max_hp_gain":0,"max_hp_loss":0,"event_name":"betterNote:BetterNote","floor":20,"gold_loss":0,"cards_obtained":["None"]}],"is_beta":false,"boss_relics":[{"not_picked":["hubris:VirtuousBlindfold","reliquary:KinkedSpring"],"picked":"reliquary:WritOfMandamus"}],"items_purged_floors":[19],"is_endless":false,"potions_floor_spawned":[6,10,13,16,21,28],"killed_by":"theJungle:JungleHuntersEncounter","ascension_level":1}}