{"host":"thn8o1tmql8xszd5","time":1613434172,"event":{"mods":["2.2 Compatiblity","AchievementEnabler","BaseMod","Bestiary","Block Reminder","Colored Map","Curses Come First","DeckTracker","Downfall","Highlight Path","Minty Spire (QoL Compilation)","Permanent Neow","Relic Sorter","Relic Stats","Spire Arcade","StSLib"],"gold_per_floor":[99,124,134,145,53,53,125,125,158,173,173,187,187,214,242,358,370,382,407,419,441,553,565,577,601,633,645,686,698,728,740,740,740],"floor_reached":31,"language":"ENG","playtime":1496,"items_purged":[],"score":257,"play_id":"5929bf77-cb77-47c3-80ee-0c293d15d327","local_time":"20210215190932","is_ascension_mode":false,"campfire_choices":[{"data":"champ:Execute","floor":1,"key":"SMITH"},{"data":"champ:Circumvent","floor":11,"key":"SMITH"},{"data":"champ:HoldFirm","floor":18,"key":"SMITH"},{"data":"champ:Backstep","floor":23,"key":"SMITH"},{"data":"champ:SwordSigil","floor":27,"key":"SMITH"}],"circlet_count":0,"master_deck":["champ:Strike","champ:Strike+1","champ:Strike+1","champ:Defend","champ:Defend","champ:Defend","champ:Defend","champ:Execute+1","champ:Taunt","champ:CrownThrow","champ:PreciseThrust","champ:BringItOn","champ:Duel+1","champ:DefensiveStyle","champ:Circumvent+1","champ:ShieldSigil","champ:SwordSigil+1","champ:SkillfulDodge","champ:HoldFirm+1","champ:Backstep+1","champ:ShieldWall+1","champ:RageSigil+1","champ:FlashCut+1","RitualDagger","champ:DefensiveShout"],"relics":["champ:ChampionCrownUpgraded","Bag of Preparation","Mummified Hand","Happy Flower","MawBank","Letter Opener","InkBottle"],"acts_visited":["Exordium","TheCity"],"potions_floor_usage":[16],"damage_taken":[{"damage":10,"enemies":"2 Louse","floor":3,"turns":2},{"damage":15,"enemies":"Small Slimes","floor":4,"turns":2},{"damage":20,"enemies":"downfall:FleeingMerchant","floor":5,"turns":4},{"damage":18,"enemies":"Lagavulin","floor":9,"turns":6},{"damage":0,"enemies":"Jaw Worm","floor":10,"turns":2},{"damage":29,"enemies":"2 Fungi Beasts","floor":12,"turns":3},{"damage":10,"enemies":"Exordium Thugs","floor":14,"turns":3},{"damage":10,"enemies":"Large Slime","floor":15,"turns":4},{"damage":82,"enemies":"DF_ARCHETYPE_STREAMLINE","floor":16,"turns":12},{"damage":41,"enemies":"3 Byrds","floor":19,"turns":6},{"damage":0,"enemies":"Chosen","floor":21,"turns":4},{"damage":29,"enemies":"Centurion and Healer","floor":25,"turns":5},{"damage":50,"enemies":"Cultist and Chosen","floor":26,"turns":6},{"damage":76,"enemies":"Gremlin Leader","floor":28,"turns":11},{"damage":18,"enemies":"Snecko","floor":30,"turns":4},{"damage":38,"enemies":"Slavers","floor":31,"turns":2}],"seed_played":"-4860366594120838191","potions_obtained":[{"floor":3,"key":"Fire Potion"},{"floor":4,"key":"Energy Potion"},{"floor":12,"key":"champ:CounterPotion"},{"floor":16,"key":"hexamod:SoulburnPotion"},{"floor":28,"key":"hexamod:SoulburnPotion"}],"is_trial":false,"path_per_floor":["R","?","M","M","$","?","T","?","E","M","R","M","?","M","M","B",null,"R","M","?","M","?","R","T","M","M","R","E","?","M","E"],"character_chosen":"THE_CHAMP","items_purchased":["champ:Duel"],"campfire_rested":0,"item_purchase_floors":[5],"current_hp_per_floor":[90,90,90,85,85,85,85,85,77,77,77,68,65,65,65,48,90,90,69,69,69,69,69,69,65,45,45,39,33,30,0,0,0],"gold":740,"neow_bonus":"RANDOM_COMMON_RELIC","is_daily":false,"chose_seed":false,"campfire_upgraded":5,"win_rate":0.0,"timestamp":1613434172,"path_taken":["R","?","M","M","$","?","T","?","E","M","R","M","?","M","M","BOSS","R","M","?","M","?","R","T","M","?","R","E","?","M","E"],"items_purchased_type":["Card"],"build_version":"2020-12-22","purchased_purges":0,"victory":false,"max_hp_per_floor":[90,90,90,90,90,90,90,90,90,90,90,90,90,90,90,90,90,90,90,90,90,90,90,90,90,90,90,90,90,90,90,90,90],"relic_stats":{"Happy Flower":[20],"counters":[16,76],"Mummified Hand":[17],"Bag of Preparation":[32],"Letter Opener":[65],"MawBank":216,"obtain_stats":[{"Happy Flower":9,"Mummified Hand":7,"champ:ChampionCrown":0,"champ:ChampionCrownUpgraded":17,"Bag of Preparation":0,"Letter Opener":24,"MawBank":13,"InkBottle":28},{"Happy Flower":4,"Mummified Hand":3,"champ:ChampionCrown":0,"champ:ChampionCrownUpgraded":9,"Bag of Preparation":0,"Letter Opener":11,"MawBank":6,"InkBottle":14},{"Happy Flower":14,"Mummified Hand":8,"champ:ChampionCrown":0,"champ:ChampionCrownUpgraded":38,"Bag of Preparation":0,"Letter Opener":48,"MawBank":19,"InkBottle":70}],"InkBottle":[2]},"card_choices":[{"not_picked":["champ:Circumvent","champ:FancyFootwork"],"picked":"champ:CrownThrow","floor":3},{"not_picked":["champ:AdrenalArmor","champ:FancyFootwork"],"picked":"champ:PreciseThrust","floor":4},{"not_picked":["champ:IronFortress","champ:PreciseThrust"],"picked":"champ:BringItOn","floor":5},{"not_picked":["champ:AdrenalArmor","champ:PreciseThrust"],"picked":"champ:DefensiveStyle","floor":9},{"not_picked":["champ:CalledShot","champ:HeartStrike"],"picked":"champ:Circumvent","floor":10},{"not_picked":["champ:RapidStrikes","champ:StanceDance"],"picked":"champ:ShieldSigil","floor":12},{"not_picked":["champ:BerserkerStyle","champ:Circumvent"],"picked":"champ:SwordSigil","floor":14},{"not_picked":["champ:Backstep","champ:BerserkersShout"],"picked":"champ:SkillfulDodge","floor":15},{"not_picked":["champ:CheapShot","champ:SwordThrow"],"picked":"champ:HoldFirm","floor":16},{"not_picked":["champ:FancyFootwork","champ:FalseCounter+1"],"picked":"champ:Backstep","floor":19},{"not_picked":["champ:EnGarde","champ:DefensiveStyle"],"picked":"champ:ShieldWall+1","floor":21},{"not_picked":["champ:AdrenalArmor","champ:BladeFlurry","champ:PreciseThrust"],"picked":"SKIP","floor":25},{"not_picked":["champ:Circumvent+1","champ:GutPunch"],"picked":"champ:RageSigil+1","floor":26},{"not_picked":["champ:RapidStrikes","champ:ShieldSigil"],"picked":"champ:FlashCut+1","floor":28},{"not_picked":["champ:BerserkersShout","champ:Shatter+1"],"picked":"champ:DefensiveShout","floor":30}],"player_experience":441056,"relics_obtained":[{"floor":7,"key":"Mummified Hand"},{"floor":9,"key":"Happy Flower"},{"floor":24,"key":"Letter Opener"},{"floor":28,"key":"InkBottle"}],"event_choices":[{"damage_healed":0,"gold_gain":0,"player_choice":"Success","damage_taken":3,"relics_obtained":["MawBank"],"max_hp_gain":0,"max_hp_loss":0,"event_name":"Scrap Ooze","floor":13,"gold_loss":0}],"is_beta":false,"boss_relics":[{"not_picked":["Calling Bell","Busted Crown"],"picked":"champ:ChampionCrownUpgraded"}],"items_purged_floors":[],"is_endless":false,"potions_floor_spawned":[3,4,12,14,16,21,28],"killed_by":"Slavers","ascension_level":0}}