{"host":"o88u0awh8mkwl1l8","time":1613434127,"event":{"mods":["BaseMod","Colored Map","Highlight Path","Minty Spire (QoL Compilation)","Relic Sorter"],"gold_per_floor":[112,112,125,11,30,48,80,93,93,93,110,128,128,140,140,217,217,217,217,217,117,117,117,117,117],"floor_reached":24,"language":"JPN","playtime":2566,"items_purged":["Strike_P","Strike_P"],"score":404,"play_id":"0dbd6c2d-1121-4b68-8698-cd385f076b24","local_time":"20210216090847","is_ascension_mode":true,"campfire_choices":[{"floor":10.0,"key":"REST"},{"data":"Wallop","floor":15,"key":"SMITH"},{"floor":23,"key":"REST"}],"circlet_count":0,"master_deck":["AscendersBane","Strike_P","Strike_P","Defend_P","Defend_P","Defend_P","Eruption","Vigilance","CarveReality","Perseverance","EmptyFist","Wallop+1","ThirdEye","TalkToTheHand","BattleHymn","Evaluate","ClearTheMind","DeceiveReality","Devotion+1","CrushJoints+1"],"relics":["PureWater","InkBottle","Blue Candle","Ectoplasm"],"acts_visited":["Exordium","TheCity"],"potions_floor_usage":[14,22,24],"damage_taken":[{"damage":4.0,"enemies":"Small Slimes","floor":1.0,"turns":4.0},{"damage":0.0,"enemies":"Cultist","floor":3.0,"turns":2.0},{"damage":7.0,"enemies":"Jaw Worm","floor":5.0,"turns":3.0},{"damage":2.0,"enemies":"2 Fungi Beasts","floor":6.0,"turns":3.0},{"damage":18.0,"enemies":"3 Sentries","floor":7.0,"turns":8.0},{"damage":18.0,"enemies":"Exordium Thugs","floor":8.0,"turns":4.0},{"damage":2.0,"enemies":"Large Slime","floor":11.0,"turns":4.0},{"damage":0.0,"enemies":"Blue Slaver","floor":12.0,"turns":4.0},{"damage":0,"enemies":"Gremlin Gang","floor":14,"turns":3},{"damage":27,"enemies":"Hexaghost","floor":16,"turns":8},{"damage":19,"enemies":"Shell Parasite","floor":18,"turns":6},{"damage":7,"enemies":"Spheric Guardian","floor":20,"turns":4},{"damage":2,"enemies":"Cultist and Chosen","floor":22,"turns":5},{"damage":54,"enemies":"Gremlin Leader","floor":24,"turns":4}],"seed_played":"-1160700778550603237","potions_obtained":[{"floor":1.0,"key":"Ancient Potion"},{"floor":6.0,"key":"DuplicationPotion"},{"floor":7.0,"key":"Strength Potion"},{"floor":11.0,"key":"ColorlessPotion"},{"floor":20,"key":"Dexterity Potion"},{"floor":22,"key":"LiquidBronze"}],"is_trial":false,"path_per_floor":["M","?","M","$","M","M","E","M","T","R","M","M","T","M","R","B",null,"M","?","M","$","M","R","E"],"character_chosen":"WATCHER","items_purchased":["Wallop"],"campfire_rested":2,"item_purchase_floors":[4],"current_hp_per_floor":[63,63,63,63,56,54,36,18,18,40,38,38,38,38,38,11,58,39,39,32,32,30,52,0,0],"gold":117,"neow_bonus":"TEN_PERCENT_HP_BONUS","is_daily":false,"chose_seed":false,"campfire_upgraded":1,"win_rate":0.0,"timestamp":1613434127,"path_taken":["M","?","M","?","M","M","E","M","T","R","M","M","?","M","R","BOSS","M","?","M","?","M","R","E"],"items_purchased_type":["Card"],"build_version":"2020-12-22","purchased_purges":2,"victory":false,"max_hp_per_floor":[74,74,74,74,74,74,74,74,74,74,74,74,74,74,74,74,74,74,74,74,74,74,74,74,74],"card_choices":[{"not_picked":["Adaptation","WreathOfFlame"],"picked":"CarveReality","floor":1.0},{"not_picked":["Evaluate","JustLucky"],"picked":"EmptyFist","floor":3.0},{"not_picked":["CrushJoints","WaveOfTheHand"],"picked":"ThirdEye","floor":5.0},{"not_picked":["CarveReality","Weave"],"picked":"TalkToTheHand","floor":6.0},{"not_picked":["Pray","Meditate"],"picked":"BattleHymn","floor":7.0},{"not_picked":["Crescendo","Consecrate","Protect"],"picked":"SKIP","floor":8.0},{"not_picked":["Halt","Pray"],"picked":"Evaluate","floor":11.0},{"not_picked":["WreathOfFlame","Halt"],"picked":"ClearTheMind","floor":12.0},{"not_picked":["CutThroughFate","ThirdEye"],"picked":"DeceiveReality","floor":14},{"not_picked":["Omniscience","Alpha"],"picked":"Devotion","floor":16},{"not_picked":["EmptyFist","WaveOfTheHand","Halt"],"picked":"SKIP","floor":18},{"not_picked":["EmptyBody+1","Evaluate"],"picked":"CrushJoints+1","floor":20},{"not_picked":["ClearTheMind","Consecrate","PathToVictory"],"picked":"SKIP","floor":22}],"player_experience":1256406,"relics_obtained":[{"floor":7.0,"key":"InkBottle"},{"floor":13.0,"key":"Blue Candle"}],"event_choices":[{"damage_healed":0.0,"max_hp_gain":0.0,"max_hp_loss":0.0,"gold_gain":0.0,"cards_transformed":["Defend_P"],"event_name":"Transmorgrifier","player_choice":"Transformed","floor":2.0,"gold_loss":0.0,"damage_taken":0.0,"cards_obtained":["Perseverance"]},{"damage_healed":0,"gold_gain":0,"player_choice":"Upgraded","damage_taken":0,"max_hp_gain":0,"max_hp_loss":0,"event_name":"Upgrade Shrine","floor":19,"gold_loss":0,"cards_upgraded":["Devotion"]}],"is_beta":false,"boss_relics":[{"not_picked":["Astrolabe","SacredBark"],"picked":"Ectoplasm"}],"items_purged_floors":[4,21],"is_endless":false,"potions_floor_spawned":[1,6,7,11,12,20,22],"killed_by":"Gremlin Leader","ascension_level":20}}