{"host":"k9laiz0l4dd0ezpa","time":1613453568,"event":{"mods":["100% Spire Juice","ATMod(∞¢Ë™Mod)","Act Like it!","Arknights","BaseMod","Colored Powertips","KinomotoSakuraMod(ƒæ÷Æ±æ”£)","Koishi","Marisa£®ÏF”Í°°ƒß¿Ì…≥£©","Minty Spire (QoL Compilation)","Quick Restart","Reimu£®≤©¿ˆ¡È√Œ£©","Relic Stats","Remilia£®¿Ÿ√◊¿Ú—«£©","Replay The Spire","StSLib","Td1madao Mod","The Cursed"],"gold_per_floor":[214,214,50,67,80,115,115,128,128,142,158,178,195,51,115,211,211,229,120,80,94,94,94,8218,8143,8143,8143,8143,8175,8191,8203,8203,8299,8299,8312,8330,7753,7763,7776,7804,7804,7804,7827,7859,7158,7158,6489,6507,6507,6507],"floor_reached":51,"language":"ZHS","playtime":3718,"items_purged":["Overencumbered","Injury","Languid","Injury","ats:Defend"],"score":849,"play_id":"2c3cf75f-7111-4a18-9ba3-c5ead2f76a2b","local_time":"20210216133248","is_ascension_mode":false,"campfire_choices":[{"data":"ats:Soul Rend","floor":7.0,"key":"SMITH"},{"data":"ats:Shadow Raid","floor":23.0,"key":"SMITH"},{"data":"ats:Emotion Absorption","floor":27.0,"key":"SMITH"},{"data":"ats:Calcification","floor":32.0,"key":"SMITH"},{"data":"ats:Healing Strengthening","floor":49.0,"key":"SMITH"}],"circlet_count":0,"master_deck":["ats:Strike C","ats:Strike G","ats:Strike S","ats:Armor Crushing Shot","ats:Defend","ats:Defend","ats:Defend","ats:Emotion Absorption+1","ats:Explosion Area Strengthen","ats:Soul Rend+1","ats:Shadow Raid+1","ats:Shell Defense","ats:Hammer On","ats:Blood Oath","ats:Calcification+1","ats:Apocalypse","ats:Closed Bolt Burst Fire+1","ats:Beaten Up+1","ats:Assault Order","ats:Durian","ats:Part Time Job+1","ats:Poison Spread+1","ats:Healing Strengthening+1"],"relics":["ats:Sanity","AT_ATBox","ats:Originium","Letter Opener","Durian","AT_SeraphEmbrace","Replay:Ancient Bell","Mastiff:ReiMu","Singing Bowl","Torii","ZunR:ReiMu","Shuriken","PreservedInsect","Cauldron","Replay:Bottled Flurry","Gambling Chip","Cursed Key","Replay:Multitool","Ancient Tea Set","WingedGreaves","Replay:Rubber Ducky","StoneCalendar","ats:Lavender","ats:Hidden Killer","ats:Arts","HandDrill","ats:Rhine Circuitry","Dream Catcher"],"acts_visited":["Exordium","TheCity","TheBeyond"],"potions_floor_usage":[50,50],"damage_taken":[{"damage":7.0,"enemies":"ats:Genji","floor":1.0,"turns":3.0},{"damage":1.0,"enemies":"Cultist","floor":4.0,"turns":3.0},{"damage":9.0,"enemies":"2 Louse","floor":5.0,"turns":4.0},{"damage":24.0,"enemies":"Gremlin Nob","floor":6.0,"turns":6.0},{"damage":10.0,"enemies":"2 Fungi Beasts","floor":8.0,"turns":5.0},{"damage":0.0,"enemies":"Blue Slaver","floor":10.0,"turns":5.0},{"damage":17.0,"enemies":"Exordium Wildlife","floor":11.0,"turns":4.0},{"damage":0.0,"enemies":"2 Fungi Beasts","floor":12.0,"turns":3.0},{"damage":0.0,"enemies":"3 Louse","floor":13.0,"turns":4.0},{"damage":177.0,"enemies":"Hexaghost","floor":16.0,"turns":22.0},{"damage":21.0,"enemies":"Shell Parasite","floor":18.0,"turns":19.0},{"damage":32.0,"enemies":"Chosen","floor":21.0,"turns":10.0},{"damage":93.0,"enemies":"Book of Stabbing","floor":29.0,"turns":11.0},{"damage":0.0,"enemies":"Snecko","floor":30.0,"turns":7.0},{"damage":0.0,"enemies":"3 Cultists","floor":31.0,"turns":6.0},{"damage":71.0,"enemies":"Automaton","floor":33.0,"turns":17.0},{"damage":23.0,"enemies":"3 Darklings","floor":35.0,"turns":8.0},{"damage":19.0,"enemies":"Orb Walker","floor":36.0,"turns":5.0},{"damage":27.0,"enemies":"Spire Growth","floor":38.0,"turns":6.0},{"damage":20.0,"enemies":"Maw","floor":39.0,"turns":9.0},{"damage":14.0,"enemies":"R_Hoarder","floor":40.0,"turns":7.0},{"damage":0.0,"enemies":"3 Darklings","floor":48.0,"turns":7.0},{"damage":227,"enemies":"Time Eater","floor":50,"turns":14}],"seed_played":"8878317721148790952","potions_obtained":[{"floor":2.0,"key":"Fire Potion"},{"floor":2.0,"key":"DuplicationPotion"},{"floor":2.0,"key":"Explosive Potion"},{"floor":6.0,"key":"AttackPotion"},{"floor":12.0,"key":"ats:Top Emergency Sanity Potion"},{"floor":24.0,"key":"FairyPotion"},{"floor":31.0,"key":"Energy Potion"}],"is_trial":false,"path_per_floor":["M","?","$","M","M","E","R","M","T","M","M","M","M","$","R","B",null,"M","$","?","M","?","R","$","?","T","R","?","E","M","M","R","B",null,"M","M","$","M","M","E","?","?","T","?","$","?","$","M","R","B",null],"character_chosen":"DOCTOR_CLASS","items_purchased":["ats:Soul Rend","AT_ArchangelStaff","ats:Closed Bolt Burst Fire+1","ats:Assault Order","Shuriken","PreservedInsect","Cauldron","Replay:Multitool","Ancient Tea Set","ats:Lavender","ats:Hidden Killer","ats:Arts","HandDrill","ats:Rhine Circuitry","ats:Healing Strengthening","Dream Catcher"],"campfire_rested":0,"item_purchase_floors":[3,14,19,24,24,24,24,37,37,45,45,45,47,47,47,47],"current_hp_per_floor":[65,65,65,66,61,43,43,33,38,41,26,35,51,51,51,54,81,78,78,78,66,66,66,66,66,66,66,50,77,92,94,94,65,94,86,86,86,75,87,96,96,96,96,96,96,96,96,104,104,43],"gold":6507,"neow_bonus":"HUNDRED_GOLD","is_daily":false,"chose_seed":false,"campfire_upgraded":5,"win_rate":0.0,"timestamp":1613453568,"path_taken":["M","?","$","M","?","E","R","M","T","M","M","M","M","?","R","BOSS","M","$","?","M","?","R","$","?","T","R","?","E","?","M","R","BOSS","M","M","$","M","M","E","?","?","T","?","$","?","$","M","R","BOSS"],"items_purchased_type":["Card","Relic","Card","Card","Relic","Relic","Relic","Relic","Relic","Relic","Relic","Relic","Relic","Relic","Card","Relic"],"build_version":"2020-12-22","purchased_purges":5,"victory":true,"max_hp_per_floor":[72,72,72,72,72,72,72,72,77,77,77,77,77,77,77,77,81,83,83,83,83,83,83,83,83,83,83,88,90,92,94,94,94,94,94,96,96,98,100,102,102,102,102,102,102,102,102,104,104,104],"relic_stats":{"Dream Catcher":0,"Singing Bowl":22,"Torii":42,"counters":[23,185],"Shuriken":[30],"Gambling Chip":[7],"StoneCalendar":[52],"PreservedInsect":116,"HandDrill":[6],"Letter Opener":[307],"Cursed Key":1,"obtain_stats":[{"AT_SeraphEmbrace":38,"AT_ATBox":0,"Singing Bowl":17,"Torii":17,"ZunR:ReiMu":20,"StoneCalendar":44,"Replay:Multitool":37,"AT_ArchangelStaff":14,"Cursed Key":34,"Ancient Tea Set":37,"Replay:Rubber Ducky":43,"Dream Catcher":47,"Mastiff:ReiMu":17,"Gambling Chip":29,"ats:Arts":45,"WingedGreaves":40,"Replay:Bottled Flurry":26,"HandDrill":47,"ats:Sanity":0,"ats:Rhine Circuitry":47,"ats:Lavender":45,"ats:Hidden Killer":45,"PreservedInsect":24,"Replay:Ancient Bell":17,"Letter Opener":6,"Cauldron":24,"ats:Originium":6,"Shuriken":24,"Durian":9},{"AT_SeraphEmbrace":19,"AT_ATBox":0,"Singing Bowl":10,"Torii":10,"ZunR:ReiMu":11,"StoneCalendar":21,"Replay:Multitool":18,"AT_ArchangelStaff":9,"Cursed Key":16,"Ancient Tea Set":18,"Replay:Rubber Ducky":21,"Dream Catcher":21,"Mastiff:ReiMu":10,"Gambling Chip":13,"ats:Arts":21,"WingedGreaves":21,"Replay:Bottled Flurry":12,"HandDrill":21,"ats:Sanity":0,"ats:Rhine Circuitry":21,"ats:Lavender":21,"ats:Hidden Killer":21,"PreservedInsect":12,"Replay:Ancient Bell":10,"Letter Opener":4,"Cauldron":12,"ats:Originium":4,"Shuriken":12,"Durian":5},{"AT_SeraphEmbrace":146,"AT_ATBox":0,"Singing Bowl":59,"Torii":59,"ZunR:ReiMu":78,"StoneCalendar":164,"Replay:Multitool":142,"AT_ArchangelStaff":37,"Cursed Key":129,"Ancient Tea Set":142,"Replay:Rubber Ducky":164,"Dream Catcher":164,"Mastiff:ReiMu":59,"Gambling Chip":99,"ats:Arts":164,"WingedGreaves":164,"Replay:Bottled Flurry":88,"HandDrill":164,"ats:Sanity":0,"ats:Rhine Circuitry":164,"ats:Lavender":164,"ats:Hidden Killer":164,"PreservedInsect":88,"Replay:Ancient Bell":59,"Letter Opener":16,"Cauldron":88,"ats:Originium":16,"Shuriken":88,"Durian":21}]},"card_choices":[{"not_picked":["ats:Revitalization","ats:Literary Storm"],"picked":"ats:Explosion Area Strengthen","floor":1.0},{"not_picked":["ats:Collapsing Strike","ats:Sunburst"],"picked":"ats:Charging Defense","floor":4.0},{"not_picked":["ats:Leaping Hammer","ats:Absolute Focus"],"picked":"ats:Shadow Raid","floor":5.0},{"not_picked":["ats:Ambush","ats:Blood Oath"],"picked":"ats:Shell Defense","floor":6.0},{"not_picked":["ats:Blood Oath","ats:Cat Scratch","ats:Curse Doll"],"picked":"SKIP","floor":8.0},{"not_picked":["ats:Flexible Camouflage","ats:Serious Mode"],"picked":"ats:Hammer On","floor":10.0},{"not_picked":["ats:Neurotoxin","ats:Guard Mode"],"picked":"ats:Blood Oath","floor":11.0},{"not_picked":["ats:Curse Doll","ats:Poison Spread"],"picked":"ats:Calcification","floor":12.0},{"not_picked":["ats:Cat Scratch","ats:Explosion Area Strengthen"],"picked":"ats:Apocalypse","floor":13.0},{"not_picked":["Injury","ReplayTheSpireMod:Restless Dread","Normality"],"picked":"Singing Bowl","floor":17.0},{"not_picked":["Parasite","Overencumbered","AbeCurse"],"picked":"Singing Bowl","floor":17.0},{"not_picked":["Doubt","Shame"],"picked":"Languid","floor":17.0},{"not_picked":["ats:Absolute Focus","ats:Curse Doll","ats:Shell Defense"],"picked":"Singing Bowl","floor":18.0},{"not_picked":["ats:Leaping Hammer","ats:Cat Scratch"],"picked":"ats:Beaten Up+1","floor":21.0},{"not_picked":["ats:Apocalypse","ats:Leaping Hammer","ats:Absolute Focus"],"picked":"Singing Bowl","floor":29.0},{"not_picked":["ats:Very Hot Blade+1","ats:Literary Storm","ats:Apocalypse+1"],"picked":"Singing Bowl","floor":30.0},{"not_picked":["ats:Powerful Strike+1","ats:Shell Defense","ats:Absolute Focus+1"],"picked":"Singing Bowl","floor":31.0},{"not_picked":["ats:Fractured Body","ats:Ambush"],"picked":"ats:Durian","floor":33.0},{"not_picked":["ats:Healing Drone+1","ats:Powerful Strike"],"picked":"ats:Part Time Job+1","floor":35.0},{"not_picked":["ats:Revitalization+1","ats:Apocalypse","ats:Leaping Hammer"],"picked":"Singing Bowl","floor":36.0},{"not_picked":["ats:Assault Order+1","ats:Charging Defense","ats:Hammer On"],"picked":"Singing Bowl","floor":38.0},{"not_picked":["ats:Apocalypse+1","ats:Explosion Area Strengthen","ats:Part Time Job+1"],"picked":"Singing Bowl","floor":39.0},{"not_picked":["ats:Chain Hook","ats:Volcano","ats:Guardian Obelisk"],"picked":"Singing Bowl","floor":40.0},{"not_picked":["ats:Spore Proliferation","ats:Soul Absorption+1"],"picked":"ats:Poison Spread+1","floor":44.0},{"not_picked":["ats:Curse Doll","ats:Apocalypse+1","ats:Mental Burst+1"],"picked":"Singing Bowl","floor":48.0}],"player_experience":219121,"relics_obtained":[{"floor":6.0,"key":"ats:Originium"},{"floor":6.0,"key":"Letter Opener"},{"floor":9.0,"key":"Durian"},{"floor":26.0,"key":"Replay:Bottled Flurry"},{"floor":29.0,"key":"ats:Originium"},{"floor":29.0,"key":"Gambling Chip"},{"floor":40.0,"key":"ats:Originium"},{"floor":40.0,"key":"WingedGreaves"},{"floor":43.0,"key":"Replay:Rubber Ducky"},{"floor":44.0,"key":"StoneCalendar"}],"event_choices":[{"damage_healed":0.0,"max_hp_gain":0.0,"max_hp_loss":0.0,"gold_gain":0.0,"event_name":"Lab","player_choice":"Got Potions","floor":2.0,"gold_loss":0.0,"damage_taken":0.0},{"damage_healed":0.0,"max_hp_gain":0.0,"max_hp_loss":0.0,"gold_gain":0.0,"event_name":"ZunEvent","player_choice":"π∫¬Ú…Òæ∆","floor":20.0,"gold_loss":40.0,"damage_taken":0.0,"relics_obtained":["ZunR:ReiMu"]},{"damage_healed":0.0,"max_hp_gain":0.0,"max_hp_loss":0.0,"gold_gain":0.0,"event_name":"Vampires","player_choice":"Ignored","floor":22.0,"gold_loss":0.0,"damage_taken":0.0},{"cards_removed":["ats:Strike V"],"damage_healed":0.0,"max_hp_gain":0.0,"max_hp_loss":0.0,"gold_gain":0.0,"event_name":"Beggar","player_choice":"Gave Gold","floor":25.0,"gold_loss":75.0,"damage_taken":0.0},{"damage_healed":0.0,"max_hp_gain":5.0,"max_hp_loss":0.0,"gold_gain":0.0,"event_name":"Forgotten Altar","player_choice":"Shed Blood","floor":28.0,"gold_loss":0.0,"damage_taken":21.0},{"damage_healed":0.0,"max_hp_gain":0.0,"max_hp_loss":0.0,"gold_gain":0.0,"event_name":"Tomb of Lord Red Mask","player_choice":"Ignored","floor":41.0,"gold_loss":0.0,"damage_taken":0.0},{"cards_removed":["ats:Charging Defense"],"damage_healed":0.0,"max_hp_gain":0.0,"max_hp_loss":0.0,"gold_gain":0.0,"event_name":"Falling","player_choice":"Removed Skill","floor":46.0,"gold_loss":0.0,"damage_taken":0.0}],"is_beta":false,"boss_relics":[{"not_picked":["Ectoplasm","ats:Tactical Delivery"],"picked":"Replay:Ancient Bell"},{"not_picked":["ats:Ability Aura","Replay:Baseball"],"picked":"Mastiff:ReiMu"},{"not_picked":["Snack Pack","Mercury Hourglass"],"picked":"Singing Bowl"},{"not_picked":["FossilizedHelix","TungstenRod"],"picked":"Torii"},{"not_picked":["Replay:Drink Me","Pandora\u0027s Box"],"picked":"Cursed Key"}],"items_purged_floors":[19,24,37,45,47],"is_endless":false,"potions_floor_spawned":[6,8,10,12,18,31,35,40],"ascension_level":0}}