{"host":"nxma0dbhh74lxenq","time":1613494036,"event":{"mods":["Astrologer","BaseMod","Beaked The Cultist","CapriCore","Colored Map","DeckTracker","Gremlin Mod","Highlight Path","HololiveMod","Koishi","Mad Scientist","Minty Spire (QoL Compilation)","StSLib","SuperFastMode","The Bladedancer","The Cursed","The Immortal","The Mystic","YoumuÅiç∞ÈÆódöÎÅj"],"gold_per_floor":[76,76,92,92,107,107,107],"floor_reached":6,"language":"JPN","playtime":140,"items_purged":[],"score":122,"play_id":"b52cdc1d-db8f-4e71-aef2-d2c84bcd186f","local_time":"20210217014716","is_ascension_mode":true,"campfire_choices":[],"circlet_count":0,"master_deck":["AscendersBane","Hololive_Strike","Hololive_Strike","Hololive_Strike","Hololive_Strike+1","Hololive_Defend+1","Hololive_Defend","Hololive_Defend","Hololive_Defend","Hololive_Sequa","Hololive_Rebound","Hololive_LuckPotion","Hololive_ILoveYou","Hololive_StrengthChampion"],"relics":["Hololive_TheStar","Hololive_OneManArmy","NeowsBlessing"],"acts_visited":["Exordium"],"potions_floor_usage":[],"damage_taken":[{"damage":0,"enemies":"Cultist","floor":1,"turns":1},{"damage":0,"enemies":"Small Slimes","floor":3,"turns":1},{"damage":0,"enemies":"Jaw Worm","floor":5,"turns":1},{"damage":30,"enemies":"Lagavulin","floor":6,"turns":9}],"seed_played":"-3959323547817872210","potions_obtained":[{"floor":3,"key":"LiquidMemories"},{"floor":5,"key":"CultistPotion"}],"is_trial":false,"path_per_floor":["M","?","M","?","M","E"],"character_chosen":"Hololive_HololiveCharacter","items_purchased":[],"campfire_rested":0,"item_purchase_floors":[],"current_hp_per_floor":[27,32,32,21,21,0,0],"gold":107,"neow_bonus":"THREE_ENEMY_KILL","is_daily":false,"chose_seed":false,"campfire_upgraded":0,"win_rate":0.0,"timestamp":1613494036,"path_taken":["M","?","M","?","M","E"],"items_purchased_type":[],"build_version":"2020-12-22","purchased_purges":0,"victory":false,"max_hp_per_floor":[30,35,35,35,35,35,35],"card_choices":[{"not_picked":["Hololive_RevenueBasedLive","Hololive_CallTokoyamiTowa","Hololive_CallInugamiKorone"],"picked":"Hololive_LuckPotion","floor":1},{"not_picked":["Hololive_Breathe","Hololive_CallRosalyn","Hololive_CallAkaiHaato"],"picked":"Hololive_ILoveYou","floor":3},{"not_picked":["Hololive_CallOzoraSubaru","Hololive_CallUruhaRushia","Hololive_Drill"],"picked":"Hololive_StrengthChampion","floor":5}],"player_experience":601343,"relics_obtained":[],"event_choices":[{"damage_healed":0,"gold_gain":0,"player_choice":"Donut","damage_taken":0,"max_hp_gain":5,"max_hp_loss":0,"event_name":"Big Fish","floor":2,"gold_loss":0},{"damage_healed":0,"gold_gain":0,"player_choice":"Entered Light","damage_taken":11,"max_hp_gain":0,"max_hp_loss":0,"event_name":"Shining Light","floor":4,"gold_loss":0,"cards_upgraded":["Hololive_Strike","Hololive_Defend"]}],"is_beta":false,"boss_relics":[],"items_purged_floors":[],"is_endless":false,"potions_floor_spawned":[3,5],"killed_by":"Lagavulin","ascension_level":20}}