{"host":"xp5rvh2jwe2ejyfm","time":1613436282,"event":{"mods":["2.2 Compatiblity","Aspiration","BaseMod","Better Altar","Better Match","Better Note","Better Sensory Stone","Better Skull","BetterRewards","Colored Powertips","Conspire","Downfall","GifTheSpireLib","Gremlin Mod","GungeonMod","Hermit","Hubris","Jorbs\u0027s Wanderer Trilogy","Minty Spire (QoL Compilation)","Potionbrewer","Quick Restart","Replay The Spire","Robot Space Explorer","Shade Mod","Somnambulant","StSLib","The Bug Knight","The Clintock","The Construct","The Cursed","The Disciple","The Forsaken","The Hierophant","The Marked","The Necromancer","The Runesmith","The Servant 0.9.4","The Valiant","The Witch","TheFirefly","thorton"],"gold_per_floor":[118,129,129,142,158,158,193,212,235,235,251,251,251],"floor_reached":12,"language":"ENG","playtime":409,"items_purged":[],"score":82,"play_id":"6f4144ab-330f-480e-8616-51151e949a70","local_time":"20210215194442","is_ascension_mode":false,"campfire_choices":[{"floor":6,"key":"REST"}],"circlet_count":0,"master_deck":["theMarked:Strike","theMarked:Strike","theMarked:Strike","theMarked:Strike","theMarked:Strike","theMarked:Defend","theMarked:Defend","theMarked:Defend","theMarked:Defend","theMarked:SoldierOfQuellstein","theMarked:Improvise+1","theMarked:BanishingStrike","theMarked:Heritage","theMarked:ResourceFulStrike","theMarked:ContemptForTheProud","theMarked:ElectricStrings","theMarked:Overcharge"],"relics":["theMarked:ArtifactOfAir","NeowsBlessing","hubris:DisguiseKit"],"acts_visited":["Exordium"],"potions_floor_usage":[7,8,11],"damage_taken":[{"damage":0,"enemies":"Jaw Worm","floor":1,"turns":1},{"damage":0,"enemies":"2 Louse","floor":2,"turns":1},{"damage":0,"enemies":"conspire:RoseBush","floor":4,"turns":1},{"damage":11,"enemies":"conspire:2 RoseBushes","floor":5,"turns":6},{"damage":30,"enemies":"Replay:BlueRogue","floor":7,"turns":5},{"damage":15,"enemies":"Exordium Wildlife","floor":8,"turns":4},{"damage":10,"enemies":"Gremlin Gang","floor":11,"turns":6},{"damage":22,"enemies":"Lagavulin","floor":12,"turns":2}],"seed_played":"8883772986209833079","potions_obtained":[{"floor":4,"key":"Energy Potion"},{"floor":7,"key":"sneckomod:MuddlingPotion"},{"floor":8,"key":"Dexterity Potion"}],"is_trial":false,"path_per_floor":["M","M","?","M","M","R","E","M","T","?","M","E"],"character_chosen":"THE_DEFAULT","items_purchased":[],"campfire_rested":1,"item_purchase_floors":[],"current_hp_per_floor":[70,70,70,70,59,70,40,25,25,25,15,0,0],"gold":251,"neow_bonus":"THREE_ENEMY_KILL","is_daily":false,"chose_seed":false,"campfire_upgraded":0,"win_rate":0.0,"timestamp":1613436282,"path_taken":["M","M","?","M","M","R","E","M","T","?","M","E"],"items_purchased_type":[],"build_version":"2020-12-22","purchased_purges":0,"victory":false,"max_hp_per_floor":[70,70,70,70,70,70,70,70,70,70,70,70,70],"card_choices":[{"not_picked":["theMarked:Seal","theMarked:BanishingWave"],"picked":"theMarked:Improvise","floor":1},{"not_picked":["theMarked:Frustration","theMarked:ElectricStrings"],"picked":"theMarked:BanishingStrike","floor":2},{"not_picked":["theMarked:Opportunist","theMarked:SelfDefenseTraining"],"picked":"theMarked:Heritage","floor":4},{"not_picked":["theMarked:Improvise","theMarked:WardOff"],"picked":"theMarked:ResourceFulStrike","floor":5},{"not_picked":["theMarked:Levitate","theMarked:Frustration"],"picked":"theMarked:ContemptForTheProud","floor":7},{"not_picked":["theMarked:Aftermath","theMarked:Parkour","Hologram"],"picked":"theMarked:ElectricStrings","floor":8},{"not_picked":["theMarked:ShockingTouch","theMarked:Convert","Rebound"],"picked":"theMarked:Overcharge","floor":11}],"player_experience":512770,"relics_obtained":[{"floor":7,"key":"hubris:DisguiseKit"}],"event_choices":[{"damage_healed":0,"gold_gain":0,"player_choice":"Ignored","damage_taken":0,"max_hp_gain":0,"max_hp_loss":0,"event_name":"Golden Wing","floor":10,"gold_loss":0}],"is_beta":false,"boss_relics":[],"items_purged_floors":[],"is_endless":false,"potions_floor_spawned":[4,7,8],"killed_by":"Lagavulin","ascension_level":0}}