{"host":"txhhdwa0hqfs4jhb","time":1613514271,"event":{"mods":["BaseMod","Better Third Choice","Filter the Spire","Minty Spire (QoL Compilation)","Relic Filter Mod","Relic Stats","Reliquary","StSLib","Thieving Mod"],"gold_per_floor":[114,130,146,146,146,180,180,105,128,145,162,188,188,214,214,292,292,304,150,200,200,215,215,228,228,254,273,341,341,391,416,416,489,539,558,433,446,458,472,472,489,108,108,79,79,111,124,174,174,174,174],"floor_reached":50,"language":"ENG","playtime":2416,"items_purged":["Pain","Normality","Writhe","Injury"],"score":1174,"play_id":"c9c3de32-bfb4-4735-9a27-84ff2a58c466","local_time":"20210216222431","is_ascension_mode":true,"campfire_choices":[{"floor":7.0,"key":"REST"},{"floor":13.0,"key":"REST"},{"data":"Footwork","floor":15.0,"key":"SMITH"},{"data":"1","floor":23,"key":"LIFT"},{"data":"2","floor":25,"key":"LIFT"},{"data":"3","floor":29,"key":"LIFT"},{"floor":32,"key":"REST"},{"floor":40,"key":"RECALL"},{"data":"Accuracy","floor":45,"key":"SMITH"},{"floor":49,"key":"REST"}],"circlet_count":0,"master_deck":["AscendersBane","Strike_G","Strike_G","Strike_G","Strike_G","Defend_G","Defend_G","Defend_G+1","Defend_G","Defend_G","Survivor+1","Neutralize","Dash","Cloak And Dagger","Dagger Spray","Footwork+1","Footwork","Bouncing Flask","Leg Sweep+1","Malaise+1","CurseOfTheBell","Quick Slash+1","Deflect+1","Blur+1","Blade Dance+1","Footwork","Blade Dance+1","After Image","Doppelganger+1","Calculated Gamble+1","Backflip+1","Sucker Punch+1","Cloak And Dagger+1","Accuracy+1","Backflip+1","Normality","Cloak And Dagger+1","Blade Dance+1","Footwork+1"],"relics":["Cursed Key","WarpedTongs","Bag of Marbles","reliquary:PorcupineQuills","ClockworkSouvenir","reliquary:Pushpin","Toxic Egg 2","Calling Bell","reliquary:PartyBalloon","reliquary:PurpleTingedLeaf","Girya","Shuriken","SsserpentHead","Ginger","Anchor","reliquary:HotPoker","Tiny House","Happy Flower","reliquary:RadioactivePellet","Lantern"],"acts_visited":["Exordium","TheCity","TheBeyond"],"potions_floor_usage":[46,50],"damage_taken":[{"damage":1.0,"enemies":"Cultist","floor":1.0,"turns":5.0},{"damage":5.0,"enemies":"2 Louse","floor":2.0,"turns":3.0},{"damage":2.0,"enemies":"Jaw Worm","floor":3.0,"turns":4.0},{"damage":26.0,"enemies":"Lagavulin","floor":6.0,"turns":6.0},{"damage":7.0,"enemies":"Exordium Thugs","floor":10.0,"turns":7.0},{"damage":0.0,"enemies":"Large Slime","floor":11.0,"turns":4.0},{"damage":8.0,"enemies":"Gremlin Nob","floor":12.0,"turns":5.0},{"damage":1.0,"enemies":"3 Sentries","floor":14.0,"turns":6.0},{"damage":0.0,"enemies":"Slime Boss","floor":16.0,"turns":10.0},{"damage":0.0,"enemies":"3 Byrds","floor":18.0,"turns":6.0},{"damage":12,"enemies":"Shell Parasite","floor":22,"turns":6},{"damage":7,"enemies":"Centurion and Healer","floor":24,"turns":9},{"damage":3,"enemies":"Chosen and Byrds","floor":27,"turns":11},{"damage":1,"enemies":"Snecko","floor":28,"turns":5},{"damage":12,"enemies":"Book of Stabbing","floor":31,"turns":4},{"damage":6,"enemies":"Champ","floor":33,"turns":11},{"damage":0,"enemies":"3 Shapes","floor":35,"turns":5},{"damage":27,"enemies":"3 Darklings","floor":37,"turns":4},{"damage":0,"enemies":"Sphere and 2 Shapes","floor":38,"turns":5},{"damage":0,"enemies":"4 Shapes","floor":39,"turns":4},{"damage":0,"enemies":"Writhing Mass","floor":41,"turns":8},{"damage":25,"enemies":"Nemesis","floor":46,"turns":7},{"damage":0,"enemies":"3 Darklings","floor":47,"turns":3},{"damage":39,"enemies":"Donu and Deca","floor":50,"turns":8}],"seed_played":"1752546644634147971","potions_obtained":[{"floor":1.0,"key":"LiquidBronze"},{"floor":3.0,"key":"Strength Potion"},{"floor":10.0,"key":"Block Potion"},{"floor":14.0,"key":"AttackPotion"},{"floor":18.0,"key":"PowerPotion"},{"floor":46,"key":"DistilledChaos"}],"is_trial":false,"path_per_floor":["M","M","M","?","?","E","R","$","T","M","M","E","R","E","R","B",null,"M","$","?","?","M","R","M","R","T","M","M","R","?","E","R","B",null,"M","$","M","M","M","R","M","$","T","$","R","E","M","?","R","B"],"character_chosen":"THE_SILENT","items_purchased":["Deflect+1","Happy Flower","Backflip+1","Cloak And Dagger+1"],"campfire_rested":4,"item_purchase_floors":[19,42,42,44],"current_hp_per_floor":[58,53,51,31,31,5,24,24,24,17,17,9,28,27,27,27,56,57,57,57,57,46,46,41,41,41,39,39,39,39,28,47,44,66,66,66,40,41,42,42,43,43,43,43,43,19,20,20,41,3,3],"gold":174,"neow_bonus":"BOSS_RELIC","is_daily":false,"chose_seed":false,"campfire_upgraded":2,"win_rate":0.0,"timestamp":1613514271,"path_taken":["M","M","?","?","?","E","R","$","T","M","?","E","R","E","R","BOSS","M","$","?","?","M","R","M","R","T","M","?","R","?","E","R","BOSS","M","$","M","M","M","R","M","$","T","$","R","E","M","?","R","BOSS"],"items_purchased_type":["Card","Relic","Card","Card"],"build_version":"2020-12-22","purchased_purges":4,"victory":false,"max_hp_per_floor":[66,66,66,66,66,66,66,66,66,66,66,66,66,66,66,66,66,66,66,66,66,66,66,66,66,66,66,66,66,66,66,66,66,71,71,71,71,71,71,71,71,71,71,71,71,71,71,71,71,71,71],"relic_stats":{"SsserpentHead":150,"Happy Flower":[6],"counters":[24,145],"Shuriken":[48],"Ginger":[10],"Cursed Key":3,"obtain_stats":[{"Girya":17,"Lantern":46,"Tiny House":34,"Happy Flower":42,"reliquary:PartyBalloon":17,"Ginger":27,"Cursed Key":0,"reliquary:Pushpin":12,"WarpedTongs":5,"ClockworkSouvenir":8,"reliquary:FerryPass":26,"Calling Bell":17,"SsserpentHead":21,"Anchor":30,"reliquary:HotPoker":31,"reliquary:PorcupineQuills":8,"Shuriken":19,"Bag of Marbles":6,"reliquary:RadioactivePellet":43,"Toxic Egg 2":14,"reliquary:PurpleTingedLeaf":17,"Ring of the Snake":0},{"Girya":9,"Lantern":22,"Tiny House":16,"Happy Flower":21,"reliquary:PartyBalloon":9,"Ginger":13,"Cursed Key":0,"reliquary:Pushpin":7,"WarpedTongs":3,"ClockworkSouvenir":4,"reliquary:FerryPass":12,"Calling Bell":9,"SsserpentHead":10,"Anchor":14,"reliquary:HotPoker":15,"reliquary:PorcupineQuills":4,"Shuriken":10,"Bag of Marbles":4,"reliquary:RadioactivePellet":21,"Toxic Egg 2":8,"reliquary:PurpleTingedLeaf":9,"Ring of the Snake":0},{"Girya":50,"Lantern":135,"Tiny House":102,"Happy Flower":128,"reliquary:PartyBalloon":50,"Ginger":82,"Cursed Key":0,"reliquary:Pushpin":34,"WarpedTongs":12,"ClockworkSouvenir":18,"reliquary:FerryPass":71,"Calling Bell":50,"SsserpentHead":56,"Anchor":87,"reliquary:HotPoker":91,"reliquary:PorcupineQuills":18,"Shuriken":56,"Bag of Marbles":18,"reliquary:RadioactivePellet":128,"Toxic Egg 2":40,"reliquary:PurpleTingedLeaf":50,"Ring of the Snake":0}],"WarpedTongs":[128]},"card_choices":[{"not_picked":["Setup","Prepared"],"picked":"Dash","floor":1.0},{"not_picked":["Dagger Throw","Underhanded Strike"],"picked":"Cloak And Dagger","floor":2.0},{"not_picked":["Accuracy","Endless Agony"],"picked":"Dagger Spray","floor":3.0},{"not_picked":["Backflip","Dagger Throw"],"picked":"Footwork","floor":6.0},{"not_picked":["Distraction","Escape Plan"],"picked":"Footwork","floor":10.0},{"not_picked":["Dodge and Roll","Quick Slash","Deadly Poison"],"picked":"SKIP","floor":11.0},{"not_picked":["Outmaneuver","Dodge and Roll"],"picked":"Bouncing Flask","floor":12.0},{"not_picked":["Tactician+1","Acrobatics+1"],"picked":"Leg Sweep+1","floor":14.0},{"not_picked":["Wraith Form v2","Storm of Steel+1"],"picked":"Malaise+1","floor":16.0},{"not_picked":["Poisoned Stab","Expertise+1"],"picked":"Quick Slash+1","floor":18.0},{"not_picked":["Dagger Spray","Setup+1"],"picked":"Blur+1","floor":22},{"not_picked":["Backstab","Finisher"],"picked":"Blade Dance+1","floor":24},{"not_picked":["Quick Slash","Outmaneuver+1"],"picked":"Footwork","floor":27},{"not_picked":["Expertise+1","Deflect+1"],"picked":"Blade Dance+1","floor":28},{"not_picked":["Heel Hook","Blade Dance+1"],"picked":"After Image","floor":31},{"not_picked":["Storm of Steel+1","Glass Knife"],"picked":"Doppelganger+1","floor":33},{"not_picked":["Concentrate+1","Slice"],"picked":"Calculated Gamble+1","floor":34},{"not_picked":["Underhanded Strike","Bane+1"],"picked":"Backflip+1","floor":35},{"not_picked":["Prepared+1","All Out Attack"],"picked":"Sucker Punch+1","floor":37},{"not_picked":["PiercingWail+1","Poisoned Stab"],"picked":"Cloak And Dagger+1","floor":38},{"not_picked":["Prepared+1","Slice","Bullet Time+1"],"picked":"SKIP","floor":39},{"not_picked":["Well Laid Plans","Slice"],"picked":"Accuracy","floor":41},{"not_picked":["Infinite Blades","Acrobatics+1"],"picked":"Blade Dance+1","floor":46},{"not_picked":["Backstab","Deflect+1"],"picked":"Footwork+1","floor":47}],"player_experience":320133,"relics_obtained":[{"floor":6.0,"key":"Bag of Marbles"},{"floor":12.0,"key":"reliquary:Pushpin"},{"floor":14.0,"key":"Toxic Egg 2"},{"floor":17.0,"key":"reliquary:PartyBalloon"},{"floor":17.0,"key":"reliquary:PurpleTingedLeaf"},{"floor":17.0,"key":"Girya"},{"floor":26,"key":"reliquary:FerryPass"},{"floor":27,"key":"Ginger"},{"floor":31,"key":"reliquary:HotPoker"},{"floor":43,"key":"reliquary:RadioactivePellet"},{"floor":46,"key":"Lantern"}],"event_choices":[{"damage_healed":51.0,"max_hp_gain":0.0,"max_hp_loss":66.0,"gold_gain":0.0,"event_name":"betterThird:BetterShining","player_choice":"Upgrade","floor":4.0,"gold_loss":0.0,"damage_taken":20.0,"cards_upgraded":["Survivor","Strike_G"]},{"damage_healed":0.0,"max_hp_gain":0.0,"max_hp_loss":0.0,"gold_gain":0.0,"event_name":"Accursed Blacksmith","player_choice":"Rummage","floor":5.0,"gold_loss":0.0,"damage_taken":0.0,"relics_obtained":["WarpedTongs"],"cards_obtained":["Pain"]},{"damage_healed":0,"gold_gain":50,"player_choice":"Steal","damage_taken":0,"max_hp_gain":0,"max_hp_loss":0,"event_name":"betterThird:BetterNest","floor":20,"gold_loss":0},{"damage_healed":0,"gold_gain":0,"player_choice":"Trade","damage_taken":0,"relics_obtained":["SsserpentHead"],"max_hp_gain":0,"max_hp_loss":0,"event_name":"FaceTrader","floor":21,"gold_loss":0},{"damage_healed":0,"gold_gain":0,"player_choice":"Opened","damage_taken":0,"relics_obtained":["Anchor"],"max_hp_gain":0,"max_hp_loss":0,"event_name":"The Mausoleum","floor":30,"gold_loss":0,"cards_obtained":["Writhe"]},{"cards_removed":["Strike_G"],"damage_healed":0,"gold_gain":0,"player_choice":"Removed Attack","damage_taken":0,"max_hp_gain":0,"max_hp_loss":0,"event_name":"Falling","floor":48,"gold_loss":0}],"is_beta":false,"boss_relics":[{"not_picked":["Philosopher\u0027s Stone","reliquary:WritOfMandamus"],"picked":"Calling Bell"},{"not_picked":["Coffee Dripper","SacredBark"],"picked":"Tiny House"}],"items_purged_floors":[8,19,36,42],"is_endless":false,"potions_floor_spawned":[1,3,10,14,18,22,28,33,39,46],"killed_by":"Donu and Deca","ascension_level":20}}