{"host":"ooy9sn8qgs7oliwr","time":1613486657,"event":{"mods":["100% Spire Juice","ATMod(°¢èªMod)","Act Like it!","Arknights","BaseMod","BetterRewards","CapriCore","Minty Spire (QoL Compilation)","Pale of the Ancients","Reliquary","Replay The Spire","RumiaBox-Â¶Ã×æ«µÄÉñÃØºÐ×Ó","StSLib","The Immortal","The Jungle","Yakumo Yukari mod","¡¾ÒÅÎï¿¨ÅÆ¡¿REMEMod"],"gold_per_floor":[111,130,80,80,6,6,39,51,51,51,65,75,29,57,57,161,161,178,197,45,45,62,91,91,3151,3175,2552,2562,2573,2591,2042,2042,2147,2147,2160,1736,1465,1477,1494,1521,1521,1113,1136,1136,1150,1150,1183,837,837,837,837,837,535,562,562],"floor_reached":56,"language":"ZHS","playtime":2288,"items_purged":["ats:Defend","ats:Defend","ats:Strike G","ats:Strike S"],"score":1135,"play_id":"1d90ff71-bc5d-4054-a5f1-0405178d207d","local_time":"20210216224417","is_ascension_mode":false,"campfire_choices":[{"data":"ats:Serious Mode","floor":6,"key":"SMITH"},{"data":"ats:Sashimi Platter","floor":10,"key":"SMITH"},{"data":"ats:Demon Strength","floor":15,"key":"SMITH"},{"data":"ats:Shadow Assault","floor":24,"key":"SMITH"},{"floor":32,"key":"RECALL"},{"data":"ats:Nebulous Foxfire","floor":41,"key":"SMITH"},{"data":"ats:Very Hot Blade","floor":46,"key":"SMITH"},{"data":"ats:Volcano","floor":49,"key":"SMITH"},{"data":"Moonworks:BigBangBell","floor":52,"key":"SMITH"}],"circlet_count":0,"master_deck":["ats:Armor Crushing Shot","ats:Emotion Absorption+1","ats:LN2 Cannon","ats:Serious Mode+1","ats:Sashimi Platter+1","Moonworks:BigBangBell+1","ats:Demon Strength+1","ats:Hook Shot","ats:Consecutive Shot Auto","ats:Blood Oath","ats:Shadow Assault+1","ats:Very Hot Blade+1","ats:Nebulous Foxfire+1","ats:Ignite+1","ats:Sashimi Platter+1","ats:Demon Strength+1","ats:Volcano+1"],"relics":["ats:Sanity","AT_ATBox","REME_ComplimentaryCards","ats:Originium","Incense Burner","Replay:PocketPolymizer","AT_RedTearstoneRing","SoulBox","reliquary:FingerTrap","reliquary:PrincelyHelmet","ats:Emergency Defibrillator","PreservedInsect","ats:Ability Aura","ats:Defend","Bottled Tornado","ats:Special","Centennial Puzzle","reliquary:Boomerang","Empty Cage","Membership Card","Sundial","Regal Pillow","ats:Support","Meat on the Bone","AT_ArcaneBoots","MagicDraw1","OrangePellets","AT_GuinsooRageblade","Mercury Hourglass","Divine Protection","DollysMirror","reliquary:TatteredRug","Garlic","ats:Arts","Strawberry","FossilizedHelix","AT_ArchangelStaff"],"acts_visited":["Exordium","TheCity","TheBeyond","TheEnding"],"potions_floor_usage":[55],"damage_taken":[{"damage":2,"enemies":"ats:Genji","floor":1,"turns":6},{"damage":1,"enemies":"2 Louse","floor":2,"turns":2},{"damage":56,"enemies":"Lagavulin","floor":7,"turns":7},{"damage":6,"enemies":"Cultist","floor":8,"turns":3},{"damage":19,"enemies":"Blue Slaver","floor":11,"turns":3},{"damage":28,"enemies":"Gremlin Gang","floor":12,"turns":4},{"damage":18,"enemies":"Replay:BlueRogue","floor":14,"turns":4},{"damage":55,"enemies":"Hexaghost","floor":16,"turns":8},{"damage":12,"enemies":"Shell Parasite","floor":18,"turns":4},{"damage":36,"enemies":"3 Byrds","floor":19,"turns":5},{"damage":28,"enemies":"Cultist and Chosen","floor":22,"turns":5},{"damage":34,"enemies":"Slavers","floor":23,"turns":4},{"damage":24,"enemies":"Snake Plant","floor":28,"turns":3},{"damage":0,"enemies":"3 Cultists","floor":29,"turns":5},{"damage":14,"enemies":"Cultist and Chosen","floor":30,"turns":5},{"damage":31,"enemies":"Champ","floor":33,"turns":12},{"damage":6,"enemies":"3 Shapes","floor":35,"turns":4},{"damage":12,"enemies":"3 Darklings","floor":38,"turns":5},{"damage":49,"enemies":"Writhing Mass","floor":39,"turns":4},{"damage":22,"enemies":"Giant Head","floor":40,"turns":6},{"damage":16,"enemies":"Spire Growth","floor":45,"turns":5},{"damage":46,"enemies":"Nemesis","floor":47,"turns":7},{"damage":66,"enemies":"Replay:Hell Engine","floor":50,"turns":9},{"damage":18,"enemies":"Shield and Spear","floor":54,"turns":6},{"damage":88,"enemies":"The Heart","floor":55,"turns":9}],"seed_played":"-3356340618200442641","potions_obtained":[{"floor":7,"key":"EssenceOfSteel"},{"floor":8,"key":"ats:Burn Small Potion"},{"floor":12,"key":"Venom Potion"},{"floor":22,"key":"Energy Potion"},{"floor":23,"key":"PowerPotion"},{"floor":29,"key":"ats:Emergency Sanity Potion"}],"is_trial":false,"path_per_floor":["M","M","?","?","$","R","E","M","T","R","M","M","$","E","R","B",null,"M","M","$","?","M","E","R","?","T","$","M","M","M","$","R","B",null,"M","$","$","M","M","E","R","$","T","?","M","R","E","$","R","B",null,"R","$","E","B",null],"character_chosen":"DOCTOR_CLASS","items_purchased":["ats:Sashimi Platter","ats:Blood Oath","reliquary:FingerTrap","ats:Ability Aura","ats:Defend","Bottled Tornado","ats:Special","Centennial Puzzle","reliquary:Boomerang","Membership Card","Sundial","Regal Pillow","ats:Support","Meat on the Bone","AT_SpeedBoots","OrangePellets","AT_GuinsooRageblade","Mercury Hourglass","DollysMirror","reliquary:TatteredRug","Garlic","ats:Volcano","ats:Arts","Strawberry","FossilizedHelix"],"campfire_rested":0,"item_purchase_floors":[5,13,20,27,27,27,31,31,31,36,36,36,37,37,37,42,42,42,48,48,48,48,53,53,53],"current_hp_per_floor":[70,69,69,62,62,62,30,44,44,44,36,40,40,40,40,58,72,60,34,34,34,37,37,37,37,37,37,31,72,72,72,72,72,72,69,69,69,72,45,50,50,50,50,50,69,69,57,57,57,43,72,72,79,66,51],"gold":562,"neow_bonus":"RANDOM_EVENT","is_daily":false,"chose_seed":false,"campfire_upgraded":8,"win_rate":0.0,"timestamp":1613486657,"path_taken":["M","M","?","?","?","R","E","M","T","R","M","?","$","E","R","BOSS","M","M","$","?","?","E","R","?","T","$","M","M","M","$","R","BOSS","M","?","$","M","M","E","R","$","T","?","M","R","E","$","R","BOSS","R","$","E","BOSS"],"items_purchased_type":["Card","Card","Relic","Relic","Card","Relic","Relic","Relic","Relic","Relic","Relic","Relic","Relic","Relic","Relic","Relic","Relic","Relic","Relic","Relic","Relic","Card","Relic","Relic","Relic"],"build_version":"2020-12-22","purchased_purges":4,"victory":true,"max_hp_per_floor":[72,72,72,72,72,72,72,72,72,72,72,72,72,72,72,72,72,72,72,72,72,72,72,72,72,72,72,72,72,72,72,72,72,72,72,72,72,72,72,72,72,72,72,72,72,72,72,72,72,72,72,72,79,79,79],"card_choices":[{"not_picked":["ats:Flexible Camouflage","ats:Revitalization"],"picked":"ats:LN2 Cannon","floor":1},{"not_picked":["ats:Powerful Strike","ats:Explosion Area Strengthen"],"picked":"ats:Serious Mode","floor":2},{"not_picked":["ats:Rapid Magazine","ats:Spore Proliferation"],"picked":"ats:Demon Strength","floor":7},{"not_picked":["ats:Apocalypse","ats:Ignite"],"picked":"ats:Hook Shot","floor":8},{"not_picked":["ats:Ignite","ats:Flexible Camouflage"],"picked":"ats:Consecutive Shot Auto","floor":11},{"not_picked":["ats:Support Order","ats:Collapsing Strike","ats:Explosion Area Strengthen"],"picked":"SKIP","floor":12},{"not_picked":["ats:Leaping Hammer","ats:Revitalization","ats:Steam Pump"],"picked":"SKIP","floor":14},{"not_picked":["ats:Calcification","ats:Dogmatic Field"],"picked":"ats:Shadow Assault","floor":16},{"not_picked":["ats:Guard Mode","ats:Ignite","ats:Burning Ground"],"picked":"SKIP","floor":18},{"not_picked":["ats:Hammer On","ats:Sunburst","ats:Flexible Camouflage"],"picked":"SKIP","floor":19},{"not_picked":["ats:Blood Oath","ats:Leaping Hammer"],"picked":"ats:Very Hot Blade","floor":22},{"not_picked":["ats:Collapsing Strike","ats:Encircling Forest+1"],"picked":"ats:Nebulous Foxfire","floor":23},{"not_picked":["ats:Absolute Focus","ats:Thorns","ats:Curse Doll"],"picked":"SKIP","floor":28},{"not_picked":["ats:Absolute Focus","ats:Thorns","ats:Curse Doll"],"picked":"SKIP","floor":28},{"not_picked":["ats:Powerful Strike","ats:Revitalization","ats:Soul Absorption"],"picked":"SKIP","floor":29},{"not_picked":["ats:Explosion Area Strengthen","ats:Charging Defense","ats:Revitalization"],"picked":"SKIP","floor":30},{"not_picked":["ats:Ignite+1","ats:Hammer On","ats:Cat Scratch"],"picked":"SKIP","floor":35},{"not_picked":["ats:Guard Mode+1","ats:Thermite Blade+1"],"picked":"ats:Ignite+1","floor":38},{"not_picked":["ats:Defend Order+1","ats:Closed Bolt Burst Fire"],"picked":"ats:Sashimi Platter+1","floor":39},{"not_picked":["ats:Charging Defense+1","ats:Assault Order","ats:Blood Oath+1"],"picked":"SKIP","floor":40},{"not_picked":["ats:Shell Defense+1","ats:Poison Spread+1","ats:Leaping Hammer"],"picked":"SKIP","floor":45},{"not_picked":["ats:Soul Absorption+1","ats:Poison Spread","ats:Apocalypse"],"picked":"SKIP","floor":47},{"not_picked":["ats:Fractured Body","ats:Blood Oath","ats:Ignite+1"],"picked":"SKIP","floor":54}],"player_experience":37218,"relics_obtained":[{"floor":7,"key":"ats:Originium"},{"floor":7,"key":"Incense Burner"},{"floor":9,"key":"Replay:PocketPolymizer"},{"floor":14,"key":"ats:Originium"},{"floor":14,"key":"AT_RedTearstoneRing"},{"floor":23,"key":"ats:Originium"},{"floor":23,"key":"ats:Emergency Defibrillator"},{"floor":26,"key":"PreservedInsect"},{"floor":40,"key":"ats:Originium"},{"floor":40,"key":"MagicDraw1"},{"floor":47,"key":"Divine Protection"},{"floor":54,"key":"AT_ArchangelStaff"}],"event_choices":[{"damage_healed":0,"gold_gain":0,"player_choice":"Grow","damage_taken":0,"max_hp_gain":0,"max_hp_loss":0,"event_name":"Living Wall","floor":0,"gold_loss":0,"cards_upgraded":["ats:Emotion Absorption"]},{"cards_removed":["ats:Strike C"],"damage_healed":0,"gold_gain":0,"player_choice":"Card Removal","damage_taken":0,"max_hp_gain":0,"max_hp_loss":0,"event_name":"The Cleric","floor":3,"gold_loss":50},{"cards_removed":["ats:Defend"],"damage_healed":0,"gold_gain":0,"player_choice":"Card Removal","damage_taken":7,"max_hp_gain":0,"max_hp_loss":0,"event_name":"Golden Wing","floor":4,"gold_loss":0},{"damage_healed":0,"gold_gain":0,"player_choice":"Gave Potion","damage_taken":0,"relics_obtained":["reliquary:PrincelyHelmet"],"max_hp_gain":0,"max_hp_loss":0,"event_name":"WeMeetAgain","floor":21,"gold_loss":0},{"damage_healed":0,"gold_gain":3060,"player_choice":"GOLD GOLD GOLD GOLD GOLD GOLD GOLD GOLD GOLD GOLD GOLD GOLD GOLD GOLD GOLD GOLD GOLD GOLD GOLD GOLD GOLD GOLD GOLD GOLD GOLD GOLD GOLD GOLD GOLD GOLD GOLD GOLD GOLD GOLD ","damage_taken":771,"max_hp_gain":0,"max_hp_loss":0,"event_name":"Knowing Skull","floor":25,"potions_obtained":[],"gold_loss":0,"cards_obtained":[]}],"is_beta":false,"boss_relics":[{"not_picked":["Runic Dome","Runic Pyramid"],"picked":"SoulBox"},{"not_picked":["Astrolabe","reliquary:Craggleroot"],"picked":"Empty Cage"}],"items_purged_floors":[27,31,36,42],"is_endless":false,"potions_floor_spawned":[7,8,12,22,23,29,30,38,39,40],"ascension_level":0}}