{"host":"5td1gsj4mnrioltg","time":1613448568,"event":{"mods":["2.2 Compatiblity","AchievementEnabler","Act Like it!","Aspiration","BaseMod","Beaked The Cultist","Better Altar","Better Match","Better Note","Better Sensory Stone","Better Silent Start","Better Skull","Better Third Choice","Better Vampires","BetterRewards","Bossed Relics","Colored Map","Colored Powertips","Displayed Cursed Tome","Downfall","Emptier Cage","Evolution","Friendly Minions","GifTheSpireLib","Highlight Path","Ironclad Rager","Jedi Mod","JesterMod","Mad Scientist","Menagerie","Minty Spire (QoL Compilation)","Permanent Neow","Quick Restart","Reliquary","Replay The Spire","Reworked Bosses","Shade Mod","Spicy Shops","StSLib","The Blue Laboratory","The Dragon Tamer","The Dragonkin","The Druid","The Elementalist","The Marked","The Necromancer","The Runesmith","Thieving Mod","Transform Curses","Wandering Minibosses"],"gold_per_floor":[19,19,19,19,37,37,71,89,116,132,150,150,75,110,110,205,205,222,222,67,82,82,82,111,111,111,43,43,56,56,75,75,178,178,196,196,196,216,59,59,77,132,132,132,142,169,169,179,179,179,179,179,27,56,56],"floor_reached":56,"language":"ENG","playtime":16141,"items_purged":["jedi:thedog"],"score":1650,"play_id":"0f3f4cc7-edbf-419d-8091-a235de5256c4","local_time":"20210215200928","is_ascension_mode":true,"campfire_choices":[{"data":"ReplayTheSpireMod:Scrap Shanks","floor":6,"key":"SMITH"},{"data":"Prepared","floor":12,"key":"SMITH"},{"data":"Dodge and Roll","floor":15,"key":"SMITH"},{"data":"Poison Darts","floor":23,"key":"SMITH"},{"data":"jedi:unstablefumes","floor":25,"key":"SMITH"},{"data":"Dodge and Roll","floor":30,"key":"SMITH"},{"data":"Dodge and Roll","floor":32,"key":"SMITH"},{"data":"ICR:Paralyse","floor":40,"key":"SMITH"},{"data":"Dodge and Roll","floor":44,"key":"SMITH"},{"floor":47,"key":"RECALL"},{"data":"Prepared","floor":49,"key":"SMITH"},{"data":"Poisoned Stab","floor":52,"key":"SMITH"}],"circlet_count":0,"master_deck":["AscendersBane","Survivor","Neutralize+1","Poisoned Stab","Poisoned Stab","Poisoned Stab","Poisoned Stab+1","Dodge and Roll+1","Dodge and Roll+1","Dodge and Roll+1","Dodge and Roll+1","ReplayTheSpireMod:Scrap Shanks+1","Prepared+1","Poison Darts+1","ReplayTheSpireMod:Speed Training","Master of Strategy","Noxious Fumes+1","jedi:unstablefumes+1","jedi:poisonivy","Infinite Blades+1","Dagger Throw+1","ICR:Paralyse+1","Reflex","Accuracy+1","Prepared+1","Caltrops+1"],"relics":["Ring of the Serpent","EVO:Axolotl","jedi:purplefairy","MealTicket","Happy Flower","jesterMod:MachoBrace","Snake Skull","Bag of Marbles","TungstenRod","wanderingMiniBosses:AbyssPearl","Medical Kit","jedi:kaleidoscope","Tough Bandages","Guardian:PocketSentry","Gremlin Food"],"acts_visited":["Exordium","TheCity","TheBeyond","TheEnding"],"potions_floor_usage":[18,35,50,55],"damage_taken":[{"damage":0,"enemies":"Jaw Worm","floor":1,"turns":3},{"damage":0,"enemies":"Cultist","floor":5,"turns":3},{"damage":3,"enemies":"Gremlin Nob","floor":7,"turns":4},{"damage":0,"enemies":"Small Slimes","floor":8,"turns":3},{"damage":3,"enemies":"3 Louse","floor":10,"turns":5},{"damage":2,"enemies":"2 Fungi Beasts","floor":11,"turns":3},{"damage":0,"enemies":"Replay:BlueRogue","floor":14,"turns":8},{"damage":12,"enemies":"Hexaghost","floor":16,"turns":9},{"damage":9,"enemies":"2 Thieves","floor":18,"turns":4},{"damage":0,"enemies":"Shell Parasite","floor":21,"turns":4},{"damage":7,"enemies":"Replay:Snechameleon","floor":24,"turns":5},{"damage":20,"enemies":"Chosen and Byrds","floor":29,"turns":5},{"damage":3,"enemies":"Shelled Parasite and Fungi","floor":31,"turns":7},{"damage":11,"enemies":"bossMod:newChamp","floor":33,"turns":9},{"damage":2,"enemies":"Orb Walker","floor":35,"turns":4},{"damage":0,"enemies":"3 Shapes","floor":38,"turns":4},{"damage":12,"enemies":"3 Darklings","floor":41,"turns":4},{"damage":18,"enemies":"2 Orb Walkers","floor":42,"turns":5},{"damage":0,"enemies":"Maw","floor":45,"turns":5},{"damage":5,"enemies":"Reptomancer","floor":46,"turns":6},{"damage":0,"enemies":"4 Shapes","floor":48,"turns":4},{"damage":29,"enemies":"Time Eater","floor":50,"turns":11},{"damage":9,"enemies":"Shield and Spear","floor":54,"turns":5},{"damage":23,"enemies":"The Heart","floor":55,"turns":8}],"seed_played":"-703919839736464957","potions_obtained":[{"floor":8,"key":"jedi:wingpotion"},{"floor":11,"key":"blueLaboratory:SuffocatingSmog"},{"floor":16,"key":"AttackPotion"},{"floor":24,"key":"sneckomod:MuddlingPotion"},{"floor":33,"key":"Ancient Potion"},{"floor":41,"key":"blueLaboratory:LouseDecoction"}],"is_trial":false,"path_per_floor":["M","$","?","$","M","R","E","M","T","M","M","R","$","E","R","B",null,"M","?","$","M","?","R","E","R","T","$","?","M","R","M","R","B",null,"M","?","?","M","$","R","M","?","T","R","M","E","R","M","R","B",null,"R","$","E","B",null],"character_chosen":"THE_SILENT","items_purchased":["Snake Skull","jedi:poisonivy","Medical Kit","Guardian:PocketSentry"],"campfire_rested":0,"item_purchase_floors":[20,27,39,53],"current_hp_per_floor":[45,45,45,45,45,45,42,42,42,39,37,47,62,62,63,51,60,51,51,63,63,63,63,56,61,61,63,63,43,63,60,63,52,60,58,58,58,58,60,60,48,30,30,60,60,55,55,55,60,31,53,60,60,51,28],"gold":56,"neow_bonus":"SILENT_ASSASSIN","is_daily":false,"chose_seed":false,"campfire_upgraded":11,"win_rate":0.0,"timestamp":1613448568,"path_taken":["M","$","?","$","?","R","E","M","T","M","?","R","$","E","R","BOSS","M","?","$","M","?","R","E","R","T","$","?","M","R","M","R","BOSS","M","?","?","M","$","R","M","?","T","R","M","E","R","M","R","BOSS","R","$","E","BOSS"],"items_purchased_type":["Relic","Card","Relic","Relic"],"build_version":"2020-12-22","purchased_purges":1,"victory":true,"max_hp_per_floor":[63,63,63,63,63,63,63,63,63,63,63,63,63,63,63,63,63,63,63,63,63,63,63,63,63,63,63,63,63,63,63,63,63,63,63,63,60,60,60,60,60,60,60,60,60,60,60,60,60,60,60,60,60,60,60],"card_choices":[{"not_picked":["Sucker Punch","Deflect","Flying Knee"],"picked":"SKIP","floor":1},{"not_picked":["Cloak And Dagger","Backflip","ReplayTheSpireMod:Tripwire"],"picked":"SKIP","floor":5},{"not_picked":["Choke","Dagger Throw"],"picked":"Prepared","floor":7},{"not_picked":["Sucker Punch","Cloak And Dagger","Night Terror"],"picked":"SKIP","floor":8},{"not_picked":["Backstab","Slice","Poisoned Stab"],"picked":"SKIP","floor":10},{"not_picked":["Noxious Fumes","Replay:Poison Smokescreen","Endless Agony"],"picked":"SKIP","floor":11},{"not_picked":["Deadly Poison","Underhanded Strike","Dagger Spray"],"picked":"SKIP","floor":14},{"not_picked":["Venomology","aspiration:Lunge"],"picked":"Poison Darts","floor":16},{"not_picked":["Dagger Throw","Outmaneuver+1"],"picked":"ReplayTheSpireMod:Speed Training","floor":18},{"not_picked":["Trip","Enlightenment"],"picked":"Master of Strategy","floor":19},{"not_picked":["jedi:pocketpoison","Flying Knee"],"picked":"Noxious Fumes+1","floor":21},{"not_picked":["ICR:Vanish","Acrobatics"],"picked":"jedi:unstablefumes","floor":24},{"not_picked":["Dodge and Roll+1","Sucker Punch"],"picked":"Infinite Blades+1","floor":29},{"not_picked":["Blade Dance","Bane"],"picked":"Dagger Throw+1","floor":31},{"not_picked":["Malaise","Burst"],"picked":"ICR:Paralyse","floor":33},{"not_picked":["PiercingWail","Outmaneuver+1","Quick Slash"],"picked":"SKIP","floor":35},{"not_picked":["Tactician+1","Riddle With Holes"],"picked":"Reflex","floor":38},{"not_picked":["Bouncing Flask","Deflect+1","Blade Dance"],"picked":"SKIP","floor":41},{"not_picked":["Dagger Spray+1","Cloak And Dagger"],"picked":"Accuracy+1","floor":45},{"not_picked":["Poisoned Stab","Concentrate+1","Dodge and Roll+1"],"picked":"SKIP","floor":46},{"not_picked":["Outmaneuver+1","PiercingWail"],"picked":"Prepared","floor":48},{"not_picked":["Dodge and Roll","jedi:pocketpoison"],"picked":"Caltrops+1","floor":54}],"player_experience":1345811,"relics_obtained":[{"floor":7,"key":"jedi:purplefairy"},{"floor":9,"key":"MealTicket"},{"floor":14,"key":"Happy Flower"},{"floor":24,"key":"Bag of Marbles"},{"floor":26,"key":"TungstenRod"},{"floor":35,"key":"wanderingMiniBosses:AbyssPearl"},{"floor":42,"key":"jedi:kaleidoscope"},{"floor":46,"key":"Tough Bandages"},{"floor":54,"key":"Gremlin Food"}],"event_choices":[{"damage_healed":0,"gold_gain":0,"player_choice":"Upgraded","damage_taken":0,"max_hp_gain":0,"max_hp_loss":0,"event_name":"Upgrade Shrine","floor":3,"gold_loss":0,"cards_upgraded":["Neutralize"]},{"damage_healed":0,"gold_gain":2,"player_choice":"1","damage_taken":0,"max_hp_gain":0,"max_hp_loss":0,"event_name":"betterStone:BetterStone","floor":19,"gold_loss":0},{"damage_healed":0,"gold_gain":0,"player_choice":"Ignored","damage_taken":0,"max_hp_gain":0,"max_hp_loss":0,"event_name":"Vampires","floor":22,"gold_loss":0},{"damage_healed":0,"gold_gain":0,"player_choice":"Max HP","damage_taken":0,"max_hp_gain":0,"max_hp_loss":3,"event_name":"Winding Halls","floor":37,"gold_loss":0},{"damage_healed":0,"gold_gain":0,"player_choice":"Fight","damage_taken":0,"max_hp_gain":0,"max_hp_loss":0,"event_name":"Mysterious Sphere","floor":42,"gold_loss":0}],"is_beta":false,"boss_relics":[{"not_picked":["WristBlade","Runesmith:UraniumAnvil"],"picked":"jesterMod:MachoBrace"},{"not_picked":["jedi:hotpepper","bronze:MakeshiftBattery"],"picked":"Ring of the Serpent"}],"items_purged_floors":[13],"is_endless":false,"potions_floor_spawned":[8,11,16,24,33,41,42],"ascension_level":11}}