{"host":"f76wcztdlwlduum6","time":1613441944,"event":{"mods":["BaseMod","BetterRewards","Colored Powertips","Minty Spire (QoL Compilation)","Quick Restart","Rare Cards Sparkle","Relic Stats","StSLib","SuperFastMode","everything is the same but u backflip on backflip"],"gold_per_floor":[119,1,151,226,244,279,279,307,307,325,325,325,325,82,82,160,160,80,97,107,107,63,88,106,106,130,130,130,130,24,78,78,153,153,173,190,17,65,65,65],"floor_reached":39,"language":"ENG","playtime":1795,"items_purged":["Strike_R","Strike_R"],"score":902,"play_id":"a1c3bf91-9c0c-4f15-a8d6-233b5e633308","local_time":"20210215201904","is_ascension_mode":true,"campfire_choices":[{"data":"Evolve","floor":11,"key":"SMITH"},{"data":"Fire Breathing","floor":13,"key":"SMITH"},{"data":"Dark Embrace","floor":15,"key":"SMITH"},{"data":"True Grit","floor":25,"key":"SMITH"},{"floor":27,"key":"REST"},{"floor":32,"key":"REST"}],"circlet_count":0,"master_deck":["AscendersBane","Bash+1","Fire Breathing+1","Evolve+1","Inflame","Wild Strike","Flash of Steel","Dark Embrace+1","Reaper","Metallicize","Dual Wield","Dark Embrace","Offering","Rage","Warcry","Dual Wield","Seeing Red+1","Impervious","Feel No Pain","True Grit+1","Shrug It Off","Flash of Steel","Exhume","Warcry"],"relics":["Burning Blood","NeowsBlessing","Gremlin Horn","Singing Bowl","Pandora\u0027s Box","Nloth\u0027s Gift","Kunai","Strawberry","Akabeko","Cursed Key","ClockworkSouvenir","Charon\u0027s Ashes"],"acts_visited":["Exordium","TheCity","TheBeyond"],"potions_floor_usage":[8,8,23,36],"damage_taken":[{"damage":0,"enemies":"Cultist","floor":1,"turns":1},{"damage":0,"enemies":"2 Louse","floor":5,"turns":1},{"damage":0,"enemies":"Lagavulin","floor":6,"turns":2},{"damage":27,"enemies":"Gremlin Nob","floor":8,"turns":4},{"damage":16,"enemies":"Jaw Worm","floor":10,"turns":4},{"damage":16,"enemies":"Hexaghost","floor":16,"turns":7},{"damage":41,"enemies":"2 Thieves","floor":18,"turns":4},{"damage":18,"enemies":"3 Byrds","floor":19,"turns":2},{"damage":30,"enemies":"Snake Plant","floor":20,"turns":3},{"damage":47,"enemies":"Gremlin Leader","floor":23,"turns":6},{"damage":6,"enemies":"Cultist and Chosen","floor":24,"turns":3},{"damage":40,"enemies":"Colosseum Slavers","floor":28,"turns":5},{"damage":51,"enemies":"Automaton","floor":33,"turns":9},{"damage":19,"enemies":"3 Darklings","floor":35,"turns":6},{"damage":21,"enemies":"Orb Walker","floor":36,"turns":4},{"damage":65,"enemies":"2 Orb Walkers","floor":38,"turns":4},{"damage":28,"enemies":"Jaw Worm Horde","floor":39,"turns":2}],"seed_played":"-8210439553794241981","potions_obtained":[{"floor":1,"key":"Weak Potion"},{"floor":5,"key":"Weak Potion"},{"floor":6,"key":"LiquidMemories"},{"floor":19,"key":"DuplicationPotion"},{"floor":33,"key":"GamblersBrew"},{"floor":35,"key":"AttackPotion"}],"is_trial":false,"path_per_floor":["M","$","?","?","M","E","?","E","T","M","R","?","R","$","R","B",null,"M","M","M","?","$","E","M","R","T","R","?","?","$","T","R","B",null,"M","M","$","?","M"],"character_chosen":"IRONCLAD","items_purchased":["Evolve","Flash of Steel","Dark Embrace","Feel No Pain","Flash of Steel","ClockworkSouvenir"],"campfire_rested":2,"item_purchase_floors":[2,14,14,22,30,37],"current_hp_per_floor":[74,74,74,63,69,75,52,31,31,23,23,23,23,23,23,13,61,52,42,18,18,18,13,13,13,20,45,15,15,15,15,40,13,68,67,62,62,13,0,0],"gold":65,"neow_bonus":"THREE_ENEMY_KILL","is_daily":false,"chose_seed":false,"campfire_upgraded":4,"win_rate":0.0,"timestamp":1613441944,"path_taken":["M","$","?","?","M","E","?","E","T","?","R","?","R","$","R","BOSS","M","M","M","?","$","E","?","R","T","R","?","?","$","?","R","BOSS","M","M","$","?","M"],"items_purchased_type":["Card","Card","Card","Card","Card","Relic"],"build_version":"2020-12-22","purchased_purges":2,"victory":false,"max_hp_per_floor":[75,75,75,75,75,75,75,75,75,77,77,77,77,77,77,77,77,77,79,79,79,79,79,79,79,86,86,86,86,86,86,86,86,86,86,88,88,90,90,90],"relic_stats":{"Gremlin Horn":[11,12],"Singing Bowl":8,"counters":[17,67],"Pandora\u0027s Box":["Metallicize","Dual Wield","Dark Embrace","Offering","Rage","Warcry","Dual Wield"],"Charon\u0027s Ashes":[19],"Nloth\u0027s Gift":0,"Kunai":[34],"Cursed Key":0,"obtain_stats":[{"NeowsBlessing":0,"Gremlin Horn":6,"Singing Bowl":8,"Charon\u0027s Ashes":38,"Cursed Key":34,"Burning Blood":0,"Akabeko":31,"ClockworkSouvenir":37,"Strawberry":26,"Pandora\u0027s Box":17,"Nloth\u0027s Gift":21,"Kunai":23,"StrikeDummy":9},{"NeowsBlessing":0,"Gremlin Horn":3,"Singing Bowl":4,"Charon\u0027s Ashes":16,"Cursed Key":13,"Burning Blood":0,"Akabeko":12,"ClockworkSouvenir":15,"Strawberry":11,"Pandora\u0027s Box":6,"Nloth\u0027s Gift":9,"Kunai":10,"StrikeDummy":4},{"NeowsBlessing":0,"Gremlin Horn":4,"Singing Bowl":8,"Charon\u0027s Ashes":65,"Cursed Key":51,"Burning Blood":0,"Akabeko":42,"ClockworkSouvenir":61,"Strawberry":37,"Pandora\u0027s Box":19,"Nloth\u0027s Gift":28,"Kunai":34,"StrikeDummy":8}],"Burning Blood":96},"card_choices":[{"not_picked":["Second Wind","Battle Trance"],"picked":"Fire Breathing","floor":1},{"not_picked":["Havoc","Pommel Strike"],"picked":"Inflame","floor":5},{"not_picked":["Clothesline","Flex","Armaments"],"picked":"SKIP","floor":6},{"not_picked":["Heavy Blade","Havoc"],"picked":"Wild Strike","floor":8},{"not_picked":["Clothesline","Dropkick","Sword Boomerang"],"picked":"Singing Bowl","floor":10},{"not_picked":["Corruption","Double Tap"],"picked":"Reaper","floor":16},{"not_picked":["Sword Boomerang","Iron Wave+1"],"picked":"Seeing Red+1","floor":18},{"not_picked":["Pummel","Wild Strike","Pommel Strike"],"picked":"Singing Bowl","floor":19},{"not_picked":["Iron Wave","Anger"],"picked":"Impervious","floor":20},{"not_picked":["Power Through","Infernal Blade"],"picked":"True Grit","floor":23},{"not_picked":["Headbutt","Clash"],"picked":"Shrug It Off","floor":24},{"not_picked":["Bludgeon","Limit Break"],"picked":"Exhume","floor":33},{"not_picked":["Hemokinesis","Twin Strike"],"picked":"Warcry","floor":35},{"not_picked":["Whirlwind+1","Cleave","Clash"],"picked":"Singing Bowl","floor":36},{"not_picked":["Spot Weakness","Cleave","Clothesline"],"picked":"Singing Bowl","floor":38}],"player_experience":333956,"relics_obtained":[{"floor":6,"key":"Gremlin Horn"},{"floor":8,"key":"Singing Bowl"},{"floor":9,"key":"StrikeDummy"},{"floor":23,"key":"Kunai"},{"floor":26,"key":"Strawberry"},{"floor":31,"key":"Akabeko"},{"floor":38,"key":"Charon\u0027s Ashes"}],"event_choices":[{"damage_healed":0,"gold_gain":150,"player_choice":"AGREE","damage_taken":0,"max_hp_gain":0,"max_hp_loss":0,"event_name":"Liars Game","floor":3,"gold_loss":0,"cards_obtained":["Doubt"]},{"damage_healed":0,"gold_gain":75,"player_choice":"Gather Gold","damage_taken":11,"max_hp_gain":0,"max_hp_loss":0,"event_name":"World of Goop","floor":4,"gold_loss":0},{"damage_healed":0,"gold_gain":0,"player_choice":"Entered Light","damage_taken":23,"max_hp_gain":0,"max_hp_loss":0,"event_name":"Shining Light","floor":7,"gold_loss":0,"cards_upgraded":["Bash","Defend_R"]},{"cards_removed":["Doubt"],"damage_healed":0,"gold_gain":0,"player_choice":"Forget","damage_taken":0,"max_hp_gain":0,"max_hp_loss":0,"event_name":"Living Wall","floor":12,"gold_loss":0},{"damage_healed":0,"gold_gain":0,"player_choice":"Traded Relic","damage_taken":0,"relics_obtained":["Nloth\u0027s Gift"],"max_hp_gain":0,"max_hp_loss":0,"event_name":"N\u0027loth","floor":21,"relics_lost":["StrikeDummy"],"gold_loss":0},{"damage_healed":0,"gold_gain":0,"player_choice":"Fight","damage_taken":0,"max_hp_gain":0,"max_hp_loss":0,"event_name":"Colosseum","floor":28,"gold_loss":0},{"damage_healed":0,"gold_gain":0,"player_choice":"Fled From Nobs","damage_taken":0,"max_hp_gain":0,"max_hp_loss":0,"event_name":"Colosseum","floor":28,"gold_loss":0},{"damage_healed":0,"gold_gain":0,"player_choice":"Ignored","damage_taken":0,"max_hp_gain":0,"max_hp_loss":0,"event_name":"Ghosts","floor":29,"gold_loss":0},{"damage_healed":0,"gold_gain":0,"player_choice":"Fight","damage_taken":0,"max_hp_gain":0,"max_hp_loss":0,"event_name":"Mysterious Sphere","floor":38,"gold_loss":0}],"is_beta":false,"boss_relics":[{"not_picked":["SlaversCollar","Astrolabe"],"picked":"Pandora\u0027s Box"},{"not_picked":["Sozu","Velvet Choker"],"picked":"Cursed Key"}],"items_purged_floors":[2,14],"is_endless":false,"potions_floor_spawned":[1,5,6,19,28,33,35],"killed_by":"Jaw Worm Horde","ascension_level":20}}