{"host":"4lqqtboa3hvdze4c","time":1613479066,"event":{"mods":["AchievementEnabler","BaseMod","BetterRewards","Colored Map","DeckTracker","Minty Spire (QoL Compilation)","Permanent Neow","SuperFastMode"],"gold_per_floor":[112,112,123,139,139,153,188,188,220,520,555,571,600,614,645,645,740,740,756,671,716,20,38,71,90,118,195,195,195,220,230,245,257,366,378,404,429,452,424,452,496,508,531,543,586,624,662,9,35,65,65,65,65,65],"floor_reached":55,"language":"KOR","playtime":5139,"items_purged":[],"score":1417,"play_id":"703b69dc-a4ff-4a6c-acf3-5c6e4e54f857","local_time":"20210216213746","daily_mods":["SealedDeck","Specialized","Vintage","Heirloom","DeadlyEvents","Elite Swarm"],"is_ascension_mode":false,"campfire_choices":[{"data":"Shockwave","floor":8.0,"key":"SMITH"},{"data":"Barricade","floor":16.0,"key":"SMITH"},{"data":"Demon Form","floor":28,"key":"SMITH"},{"floor":33,"key":"DIG"},{"data":"Limit Break","floor":53,"key":"SMITH"}],"circlet_count":0,"master_deck":["Dropkick","Dropkick","Dropkick","Dropkick","Dropkick+1","Combust","Body Slam","Armaments","Armaments","Ghostly Armor","Pommel Strike","Shockwave+1","Shrug It Off","Perfected Strike","Pommel Strike","Finesse","Reaper+1","Corruption","Offering+1","Barricade+1","Double Tap+1","Demon Form+1","Ghostly Armor","Entrench+1","Offering","Barricade+1","Offering","Limit Break+1","Juggernaut+1","Double Tap","Body Slam","Shrug It Off","Armaments","Double Tap","Impervious"],"relics":["Burning Blood","Turnip","Matryoshka","Bottled Flame","Prayer Wheel","Ornamental Fan","The Courier","Unceasing Top","Oddly Smooth Stone","Old Coin","Pen Nib","Smiling Mask","Shovel","Whetstone","Incense Burner","Snecko Eye","MealTicket","Eternal Feather","Omamori","Boot","Darkstone Periapt","Mummified Hand","Frozen Egg 2","StrikeDummy","Lizard Tail","Potion Belt","Ancient Tea Set","Sundial","War Paint","Blood Vial","MawBank","Bag of Marbles","SlaversCollar","Anchor","Bag of Preparation","Happy Flower","Mercury Hourglass","Toy Ornithopter","InkBottle","Strawberry","Centennial Puzzle","White Beast Statue","Nunchaku","Pear","Akabeko","Frozen Eye","Self Forming Clay","HornCleat"],"acts_visited":["Exordium","TheCity","TheBeyond"],"potions_floor_usage":[41,41,47],"damage_taken":[{"damage":0.0,"enemies":"Cultist","floor":1.0,"turns":3.0},{"damage":3.0,"enemies":"Jaw Worm","floor":3.0,"turns":2.0},{"damage":1.0,"enemies":"2 Louse","floor":4.0,"turns":2.0},{"damage":10.0,"enemies":"Exordium Thugs","floor":6.0,"turns":4.0},{"damage":15.0,"enemies":"Gremlin Nob","floor":7.0,"turns":4.0},{"damage":13.0,"enemies":"Lagavulin","floor":9.0,"turns":5.0},{"damage":15.0,"enemies":"3 Sentries","floor":11.0,"turns":6.0},{"damage":7.0,"enemies":"Red Slaver","floor":12.0,"turns":3.0},{"damage":7.0,"enemies":"Lagavulin","floor":13.0,"turns":3.0},{"damage":7.0,"enemies":"2 Fungi Beasts","floor":14.0,"turns":3.0},{"damage":0.0,"enemies":"Gremlin Nob","floor":15.0,"turns":3.0},{"damage":7.0,"enemies":"The Guardian","floor":17.0,"turns":6.0},{"damage":15.0,"enemies":"2 Thieves","floor":19.0,"turns":2.0},{"damage":6,"enemies":"3 Byrds","floor":23,"turns":4},{"damage":7,"enemies":"Slavers","floor":24,"turns":3},{"damage":6,"enemies":"Snake Plant","floor":25,"turns":2},{"damage":12,"enemies":"Gremlin Leader","floor":26,"turns":3},{"damage":12,"enemies":"Book of Stabbing","floor":30,"turns":1},{"damage":12,"enemies":"Shelled Parasite and Fungi","floor":31,"turns":2},{"damage":18,"enemies":"3 Cultists","floor":32,"turns":3},{"damage":19,"enemies":"Champ","floor":34,"turns":2},{"damage":6,"enemies":"Orb Walker","floor":36,"turns":3},{"damage":14,"enemies":"3 Shapes","floor":37,"turns":3},{"damage":12,"enemies":"Writhing Mass","floor":38,"turns":1},{"damage":29,"enemies":"Transient","floor":40,"turns":4},{"damage":18,"enemies":"Giant Head","floor":41,"turns":2},{"damage":18,"enemies":"Maw","floor":43,"turns":2},{"damage":12,"enemies":"Giant Head","floor":45,"turns":1},{"damage":18,"enemies":"Nemesis","floor":47,"turns":3},{"damage":2,"enemies":"Reptomancer","floor":49,"turns":1},{"damage":19,"enemies":"Giant Head","floor":50,"turns":2},{"damage":6,"enemies":"Time Eater","floor":54,"turns":3}],"seed_played":"-8181217309173499689","potions_obtained":[{"floor":1.0,"key":"SpeedPotion"},{"floor":11.0,"key":"LiquidMemories"},{"floor":12.0,"key":"FearPotion"},{"floor":13.0,"key":"Regen Potion"},{"floor":14.0,"key":"Dexterity Potion"},{"floor":15.0,"key":"BloodPotion"},{"floor":19.0,"key":"Explosive Potion"},{"floor":25,"key":"FairyPotion"},{"floor":26,"key":"Energy Potion"},{"floor":38,"key":"Ancient Potion"},{"floor":40,"key":"FearPotion"},{"floor":45,"key":"SpeedPotion"},{"floor":49,"key":"AttackPotion"},{"floor":50,"key":"FearPotion"}],"is_trial":true,"path_per_floor":["M","?","M","M","M","M","E","R","E","T","E","M","E","M","E","R","B",null,"M","?","T","$","M","E","M","E","T","R","?","E","M","M","R","B",null,"M","M","M","?","M","E","E","M","M","E","T","E","$","E","E","?","?","R","B",null],"character_chosen":"IRONCLAD","items_purchased":["Darkstone Periapt","Mummified Hand","Frozen Egg 2","Ghostly Armor","Entrench","Body Slam","Nunchaku","Pear","Akabeko","Frozen Eye","Shrug It Off","Armaments"],"campfire_rested":0,"item_purchase_floors":[22,22,22,22,22,48,48,48,48,48,48,48],"current_hp_per_floor":[80,80,80,80,80,76,67,67,66,66,61,64,75,80,80,80,80,80,80,80,80,80,80,80,80,80,80,80,80,80,80,74,80,74,80,80,72,68,68,73,80,80,73,73,87,87,80,97,97,84,84,84,97,97],"gold":65,"neow_bonus":"","is_daily":false,"chose_seed":false,"campfire_upgraded":4,"win_rate":0.0,"timestamp":1613479066,"path_taken":["M","?","?","M","M","?","E","R","E","T","E","M","E","M","E","R","BOSS","M","?","?","$","M","E","M","E","T","R","?","E","M","M","R","BOSS","M","M","M","?","M","E","E","M","M","E","T","E","$","E","?","?","?","R","BOSS"],"items_purchased_type":["Relic","Relic","Relic","Card","Card","Card","Relic","Relic","Relic","Relic","Card","Card"],"build_version":"2020-12-22","purchased_purges":0,"victory":true,"max_hp_per_floor":[80,80,80,80,80,80,80,80,80,80,80,80,80,80,80,80,80,80,80,80,80,80,80,80,80,80,80,80,80,80,80,80,80,80,80,80,80,80,80,80,80,80,80,80,87,87,87,97,97,97,97,97,97,97],"card_choices":[{"not_picked":["Fiend Fire","Exhume"],"picked":"Reaper","floor":7.0},{"not_picked":["Impervious","Fiend Fire"],"picked":"Corruption","floor":9.0},{"not_picked":["Reaper","Exhume"],"picked":"Offering","floor":11.0},{"not_picked":["Impervious","Demon Form"],"picked":"Barricade","floor":13.0},{"not_picked":["Juggernaut","Limit Break"],"picked":"Double Tap","floor":15.0},{"not_picked":["Offering","Fiend Fire"],"picked":"Demon Form","floor":17.0},{"not_picked":["Double Tap","Immolate"],"picked":"Offering","floor":24},{"not_picked":["Brutality+1","Corruption+1"],"picked":"Barricade+1","floor":26},{"not_picked":["Corruption+1","Fiend Fire"],"picked":"Offering","floor":30},{"not_picked":["Immolate","Fiend Fire"],"picked":"Limit Break","floor":34},{"not_picked":["Limit Break","Immolate"],"picked":"Juggernaut+1","floor":41},{"not_picked":["Exhume","Berserk+1","Feed"],"picked":"SKIP","floor":45},{"not_picked":["Offering","Bludgeon"],"picked":"Double Tap","floor":47},{"not_picked":["Fiend Fire","Berserk+1"],"picked":"Double Tap","floor":49},{"not_picked":["Reaper","Berserk+1"],"picked":"Impervious","floor":50}],"player_experience":26100,"relics_obtained":[{"floor":1.0,"key":"Matryoshka"},{"floor":3.0,"key":"Bottled Flame"},{"floor":4.0,"key":"Prayer Wheel"},{"floor":6.0,"key":"Ornamental Fan"},{"floor":7.0,"key":"The Courier"},{"floor":9.0,"key":"Unceasing Top"},{"floor":10.0,"key":"Oddly Smooth Stone"},{"floor":10.0,"key":"Old Coin"},{"floor":11.0,"key":"Pen Nib"},{"floor":12.0,"key":"Smiling Mask"},{"floor":13.0,"key":"Shovel"},{"floor":14.0,"key":"Whetstone"},{"floor":15.0,"key":"Incense Burner"},{"floor":19.0,"key":"MealTicket"},{"floor":21.0,"key":"Omamori"},{"floor":21.0,"key":"Boot"},{"floor":23,"key":"StrikeDummy"},{"floor":24,"key":"Lizard Tail"},{"floor":25,"key":"Potion Belt"},{"floor":26,"key":"Ancient Tea Set"},{"floor":27,"key":"Sundial"},{"floor":30,"key":"War Paint"},{"floor":31,"key":"Blood Vial"},{"floor":32,"key":"MawBank"},{"floor":33,"key":"Bag of Marbles"},{"floor":36,"key":"Anchor"},{"floor":37,"key":"Bag of Preparation"},{"floor":38,"key":"Happy Flower"},{"floor":40,"key":"Mercury Hourglass"},{"floor":41,"key":"Toy Ornithopter"},{"floor":43,"key":"InkBottle"},{"floor":45,"key":"Strawberry"},{"floor":46,"key":"Centennial Puzzle"},{"floor":47,"key":"White Beast Statue"},{"floor":49,"key":"Self Forming Clay"},{"floor":50,"key":"HornCleat"}],"event_choices":[{"damage_healed":0.0,"max_hp_gain":0.0,"max_hp_loss":0.0,"gold_gain":0.0,"event_name":"Match and Keep!","player_choice":"1 cards matched","floor":2.0,"gold_loss":0.0,"damage_taken":0.0,"cards_obtained":["Finesse"]},{"damage_healed":0.0,"max_hp_gain":0.0,"max_hp_loss":0.0,"gold_gain":0.0,"event_name":"Addict","player_choice":"Obtained Relic","floor":20.0,"gold_loss":85.0,"damage_taken":0.0,"relics_obtained":["Eternal Feather"]},{"damage_healed":0,"gold_gain":0,"player_choice":"Ignored","damage_taken":0,"max_hp_gain":0,"max_hp_loss":0,"event_name":"Beggar","floor":29,"gold_loss":0},{"damage_healed":0,"gold_gain":0,"player_choice":"Upgrade","damage_taken":0,"max_hp_gain":0,"max_hp_loss":0,"event_name":"Designer","floor":39,"gold_loss":40,"cards_upgraded":["Double Tap"]},{"damage_healed":0,"gold_gain":0,"player_choice":"Ignored","damage_taken":0,"max_hp_gain":0,"max_hp_loss":0,"event_name":"NoteForYourself","floor":52,"gold_loss":0}],"is_beta":false,"boss_relics":[{"not_picked":["Black Blood","Busted Crown"],"picked":"Snecko Eye"},{"not_picked":["Empty Cage","Velvet Choker"],"picked":"SlaversCollar"}],"items_purged_floors":[],"is_endless":false,"potions_floor_spawned":[1,11,12,13,14,15,19,25,26,38,40,45,49,50],"ascension_level":0}}