{"host":"xg4r5pv6chpuampg","time":1613473057,"event":{"mods":["AchievementEnabler","BaseMod","Googly Eyes","Minty Spire (QoL Compilation)","StSLib","Together in Spire"],"gold_per_floor":[12,12,12,25,25,58,58,79,103,122,143,159,124,124,124,254,254,268,281,320,320,320,320],"floor_reached":22,"language":"ENG","playtime":871,"items_purged":[],"score":186,"play_id":"8dd47d17-3e57-441d-99cb-a5c53a626680","local_time":"20210216135737","is_ascension_mode":false,"campfire_choices":[{"floor":7,"key":"REST"},{"floor":15,"key":"REST"}],"circlet_count":0,"master_deck":["Strike_P","Strike_P+1","Strike_P","Strike_P+1","Defend_P","Defend_P","Defend_P","Defend_P","Eruption","Vigilance","CarveReality","FlurryOfBlows","Wish","CarveReality","DeceiveReality","DeceiveReality","Judgement","Consecrate+1","EmptyFist"],"relics":["PureWater","Peace Pipe","Golden Idol","GremlinMask","Whetstone","Lantern","Fusion Hammer","Red Mask","Nilry\u0027s Codex"],"acts_visited":["Exordium","TheCity"],"potions_floor_usage":[8,11,11,16,18,22,22],"damage_taken":[{"damage":0,"enemies":"Cultist","floor":1,"turns":2},{"damage":0,"enemies":"Small Slimes","floor":4,"turns":2},{"damage":45,"enemies":"Gremlin Nob","floor":6,"turns":5},{"damage":17,"enemies":"Jaw Worm","floor":8,"turns":2},{"damage":8,"enemies":"Lots of Slimes","floor":10,"turns":3},{"damage":3,"enemies":"Exordium Wildlife","floor":11,"turns":6},{"damage":1,"enemies":"Blue Slaver","floor":12,"turns":4},{"damage":48,"enemies":"Hexaghost","floor":16,"turns":11},{"damage":18,"enemies":"2 Thieves","floor":18,"turns":3},{"damage":5,"enemies":"3 Byrds","floor":19,"turns":3},{"damage":0,"enemies":"Masked Bandits","floor":20,"turns":2},{"damage":46,"enemies":"Cultist and Chosen","floor":22,"turns":5}],"seed_played":"4430117499855560980","potions_obtained":[{"floor":6,"key":"EntropicBrew"},{"floor":10,"key":"AttackPotion"},{"floor":11,"key":"FairyPotion"},{"floor":12,"key":"Explosive Potion"},{"floor":14,"key":"Ambrosia"},{"floor":16,"key":"BottledMiracle"},{"floor":20,"key":"Regen Potion"}],"is_trial":false,"path_per_floor":["M","$","?","M","?","E","R","M","T","M","M","M","?","?","R","B",null,"M","M","?","?","M"],"character_chosen":"WATCHER","items_purchased":[],"campfire_rested":2,"item_purchase_floors":[],"current_hp_per_floor":[72,72,54,54,54,9,30,13,13,5,2,1,19,19,40,13,72,54,49,49,33,0,0],"gold":320,"neow_bonus":"ONE_RARE_RELIC","is_daily":false,"chose_seed":false,"campfire_upgraded":0,"win_rate":0.0,"timestamp":1613473057,"path_taken":["M","$","?","M","?","E","R","M","T","M","M","?","?","?","R","BOSS","M","?","?","?","M"],"items_purchased_type":[],"build_version":"2020-12-22","purchased_purges":0,"victory":false,"max_hp_per_floor":[72,72,72,72,72,72,72,72,72,72,72,72,72,72,72,72,72,72,72,72,72,72,72],"card_choices":[{"not_picked":["FlurryOfBlows","ClearTheMind"],"picked":"CarveReality","floor":1},{"not_picked":["FlyingSleeves","ClearTheMind"],"picked":"FlurryOfBlows","floor":4},{"not_picked":["JustLucky","EmptyFist"],"picked":"Wish","floor":6},{"not_picked":["BowlingBash","MentalFortress"],"picked":"CarveReality","floor":8},{"not_picked":["Consecrate","Evaluate"],"picked":"DeceiveReality","floor":10},{"not_picked":["CrushJoints","Consecrate","Prostrate"],"picked":"SKIP","floor":11},{"not_picked":["FlurryOfBlows","WindmillStrike"],"picked":"DeceiveReality","floor":12},{"not_picked":["Establishment","Wish"],"picked":"Judgement","floor":16},{"not_picked":["Evaluate","DeceiveReality"],"picked":"Consecrate+1","floor":18},{"not_picked":["DeceiveReality","BowlingBash","JustLucky"],"picked":"SKIP","floor":19},{"not_picked":["Fasting2","ClearTheMind"],"picked":"EmptyFist","floor":20}],"player_experience":137193,"relics_obtained":[{"floor":6,"key":"Whetstone"},{"floor":9,"key":"Lantern"},{"floor":20,"key":"Red Mask"},{"floor":21,"key":"Nilry\u0027s Codex"}],"event_choices":[{"damage_healed":0,"gold_gain":0,"player_choice":"Take Damage","damage_taken":18,"relics_obtained":["Golden Idol"],"max_hp_gain":0,"max_hp_loss":0,"event_name":"Golden Idol","floor":3,"gold_loss":0},{"damage_healed":0,"gold_gain":0,"player_choice":"Trade","damage_taken":0,"relics_obtained":["GremlinMask"],"max_hp_gain":0,"max_hp_loss":0,"event_name":"FaceTrader","floor":5,"gold_loss":0},{"damage_healed":18,"gold_gain":0,"player_choice":"Healed","damage_taken":0,"max_hp_gain":0,"max_hp_loss":0,"event_name":"The Cleric","floor":13,"gold_loss":35},{"damage_healed":0,"gold_gain":0,"player_choice":"Got Potions","damage_taken":0,"max_hp_gain":0,"max_hp_loss":0,"event_name":"Lab","floor":14,"gold_loss":0},{"damage_healed":0,"gold_gain":0,"player_choice":"Fought Bandits","damage_taken":0,"max_hp_gain":0,"max_hp_loss":0,"event_name":"Masked Bandits","floor":20,"gold_loss":0},{"damage_healed":0,"gold_gain":0,"player_choice":"Obtained Book","damage_taken":16,"max_hp_gain":0,"max_hp_loss":0,"event_name":"Cursed Tome","floor":21,"gold_loss":0}],"is_beta":false,"boss_relics":[{"not_picked":["Sozu","Velvet Choker"],"picked":"Fusion Hammer"}],"items_purged_floors":[],"is_endless":false,"potions_floor_spawned":[6,10,11,12,16,20],"killed_by":"Cultist and Chosen","ascension_level":0}}