{"host":"v4tuy5ykrbdcm9o9","time":1613453487,"event":{"mods":["BaseMod","Duelist Mod","Minty Spire (QoL Compilation)","Replay The Spire","StSLib"],"gold_per_floor":[119,131,142,153,153,183,183,199,272,289,41,368,368,397,397,495,495,509,527,143,143,155,155,182,182,229,260,315,347,366,394,394,491,491,505,505,524,579,160,160,178,178,225,254,272,286,286,317,317,317,317],"floor_reached":50,"language":"ENG","playtime":4197,"items_purged":["Pain","Voices"],"score":1296,"play_id":"d060d7f2-e51e-4795-a9c4-626a2313f3b8","local_time":"20210216003127","is_ascension_mode":true,"campfire_choices":[{"floor":7,"key":"RECALL"},{"floor":15,"key":"REST"},{"data":"BattleHymn","floor":23,"key":"SMITH"},{"data":"MasterReality","floor":25,"key":"SMITH"},{"floor":32,"key":"REST"},{"floor":40,"key":"REST"},{"floor":47,"key":"REST"},{"floor":49,"key":"REST"}],"circlet_count":0,"master_deck":["Strike_P","Strike_P","Strike_P","Defend_P","Defend_P","Defend_P","Eruption","Vigilance","JustLucky+1","Consecrate","Wallop","Swivel","ForeignInfluence","Steam","WaveOfTheHand","BattleHymn+1","FollowUp","Violence","SignatureMove","Judgement","FlurryOfBlows","FollowUp","FollowUp","ThirdEye","FollowUp+1","WindmillStrike","MasterReality+1","Evaluate","ReplayTheSpireMod:Faulty Equipment","Replay:ManipulateFuture","Vengeance","SignatureMove+1","EmptyBody","DeusExMachina","Replay:Cycle+1","Replay:ManipulateFuture","SignatureMove","ReplayTheSpireMod:Private Reserves","WindmillStrike","ClearTheMind","EmptyFist+1","Writhe","Sickly","CutThroughFate+1","EmptyBody","CrushJoints","ForeignInfluence+1"],"relics":["PureWater","FossilizedHelix","Old Coin","WarpedTongs","PreservedInsect","Cursed Key","Mirror","Whetstone","Juzu Bracelet","Potion Belt","Nunchaku","Replay:WaspNest","Sozu","Calipers","Vajra","Blood Vial","Frozen Egg 2","Replay:Mystery Machine"],"acts_visited":["Exordium","TheCity","TheBeyond"],"potions_floor_usage":[6,12,24,24,29,30,30,30,33],"damage_taken":[{"damage":4,"enemies":"Jaw Worm","floor":1,"turns":4},{"damage":0,"enemies":"Cultist","floor":2,"turns":2},{"damage":0,"enemies":"Small Slimes","floor":3,"turns":3},{"damage":0,"enemies":"Exordium Wildlife","floor":4,"turns":2},{"damage":0,"enemies":"Gremlin Nob","floor":6,"turns":2},{"damage":0,"enemies":"Blue Slaver","floor":8,"turns":4},{"damage":0,"enemies":"2 Fungi Beasts","floor":10,"turns":3},{"damage":0,"enemies":"3 Sentries","floor":12,"turns":4},{"damage":19,"enemies":"Lagavulin","floor":14,"turns":5},{"damage":14,"enemies":"The Guardian","floor":16,"turns":6},{"damage":3,"enemies":"3 Byrds","floor":18,"turns":4},{"damage":0,"enemies":"Spheric Guardian","floor":19,"turns":3},{"damage":13,"enemies":"Snake Plant","floor":22,"turns":5},{"damage":8,"enemies":"Gremlin Leader","floor":24,"turns":4},{"damage":21,"enemies":"Slavers","floor":27,"turns":4},{"damage":0,"enemies":"theDuelist:KaibaA2","floor":29,"turns":1},{"damage":0,"enemies":"Cultist and Chosen","floor":30,"turns":2},{"damage":12,"enemies":"Gremlin Leader","floor":31,"turns":3},{"damage":52,"enemies":"Pondfish","floor":33,"turns":6},{"damage":0,"enemies":"3 Shapes","floor":35,"turns":3},{"damage":0,"enemies":"Orb Walker","floor":37,"turns":3},{"damage":31,"enemies":"2 Orb Walkers","floor":38,"turns":3},{"damage":20,"enemies":"Sphere and 2 Shapes","floor":41,"turns":5},{"damage":24,"enemies":"Giant Head","floor":44,"turns":6},{"damage":24,"enemies":"Maw","floor":45,"turns":6},{"damage":16,"enemies":"Jaw Worm Horde","floor":46,"turns":4},{"damage":9,"enemies":"Reptomancer","floor":48,"turns":3},{"damage":103,"enemies":"Donu and Deca","floor":50,"turns":5}],"seed_played":"-5749137402030285545","potions_obtained":[{"floor":4,"key":"BlessingOfTheForge"},{"floor":6,"key":"Strength Potion"},{"floor":14,"key":"Energy Potion"},{"floor":16,"key":"Energy Potion"},{"floor":18,"key":"Regen Potion"},{"floor":27,"key":"GamblersBrew"},{"floor":28,"key":"Elixir"},{"floor":28,"key":"SteroidPotion"},{"floor":28,"key":"Reflective Coating"},{"floor":29,"key":"SneckoOil"},{"floor":33,"key":"FairyPotion"}],"is_trial":false,"path_per_floor":["M","M","M","M","?","E","R","M","T","M","$","E","?","E","R","B",null,"M","M","$","?","M","R","E","R","T","E","?","E","M","E","R","B",null,"M","?","M","?","$","R","M","?","T","E","M","M","R","E","R","B"],"character_chosen":"WATCHER","items_purchased":["Violence","SignatureMove","ThirdEye","FollowUp","Mirror","Vajra","ReplayTheSpireMod:Private Reserves","WindmillStrike","ClearTheMind"],"campfire_rested":5,"item_purchase_floors":[11,11,20,20,20,39,39,39,39],"current_hp_per_floor":[68,68,68,68,68,68,68,68,68,68,68,68,68,49,72,58,74,71,71,71,89,76,76,80,80,80,59,59,59,59,47,73,21,72,72,72,72,41,41,67,47,69,69,47,25,11,37,30,56,0,0],"gold":317,"neow_bonus":"TEN_PERCENT_HP_BONUS","is_daily":false,"chose_seed":false,"campfire_upgraded":2,"win_rate":0.0,"timestamp":1613453487,"path_taken":["M","M","M","M","?","E","R","M","T","M","$","E","?","E","R","BOSS","M","M","$","?","?","R","E","R","T","E","?","E","M","E","R","BOSS","M","?","M","?","?","R","M","?","T","E","M","M","R","E","R","BOSS"],"items_purchased_type":["Card","Card","Card","Card","Relic","Relic","Card","Card","Card"],"build_version":"2020-12-22","purchased_purges":2,"victory":false,"max_hp_per_floor":[79,79,79,79,79,79,79,79,79,79,79,79,79,79,79,79,79,79,79,79,89,89,89,89,89,89,89,89,89,89,89,89,89,89,89,89,89,89,89,89,89,89,89,89,89,89,89,89,89,89,89],"card_choices":[{"not_picked":["Crescendo","Replay:ManipulateFuture"],"picked":"JustLucky","floor":1},{"not_picked":["Sanctity","Replay:BluntJabs"],"picked":"Consecrate","floor":2},{"not_picked":["ThirdEye","EmptyFist"],"picked":"Wallop","floor":3},{"not_picked":["Replay:LoomingThreat","Protect"],"picked":"Swivel","floor":4},{"not_picked":["Crescendo","EmptyBody"],"picked":"WaveOfTheHand","floor":6},{"not_picked":["Worship","Wireheading"],"picked":"BattleHymn","floor":8},{"not_picked":["Sanctity","EmptyFist"],"picked":"FollowUp","floor":10},{"not_picked":["ClearTheMind","Meditate"],"picked":"Judgement","floor":12},{"not_picked":["Prostrate","Replay:Anticipation"],"picked":"FlurryOfBlows","floor":14},{"not_picked":["Replay:AllIn","DeusExMachina"],"picked":"LessonLearned","floor":16},{"not_picked":["Evaluate","Replay:Cycle"],"picked":"FollowUp","floor":18},{"not_picked":["Replay:Anticipation+1","FearNoEvil"],"picked":"FollowUp","floor":19},{"not_picked":["Prostrate","ClearTheMind"],"picked":"WindmillStrike","floor":22},{"not_picked":["Study","Replay:ManipulateFuture"],"picked":"MasterReality","floor":24},{"not_picked":["FearNoEvil","Wireheading"],"picked":"Evaluate","floor":27},{"not_picked":["FlurryOfBlows","Halt+1"],"picked":"Replay:ManipulateFuture","floor":28},{"not_picked":["Replay:AllIn","CutThroughFate"],"picked":"Vengeance","floor":29},{"not_picked":["FlurryOfBlows+1","SandsOfTime"],"picked":"SignatureMove+1","floor":30},{"not_picked":["Replay:AtTheReady","Halt"],"picked":"EmptyBody","floor":31},{"not_picked":["Vault","Wish"],"picked":"DeusExMachina","floor":33},{"not_picked":["InnerPeace","MentalFortress+1"],"picked":"Replay:Cycle+1","floor":35},{"not_picked":["FlyingSleeves","WheelKick"],"picked":"Replay:ManipulateFuture","floor":37},{"not_picked":["Conclude","FlyingSleeves+1"],"picked":"SignatureMove","floor":38},{"not_picked":["SashWhip","Worship+1"],"picked":"EmptyFist+1","floor":41},{"not_picked":["Wish","Prostrate+1"],"picked":"CutThroughFate+1","floor":44},{"not_picked":["Worship+1","Consecrate"],"picked":"EmptyBody","floor":45},{"not_picked":["Perseverance","EmptyBody+1"],"picked":"CrushJoints","floor":46},{"not_picked":["FollowUp+1","Devotion+1"],"picked":"ForeignInfluence+1","floor":48}],"player_experience":889340,"relics_obtained":[{"floor":6,"key":"FossilizedHelix"},{"floor":12,"key":"Old Coin"},{"floor":14,"key":"PreservedInsect"},{"floor":24,"key":"Whetstone"},{"floor":26,"key":"Juzu Bracelet"},{"floor":27,"key":"Potion Belt"},{"floor":29,"key":"Nunchaku"},{"floor":31,"key":"Replay:WaspNest"},{"floor":38,"key":"Calipers"},{"floor":43,"key":"Blood Vial"},{"floor":44,"key":"Frozen Egg 2"},{"floor":48,"key":"Replay:Mystery Machine"}],"event_choices":[{"damage_healed":0,"gold_gain":0,"player_choice":"Rummage","damage_taken":0,"relics_obtained":["WarpedTongs"],"max_hp_gain":0,"max_hp_loss":0,"event_name":"Accursed Blacksmith","floor":13,"gold_loss":0,"cards_obtained":["Pain"]},{"cards_removed":["LessonLearned"],"damage_healed":8,"gold_gain":0,"player_choice":"Offered Rare","damage_taken":0,"max_hp_gain":10,"max_hp_loss":0,"event_name":"Bonfire Elementals","floor":21,"gold_loss":0},{"damage_healed":0,"gold_gain":0,"player_choice":"Ignored","damage_taken":0,"max_hp_gain":0,"max_hp_loss":0,"event_name":"Tomb of Lord Red Mask","floor":36,"gold_loss":0},{"damage_healed":0,"gold_gain":0,"player_choice":"Fight","damage_taken":0,"max_hp_gain":0,"max_hp_loss":0,"event_name":"Mysterious Sphere","floor":38,"gold_loss":0},{"damage_healed":22,"gold_gain":0,"player_choice":"Writhe","damage_taken":0,"max_hp_gain":0,"max_hp_loss":0,"event_name":"Winding Halls","floor":42,"gold_loss":0,"cards_obtained":["Writhe"]}],"is_beta":false,"boss_relics":[{"not_picked":["Astrolabe","Replay:Grab Bag"],"picked":"Cursed Key"},{"not_picked":["Abe\u0027s Treasure","Empty Cage"],"picked":"Sozu"}],"items_purged_floors":[20,39],"is_endless":false,"potions_floor_spawned":[4,6,14,16,18,27,29,33,38,41,44,46],"killed_by":"Donu and Deca","ascension_level":9}}