{"host":"r527qwxsluxe0nfi","time":1613519840,"event":{"mods":["AchievementEnabler","BaseMod","Bestiary","Minty Spire (QoL Compilation)","SuperFastMode","Weighted Paths"],"gold_per_floor":[117,117,117,137,62,62,73,102,102,102,122,122,132,132,132],"floor_reached":14,"language":"ENG","playtime":372,"items_purged":[],"score":158,"play_id":"f11b851a-ca19-4a15-a9cc-e49a105553d1","local_time":"20210217005720","is_ascension_mode":true,"campfire_choices":[{"data":"White Noise","floor":6,"key":"SMITH"},{"data":"Dualcast","floor":10,"key":"SMITH"},{"data":"BootSequence","floor":12,"key":"SMITH"}],"circlet_count":0,"master_deck":["AscendersBane","Strike_B","Strike_B","Strike_B","Defend_B","Defend_B","Defend_B","Zap+1","Dualcast+1","Self Repair","White Noise+1","Auto Shields","Conserve Battery","BootSequence+1","Leap"],"relics":["Cracked Core","Blue Candle","Strawberry"],"acts_visited":["Exordium"],"potions_floor_usage":[8,14],"damage_taken":[{"damage":0,"enemies":"2 Louse","floor":1,"turns":2},{"damage":9,"enemies":"Small Slimes","floor":4,"turns":3},{"damage":7,"enemies":"Jaw Worm","floor":7,"turns":2},{"damage":22,"enemies":"Lagavulin","floor":8,"turns":8},{"damage":10,"enemies":"2 Fungi Beasts","floor":11,"turns":3},{"damage":2,"enemies":"Looter","floor":13,"turns":4},{"damage":92,"enemies":"Gremlin Nob","floor":14,"turns":6}],"seed_played":"-2264477455398275499","potions_obtained":[{"floor":4,"key":"ColorlessPotion"},{"floor":7,"key":"Regen Potion"},{"floor":11,"key":"EssenceOfSteel"}],"is_trial":false,"path_per_floor":["M","?","?","M","?","R","M","E","T","R","M","R","M","E"],"character_chosen":"DEFECT","items_purchased":[],"campfire_rested":0,"item_purchase_floors":[],"current_hp_per_floor":[64,64,69,67,67,67,67,66,73,73,70,70,75,0,0],"gold":132,"neow_bonus":"UPGRADE_CARD","is_daily":false,"chose_seed":false,"campfire_upgraded":3,"win_rate":0.0,"timestamp":1613519840,"path_taken":["M","?","?","M","?","R","M","E","T","R","M","R","M","E"],"items_purchased_type":[],"build_version":"2020-12-22","purchased_purges":0,"victory":false,"max_hp_per_floor":[71,71,76,76,76,76,76,76,83,83,83,83,83,83,83],"card_choices":[{"not_picked":["Sweeping Beam","Chill"],"picked":"Self Repair","floor":1},{"not_picked":["Rebound","Barrage"],"picked":"White Noise","floor":4},{"not_picked":["Redo","FTL"],"picked":"Auto Shields","floor":7},{"not_picked":["Go for the Eyes","Auto Shields"],"picked":"Conserve Battery","floor":8},{"not_picked":["Redo","Barrage"],"picked":"BootSequence","floor":11},{"not_picked":["Tempest","Darkness"],"picked":"Leap","floor":13}],"player_experience":359407,"relics_obtained":[{"floor":8,"key":"Blue Candle"},{"floor":9,"key":"Strawberry"}],"event_choices":[{"cards_removed":["Strike_B"],"damage_healed":0,"gold_gain":0,"player_choice":"Forget","damage_taken":0,"max_hp_gain":0,"max_hp_loss":0,"event_name":"Living Wall","floor":2,"gold_loss":0},{"damage_healed":0,"gold_gain":0,"player_choice":"Donut","damage_taken":0,"max_hp_gain":5,"max_hp_loss":0,"event_name":"Big Fish","floor":3,"gold_loss":0},{"cards_removed":["Defend_B"],"damage_healed":0,"gold_gain":0,"player_choice":"Card Removal","damage_taken":0,"max_hp_gain":0,"max_hp_loss":0,"event_name":"The Cleric","floor":5,"gold_loss":75}],"is_beta":false,"boss_relics":[],"items_purged_floors":[],"is_endless":false,"potions_floor_spawned":[4,7,11],"killed_by":"Gremlin Nob","ascension_level":15}}