{"host":"6r9t33axn0fzb9aq","time":1613501089,"event":{"mods":["Aspiration","BaseMod","Better Altar","Better Match","Better Note","Better Third Choice","Bossed Relics","CatGirl Mod","Clockwork Mod","Colored Map","Colored Powertips","Conspire","Curses Come First","Custom Start","Energized Spire","Halation","Hubris","Infinite Spire","Koishi","Marisa????????","Minty Spire (QoL Compilation)","Onozuka Komachi Mod","Poor People Problems","Reliquary","Remilia??????","Replay The Spire","Reworked Bosses","Shade Mod","Spicy Shops","Spire Arcade","StSLib","The Blue Laboratory","The Cursed","The Death Knight","The Hierophant","The Marked","The Necromancer","The Servant 0.9.4","TheHero","Trackpad","Waifu the Spire","Wandering Minibosses"],"gold_per_floor":[118,118,118,138,154,184,204,214,260,260,260,270,318,188,188,284,234,252,26,26,26,39,54,54,54,79,106,131,131,131,131,131,238,238,265,265,299,299,465,465,465,465,489,564,576,660,745,820,832,999,1011,1100,1212,1171,1163,1175,1287,1299,859,871,883,918,999,1061,1073,1085,1250,1262,1361,1476,1488,1500,1512,1650,1662,1662],"floor_reached":75,"language":"ENG","playtime":4862,"items_purged":["UnstableMagic","Strike_RM+1"],"score":1639,"play_id":"7b4c30b1-dc5c-4e5c-b065-451576099e8c","local_time":"20210216184449","is_ascension_mode":false,"campfire_choices":[{"floor":15.0,"key":"REST"},{"data":"StarOfDavid","floor":25,"key":"SMITH"},{"data":"MastersStateliness","floor":29,"key":"SMITH"},{"floor":32,"key":"REST"},{"data":"DemonKingCradle","floor":40,"key":"SMITH"},{"data":"ScarletMeister","floor":45,"key":"SMITH"},{"data":"NightDance","floor":49,"key":"SMITH"},{"data":"BombardNight","floor":58,"key":"SMITH"},{"floor":61,"key":"REST"},{"floor":66,"key":"REST"}],"circlet_count":0,"master_deck":["Strike_RM+1","Strike_RM+1","Strike_RM+1","Defend_RM","Defend_RM","Defend_RM+1","Defend_RM","ScarletShoot+1","ReincarnationDial+1","Ultimatum","BombardNight","ScarletDevil+1","TwelveNightmare","DiffusionOfMisfortune+1","HunterOfTheNight","BloodAndWine+1","StarOfDavid+1","RedNightlessCastle+1","MastersStateliness+1","Slay_Living+1","MastersStateliness+1","MastersStateliness+1","ScarletMeister+1","CharismaGuard+1","DiffusionOfMisfortune+1","DemonKingCradle+1","RedRainbow+1","NightLord+1","NightDance+1","BombardNight+1","StarOfDavid+1","StarOfDavid","hubris:DuctTapeCard","Replay:Fractal Strike","BombardNight","VampireKiss","infinitespire:UltimateForm"],"relics":["ScarletHat","Juzu Bracelet","halation:PromiseList","Replay:Wax Seal","Replay:Grab Bag","energizedSpire:HugeHouse","energizedSpire:DeadBattery","halation:HeavySnake","Gungnir","reliquary:Spinner","reliquary:TuningFork","Letter Opener","aspiration:RitualStick","Quantum Egg","infinitespire:EvilPickle","Empty Cage","Smiling Mask","SacredBark","Membership Card","conspire:GiftBox","hubris:EmptyBottle","MawBank","conspire:DeflatedDodgeball","halation:BottledLove","halation:PrussianBluePaint","hubris:Backtick","Golden Egg","infinitespire:ShieldingShard","reliquary:PrincelyHelmet","halation:Toothbrush","Replay:Bottled Steam","Vajra","MealTicket","hubris:DuctTape","energizedSpire:OgreHead","hubris:BottledHeart","aspiration:FrozenJewel","aspiration:SeaSaltIceCream","Golden Egg"],"acts_visited":["Exordium","TheCity","TheBeyond","Exordium","TheCity"],"potions_floor_usage":[28,28,28,33,47,47,50,50,57,59,59,59,59,59,67,67,74],"damage_taken":[{"damage":0.0,"enemies":"Cultist","floor":1.0,"turns":4.0},{"damage":0.0,"enemies":"2 Louse","floor":4.0,"turns":4.0},{"damage":4.0,"enemies":"Jaw Worm","floor":5.0,"turns":4.0},{"damage":37.0,"enemies":"3 Sentries","floor":6.0,"turns":9.0},{"damage":0.0,"enemies":"2 Fungi Beasts","floor":7.0,"turns":4.0},{"damage":0.0,"enemies":"Blue Slaver","floor":8.0,"turns":5.0},{"damage":16.0,"enemies":"conspire:2 RoseBushes","floor":12.0,"turns":5.0},{"damage":0.0,"enemies":"Looter","floor":14.0,"turns":4.0},{"damage":47.0,"enemies":"Hexaghost","floor":16.0,"turns":10.0},{"damage":2.0,"enemies":"conspire:FuzzyDice","floor":18.0,"turns":4.0},{"damage":6.0,"enemies":"Chosen","floor":22.0,"turns":3.0},{"damage":11.0,"enemies":"Snake Plant","floor":23.0,"turns":4.0},{"damage":12,"enemies":"Nightmare","floor":28,"turns":1},{"damage":9,"enemies":"Pondfish","floor":33,"turns":8},{"damage":8,"enemies":"Orb Walker","floor":35,"turns":3},{"damage":6,"enemies":"3 Darklings","floor":37,"turns":5},{"damage":0,"enemies":"Giant Head","floor":44,"turns":6},{"damage":14,"enemies":"Nemesis","floor":47,"turns":5},{"damage":0,"enemies":"Jaw Worm Horde","floor":48,"turns":3},{"damage":21,"enemies":"bossMod:newAwakened","floor":50,"turns":9},{"damage":0,"enemies":"Cultist","floor":52,"turns":1},{"damage":11,"enemies":"3 Sentries","floor":54,"turns":2},{"damage":0,"enemies":"conspire:RoseBush","floor":55,"turns":1},{"damage":0,"enemies":"Replay:BlueRogue","floor":57,"turns":2},{"damage":92,"enemies":"Nightmare","floor":59,"turns":6},{"damage":0,"enemies":"2 Louse","floor":63,"turns":2},{"damage":0,"enemies":"Hexaghost","floor":67,"turns":3},{"damage":7,"enemies":"conspire:FuzzyDice","floor":69,"turns":4},{"damage":0,"enemies":"2 Thieves","floor":70,"turns":2},{"damage":0,"enemies":"conspire:SneckoGhost","floor":74,"turns":1}],"seed_played":"-322333844102071483","potions_obtained":[{"floor":6.0,"key":"BlessingOfTheForge"},{"floor":7.0,"key":"blueLaboratory:Moonshine"},{"floor":8.0,"key":"ColorlessPotion"},{"floor":16.0,"key":"Adrenaline Potion"},{"floor":20.0,"key":"Regen Potion"},{"floor":20.0,"key":"Death Potion"},{"floor":28,"key":"SneckoOil"},{"floor":33,"key":"LifebloodPotion"},{"floor":35,"key":"Weak Potion"},{"floor":50,"key":"EssenceOfSteel"},{"floor":52,"key":"Toxic Potion"},{"floor":57,"key":"SpeedPotion"},{"floor":59,"key":"blueLaboratory:RememoryPotion"},{"floor":64,"key":"Death Potion"},{"floor":64,"key":"SkillPotion"},{"floor":67,"key":"blueLaboratory:ForbiddenFruitJuice"},{"floor":74,"key":"blueLaboratory:BottleOfRum"}],"is_trial":false,"path_per_floor":["M","$","?","M","M","E","M","M","T","?","?","M","$","M","R","B",null,"M","$","?","?","M","M","$","R","T","T","NM","R","?","?","R","B",null,"M","AVR","M","?","$","R","?","?","T","E","R","T","E","M","R","B",null,"M","?","?","M","?","E","R","NM","T","R","T","M","?","AVR","R","B",null,"M","M","?","?","AVR","E","?"],"character_chosen":"REMILIA","items_purchased":["BloodAndWine","Replay:Wax Seal","Gungnir","MastersStateliness","Membership Card","conspire:GiftBox","hubris:EmptyBottle"],"campfire_rested":4,"item_purchase_floors":[13,13,19,19,39,39,39],"current_hp_per_floor":[75,75,75,75,72,39,39,41,41,41,41,27,27,27,49,8,70,70,70,70,70,64,57,57,57,57,57,45,45,31,31,52,46,70,63,63,63,63,63,63,63,63,63,70,70,70,60,60,60,65,70,70,70,59,59,59,59,59,12,12,33,33,33,5,8,29,35,73,66,68,1,1,1,1,0,0],"gold":1662,"neow_bonus":"UPGRADE_CARD","is_daily":false,"chose_seed":false,"campfire_upgraded":6,"win_rate":0.0,"timestamp":1613501089,"path_taken":["M","?","?","?","M","E","M","M","T","?","?","M","?","M","R","BOSS","M","$","?","?","M","M","?","R","T","?","NM","R","?","?","R","BOSS","M","AVR","M","?","$","R","?","?","T","E","R","?","E","M","R","BOSS","M","?","?","M","?","E","R","NM","T","R","?","M","?","AVR","R","BOSS","M","M","?","?","AVR","E","?"],"items_purchased_type":["Card","Relic","Relic","Card","Relic","Relic","Relic"],"build_version":"2020-12-22","purchased_purges":2,"victory":false,"max_hp_per_floor":[75,75,75,75,75,75,75,75,75,75,75,75,75,75,75,75,70,70,70,70,70,70,70,70,70,70,70,70,70,70,70,70,70,70,70,70,70,70,70,70,70,70,70,70,70,70,70,70,70,70,70,70,70,70,70,70,70,70,70,70,70,70,70,70,73,73,73,73,73,73,1,1,1,1,1,1],"card_choices":[{"not_picked":["EndlessAdversity","ScarletDevil"],"picked":"ReincarnationDial","floor":1.0},{"not_picked":["BloodHunter","UnstableMagic"],"picked":"Ultimatum","floor":4.0},{"not_picked":["Stigmanizer","CharismaGuard"],"picked":"BombardNight","floor":5.0},{"not_picked":["MiserableFate","FavorOfDestiny"],"picked":"ScarletDevil","floor":6.0},{"not_picked":["BloodHunter","BloodyMagicSquare"],"picked":"TwelveNightmare","floor":6.0},{"not_picked":["CharismaGuard","BombardNight"],"picked":"DiffusionOfMisfortune","floor":7.0},{"not_picked":["ScarletDevil","RedMagic"],"picked":"HunterOfTheNight","floor":8.0},{"not_picked":["BloodyMagicSquare","HellCatastrophe"],"picked":"ScarletImprint","floor":12.0},{"not_picked":["UnderTheZenith","BlasphemousPunishment"],"picked":"StarOfDavid","floor":14.0},{"not_picked":["CurseOfVladTepes","HeartBreak"],"picked":"ScarletMeister","floor":16.0},{"not_picked":["StarOfDavid","EndlessAdversity"],"picked":"UnstableMagic","floor":18.0},{"not_picked":["BlasphemousPunishment","ScarletDevil+1"],"picked":"MastersStateliness","floor":22.0},{"not_picked":["EndlessAdversity+1","BombardNight"],"picked":"MastersStateliness","floor":23.0},{"not_picked":["BloodyTrap","ForbiddenFruit","EmergencyRegeneration"],"picked":"SKIP","floor":28},{"not_picked":["HellCatastrophe","TransientEternity"],"picked":"ScarletMeister","floor":33},{"not_picked":["SuperhumanBloodyKnife+1","ScarletSymphony"],"picked":"CharismaGuard+1","floor":35},{"not_picked":["EmergencyRegeneration+1","UnstableMagic+1"],"picked":"DiffusionOfMisfortune+1","floor":37},{"not_picked":["CurseOfVladTepes","ForecastOfChange"],"picked":"DemonKingCradle","floor":39},{"not_picked":["MastersStateliness+1","ScarletNetherworld"],"picked":"RedRainbow","floor":44},{"not_picked":["LeisurelyOfLord","ScarletMeister"],"picked":"NightLord","floor":47},{"not_picked":["RedMagic","Stigmanizer","ScarletImprint+1"],"picked":"SKIP","floor":47},{"not_picked":["BloodHunter+1","ScarletDevil+1"],"picked":"NightDance","floor":48},{"not_picked":["BlasphemousPunishment","ScarletImprint","RedRainbow"],"picked":"SKIP","floor":52},{"not_picked":["MiserableFate","ForbiddenFruit"],"picked":"BombardNight","floor":54},{"not_picked":["SuperhumanBloodyKnife","ScarletImprint"],"picked":"StarOfDavid","floor":55},{"not_picked":["ChainGang","DevilSight","BadLadyScramble"],"picked":"SKIP","floor":57},{"not_picked":["VampireFantasy","UnderTheZenith"],"picked":"StarOfDavid","floor":59},{"not_picked":["Septette","UnderTheZenith"],"picked":"MillenniumVampire","floor":63},{"not_picked":["ReplayTheSpireMod:Haul","infinitespire:FinalStrike"],"picked":"Replay:Fractal Strike","floor":68},{"not_picked":["NightDance","GlobalNightmare"],"picked":"BombardNight","floor":69},{"not_picked":["VampireSweep","UnstableMagic"],"picked":"VampireKiss","floor":70},{"not_picked":["ScarletGensokyo+1","ScarletDream","CharismaGuard+1"],"picked":"SKIP","floor":74}],"player_experience":460504,"relics_obtained":[{"floor":6.0,"key":"Juzu Bracelet"},{"floor":9.0,"key":"halation:PromiseList"},{"floor":26,"key":"reliquary:Spinner"},{"floor":27,"key":"reliquary:TuningFork"},{"floor":28,"key":"Letter Opener"},{"floor":43,"key":"MawBank"},{"floor":44,"key":"conspire:DeflatedDodgeball"},{"floor":46,"key":"halation:BottledLove"},{"floor":47,"key":"halation:PrussianBluePaint"},{"floor":54,"key":"infinitespire:ShieldingShard"},{"floor":57,"key":"reliquary:PrincelyHelmet"},{"floor":59,"key":"halation:Toothbrush"},{"floor":60,"key":"Replay:Bottled Steam"},{"floor":62,"key":"Vajra"},{"floor":64,"key":"MealTicket"},{"floor":74,"key":"aspiration:SeaSaltIceCream"}],"event_choices":[{"damage_healed":0.0,"max_hp_gain":0.0,"max_hp_loss":0.0,"gold_gain":0.0,"event_name":"conspire:Investor","player_choice":"Leave","floor":11.0,"gold_loss":0.0,"damage_taken":0.0},{"damage_healed":0.0,"max_hp_gain":0.0,"max_hp_loss":0.0,"gold_gain":0.0,"event_name":"Lab","player_choice":"Got Potions","floor":20.0,"gold_loss":0.0,"damage_taken":0.0},{"cards_removed":["Ultimatum"],"damage_healed":0.0,"max_hp_gain":0.0,"max_hp_loss":0.0,"gold_gain":0.0,"event_name":"betterNote:BetterNote","player_choice":"Take \u0026 Give","floor":21.0,"gold_loss":0.0,"damage_taken":0.0,"cards_obtained":["Slay_Living"]},{"damage_healed":0,"gold_gain":0,"player_choice":"Ignored","damage_taken":0,"max_hp_gain":0,"max_hp_loss":0,"event_name":"Tomb of Lord Red Mask","floor":38,"gold_loss":0},{"damage_healed":0,"gold_gain":0,"player_choice":"Bought 0 Potions","damage_taken":0,"max_hp_gain":0,"max_hp_loss":0,"event_name":"The Woman in Blue","floor":41,"gold_loss":0},{"damage_healed":0,"gold_gain":0,"player_choice":"Ignored","damage_taken":0,"max_hp_gain":0,"max_hp_loss":0,"event_name":"Purifier","floor":42,"gold_loss":0},{"damage_healed":0,"gold_gain":100,"player_choice":"Pray","damage_taken":0,"max_hp_gain":0,"max_hp_loss":0,"event_name":"Golden Shrine","floor":53,"gold_loss":0},{"damage_healed":0,"gold_gain":30,"player_choice":"Searched \u00272\u0027 times","damage_taken":0,"max_hp_gain":0,"max_hp_loss":0,"event_name":"Dead Adventurer","floor":54,"gold_loss":0},{"damage_healed":0,"gold_gain":0,"player_choice":"Ignored","damage_taken":0,"max_hp_gain":0,"max_hp_loss":0,"event_name":"Transmorgrifier","floor":72,"gold_loss":0},{"damage_healed":0,"gold_gain":0,"player_choice":"Punched","damage_taken":3,"max_hp_gain":0,"max_hp_loss":0,"event_name":"Designer","floor":75,"gold_loss":0}],"is_beta":false,"boss_relics":[{"not_picked":["Abe\u0027s Treasure","aspiration:PoetsPen_weak"],"picked":"Replay:Grab Bag"},{"not_picked":["energizedSpire:NeverEndingSparkler","reliquary:KinkedSpring"],"picked":"energizedSpire:HugeHouse"},{"not_picked":["energizedSpire:RedRose","energizedSpire:EnergizedDie"],"picked":"energizedSpire:DeadBattery"},{"not_picked":["aspiration:RitualDagger","Replay:Drink Me"],"picked":"halation:HeavySnake"},{"not_picked":["Kintsugi","hubris:Stopwatch"],"picked":"Empty Cage"},{"not_picked":["hubris:GrandSneckoEye","conspire:RoyalGoblet"],"picked":"hubris:Backtick"},{"not_picked":["Velvet Choker","Cursed Key"],"picked":"energizedSpire:OgreHead"}],"items_purged_floors":[39,65],"is_endless":true,"potions_floor_spawned":[6,7,8,16,28,33,35,50,52,57,59,67,74],"ascension_level":0}}