{"host":"opdum64sdiqzxm7l","time":1613485891,"event":{"mods":["Act Like it!","Aspiration","BaseMod","Conspire","Friendly Minions","Jedi Mod","Kiyohime£®«Âºß£©","Minty Spire (QoL Compilation)","MostiFishMod","Pale of the Ancients","Reliquary","Replay The Spire","StSLib","The Marked","Waifu the Spire","Yuri Mod","°æπ¶ƒ‹Mod°øªÏ„Á÷Æª∑–ﬁ∏¥≤π∂°","°æ“≈ŒÔø®≈∆°øREMEMod"],"gold_per_floor":[115,115,136,159,7,7,51,92,92,115,115,159,13,33,33,156,156,179,94,94,94,109,149,149,169,192,205,255,255,271,121,121,251,251,276,128,149,169,169,169,209,209,255,255,255,191,234,234,234,258,326,326,344,362,362,73,73,107,107,107,107,107],"floor_reached":63,"language":"ZHS","playtime":2569,"items_purged":["KiyohimeMod:FlameKiss"],"score":1494,"play_id":"c6c81b47-7f84-42d1-a698-f8be97a37f31","local_time":"20210216223131","is_ascension_mode":false,"campfire_choices":[{"data":"MostiFishMod:Dust","floor":6,"key":"SMITH"},{"data":"KiyohimeMod:PrismaCosmos","floor":11,"key":"SMITH"},{"data":"KiyohimeMod:Servant_TamamoNoMae","floor":15,"key":"SMITH"},{"data":"KiyohimeMod:FacelessMoon","floor":24,"key":"SMITH"},{"data":"KiyohimeMod:Destruction","floor":29,"key":"SMITH"},{"floor":32,"key":"REST"},{"data":"KiyohimeMod:Servant_TamamoNoMae","floor":40,"key":"SMITH"},{"data":"Madness","floor":48,"key":"SMITH"},{"data":"KiyohimeMod:CommandCard_Quick","floor":57,"key":"SMITH"},{"data":"KiyohimeMod:HeroCreation","floor":59,"key":"SMITH"}],"circlet_count":0,"master_deck":["KiyohimeMod:Strike","KiyohimeMod:Strike","KiyohimeMod:Strike","KiyohimeMod:Strike","KiyohimeMod:Defend","KiyohimeMod:Defend","KiyohimeMod:Defend+1","KiyohimeMod:Defend","KiyohimeMod:Track+1","KiyohimeMod:Shapeshift","MostiFishMod:Dust+1","KiyohimeMod:Preemptive","KiyohimeMod:RealityMarble","KiyohimeMod:HotSpringOfTheMoon","KiyohimeMod:RedBlackKey","KiyohimeMod:Berserker","KiyohimeMod:Destruction+1","KiyohimeMod:Projection","KiyohimeMod:CommandCard_Quick","KiyohimeMod:EatSoul","KiyohimeMod:PrismaCosmos+1","KiyohimeMod:FormalCraft+1","KiyohimeMod:Servant_TamamoNoMae+1","KiyohimeMod:SteelTraining","KiyohimeMod:FacelessMoon+1","KiyohimeMod:SteelTraining","Necronomicurse","KiyohimeMod:CommandCard_Arts","KiyohimeMod:ImaginaryAround+1","KiyohimeMod:CommandCard_Quick+1","KiyohimeMod:Servant_TamamoNoMae+1","KiyohimeMod:AndSoTheShipConquers+1","Madness","Madness+1","MostiFishMod:PerfectForm+1","KiyohimeMod:FormalCraft+1","KiyohimeMod:DivineConstruct+1","KiyohimeMod:CastleOfTheSun+1","KiyohimeMod:HeroCreation+1"],"relics":["KiyohimeMod:FireDragon","REME_ComplimentaryCards","DaveBox","NeowsBlessing","ShadowXiaoBlade","Golden Idol","Orrery","Replay:Ringing Soul","Oddly Smooth Stone","Frozen Egg 2","Blue Candle","RhineSuit","War Paint","Necronomicon","Bottled Flame","aspiration:Lifesprig","HandDrill","Replay:Grab Bag","Philosopher\u0027s Stone","Velvet Choker","KiyohimeMod:Necromancy","Toy Ornithopter","Ancient Tea Set","CeramicFish","REME_PuzzleBoxRelic","aspiration:RitualDagger","paleoftheancients:Timepiece","paleoftheancients:KeyRelic","Gremlin Horn","CultistMask","paleoftheancients:SoulOfTheShapes","conspire:GiftBox","Shuriken"],"acts_visited":["Exordium","TheCity","TheBeyond","paleoftheancients:PaleOfTheAncients"],"potions_floor_usage":[16,16,50,53,62,62],"damage_taken":[{"damage":0,"enemies":"2 Louse","floor":1,"turns":1},{"damage":0,"enemies":"Small Slimes","floor":3,"turns":2},{"damage":0,"enemies":"Cultist","floor":4,"turns":1},{"damage":8,"enemies":"3 Sentries","floor":7,"turns":3},{"damage":22,"enemies":"conspire:MimicChest","floor":8,"turns":3},{"damage":9,"enemies":"Red Slaver","floor":10,"turns":3},{"damage":10,"enemies":"Gremlin Nob","floor":12,"turns":3},{"damage":5,"enemies":"Large Slime","floor":14,"turns":5},{"damage":7,"enemies":"Fading Forest","floor":16,"turns":9},{"damage":22,"enemies":"3 Byrds","floor":18,"turns":5},{"damage":8,"enemies":"Shell Parasite","floor":22,"turns":3},{"damage":15,"enemies":"Slavers","floor":23,"turns":5},{"damage":0,"enemies":"3 Cultists","floor":25,"turns":1},{"damage":12,"enemies":"Centurion and Healer","floor":27,"turns":2},{"damage":10,"enemies":"Cultist and Chosen","floor":30,"turns":3},{"damage":18,"enemies":"conspire:MysteriousRune","floor":33,"turns":5},{"damage":0,"enemies":"Orb Walker","floor":35,"turns":1},{"damage":0,"enemies":"3 Shapes","floor":37,"turns":1},{"damage":0,"enemies":"Spire Growth","floor":38,"turns":4},{"damage":0,"enemies":"R_Hoarder","floor":41,"turns":4},{"damage":22,"enemies":"Reptomancer","floor":47,"turns":4},{"damage":3,"enemies":"Sphere and 2 Shapes","floor":50,"turns":1},{"damage":81,"enemies":"Donu and Deca","floor":52,"turns":5},{"damage":74,"enemies":"Donu and Deca","floor":53,"turns":5},{"damage":31,"enemies":"Donu and Deca","floor":54,"turns":4},{"damage":48,"enemies":"Donu and Deca","floor":58,"turns":7},{"damage":58,"enemies":"paleoftheancients:N","floor":62,"turns":7}],"seed_played":"-7257355576495545276","potions_obtained":[{"floor":3,"key":"Strength Potion"},{"floor":8,"key":"LiquidMemories"},{"floor":10,"key":"PowerPotion"},{"floor":12,"key":"AttackPotion"},{"floor":27,"key":"GamblersBrew"},{"floor":30,"key":"Elixir"},{"floor":33,"key":"jedi:wingpotion"},{"floor":50,"key":"REME_GoldPotion"},{"floor":54,"key":"LiquidBronze"},{"floor":58,"key":"LifebloodPotion"}],"is_trial":false,"path_per_floor":["M","?","M","M","$","R","E","?","T","M","R","E","$","M","R","B",null,"M","?","$","?","M","E","R","M","T","M","?","R","M","$","R","B",null,"M","$","M","M","?","R","E","?","T","PTL","PTL","$","E","R","?","M","R","B","M","M","?","$","R","M","R","T","?","B",null],"character_chosen":"Kiyohime","items_purchased":["Orrery","KiyohimeMod:Servant_TamamoNoMae","HandDrill","Toy Ornithopter","KiyohimeMod:FormalCraft+1","conspire:GiftBox"],"campfire_rested":1,"item_purchase_floors":[5,13,31,36,46,56],"current_hp_per_floor":[60,56,56,56,56,56,51,32,32,26,26,16,19,23,23,25,74,61,61,61,48,40,34,34,34,34,25,25,25,24,24,50,35,92,95,95,95,95,86,86,92,95,95,95,95,98,85,85,81,81,81,81,48,54,54,57,57,53,53,53,53,49],"gold":107,"neow_bonus":"THREE_ENEMY_KILL","is_daily":false,"chose_seed":false,"campfire_upgraded":9,"win_rate":0.0,"timestamp":1613485891,"path_taken":["M","?","M","M","$","R","E","?","T","M","R","E","$","?","R","BOSS","M","?","$","?","M","E","R","M","T","M","?","R","?","?","R","BOSS","M","$","M","M","?","R","E","?","T","PTL","PTL","$","E","R","?","M","R","BOSS","M","M","?","$","R","M","R","T","?","BOSS"],"items_purchased_type":["Relic","Card","Relic","Relic","Card","Relic"],"build_version":"2020-12-22","purchased_purges":1,"victory":true,"max_hp_per_floor":[60,56,56,56,56,56,59,62,62,65,65,65,68,71,71,74,74,77,77,77,80,80,83,83,83,83,86,86,86,89,89,89,92,92,95,95,95,95,98,98,98,101,101,101,101,104,107,107,81,81,81,81,81,81,81,84,84,87,87,87,87,87],"card_choices":[{"not_picked":["KiyohimeMod:EatSoul","KiyohimeMod:GreenBlackKey"],"picked":"KiyohimeMod:Preemptive","floor":1},{"not_picked":["KiyohimeMod:ImaginaryAround","KiyohimeMod:ExSpicyMapoTofu"],"picked":"KiyohimeMod:RealityMarble","floor":3},{"not_picked":["KiyohimeMod:EatSoul","KiyohimeMod:Berserker"],"picked":"KiyohimeMod:HotSpringOfTheMoon","floor":4},{"not_picked":["KiyohimeMod:SteelTraining","KiyohimeMod:Grimoire"],"picked":"KiyohimeMod:RedBlackKey","floor":5},{"not_picked":["KiyohimeMod:SteelTraining","KiyohimeMod:Preemptive"],"picked":"KiyohimeMod:Berserker","floor":5},{"not_picked":["KiyohimeMod:WaterTurn","KiyohimeMod:BlueBlackKey"],"picked":"KiyohimeMod:Destruction","floor":5},{"not_picked":["KiyohimeMod:RedBlackKey","KiyohimeMod:LimitedZeroOver"],"picked":"KiyohimeMod:Projection","floor":5},{"not_picked":["KiyohimeMod:ExSpicyMapoTofu","KiyohimeMod:FormalCraft"],"picked":"KiyohimeMod:CommandCard_Quick","floor":5},{"not_picked":["KiyohimeMod:AndSoTheShipConquers","KiyohimeMod:Preemptive"],"picked":"KiyohimeMod:EatSoul","floor":7},{"not_picked":["KiyohimeMod:EatSoul","KiyohimeMod:Preemptive"],"picked":"KiyohimeMod:PrismaCosmos","floor":8},{"not_picked":["KiyohimeMod:Grimoire","KiyohimeMod:FirstPremonition"],"picked":"KiyohimeMod:FormalCraft+1","floor":10},{"not_picked":["KiyohimeMod:GreenBlackKey","KiyohimeMod:WaterTurn","KiyohimeMod:PrismaCosmos+1"],"picked":"SKIP","floor":12},{"not_picked":["KiyohimeMod:Preemptive","KiyohimeMod:CommandCard_Buster"],"picked":"KiyohimeMod:SteelTraining","floor":14},{"not_picked":["KiyohimeMod:MagicCrystal","KiyohimeMod:CastleOfTheSun+1"],"picked":"KiyohimeMod:FacelessMoon","floor":16},{"not_picked":["KiyohimeMod:BeastOfBillows","KiyohimeMod:GreenBlackKey"],"picked":"KiyohimeMod:SteelTraining","floor":18},{"not_picked":["KiyohimeMod:WaterTurn","KiyohimeMod:RedBlackKey","KiyohimeMod:Berserker+1"],"picked":"SKIP","floor":22},{"not_picked":["KiyohimeMod:HydraDagger","KiyohimeMod:DragonVein"],"picked":"KiyohimeMod:CommandCard_Arts","floor":23},{"not_picked":["KiyohimeMod:AgainstMagic","KiyohimeMod:RedBlackKey","KiyohimeMod:BlueBlackKey+1"],"picked":"SKIP","floor":25},{"not_picked":["KiyohimeMod:DivineConstruct","KiyohimeMod:MagicCrystal"],"picked":"KiyohimeMod:ImaginaryAround+1","floor":27},{"not_picked":["KiyohimeMod:DragonVein","KiyohimeMod:BlueBlackKey"],"picked":"KiyohimeMod:CommandCard_Quick","floor":30},{"not_picked":["KiyohimeMod:ImaginaryNumberMagecraft","KiyohimeMod:GoldenCarpFigure"],"picked":"KiyohimeMod:Servant_TamamoNoMae","floor":33},{"not_picked":["KiyohimeMod:Projection","KiyohimeMod:SteelTraining"],"picked":"KiyohimeMod:AndSoTheShipConquers+1","floor":35},{"not_picked":["KiyohimeMod:WaterTurn","KiyohimeMod:Berserker+1","KiyohimeMod:Grimoire+1"],"picked":"SKIP","floor":37},{"not_picked":["KiyohimeMod:ExSpicyMapoTofu+1","KiyohimeMod:WaterTurn+1","KiyohimeMod:Fragarach"],"picked":"SKIP","floor":38},{"not_picked":["KiyohimeMod:AndSoTheShipConquers","KiyohimeMod:Preemptive+1","KiyohimeMod:FacelessMoon"],"picked":"SKIP","floor":41},{"not_picked":["Blind","MostiFishMod:TheLastGuard"],"picked":"MostiFishMod:PerfectForm+1","floor":42},{"not_picked":["KiyohimeMod:Fragarach","KiyohimeMod:AndSoTheShipConquers"],"picked":"KiyohimeMod:DivineConstruct+1","floor":47},{"not_picked":["KiyohimeMod:GreenBlackKey+1","KiyohimeMod:Preemptive+1","KiyohimeMod:ExSpicyMapoTofu"],"picked":"SKIP","floor":50},{"not_picked":["KiyohimeMod:AndSoTheShipConquers","KiyohimeMod:SteelTraining","KiyohimeMod:BlueBlackKey"],"picked":"SKIP","floor":53},{"not_picked":["KiyohimeMod:GreenBlackKey","KiyohimeMod:Preemptive","KiyohimeMod:DragonVein"],"picked":"SKIP","floor":54},{"not_picked":["KiyohimeMod:PrismaCosmos+1","KiyohimeMod:Destruction"],"picked":"KiyohimeMod:CastleOfTheSun+1","floor":56},{"not_picked":["KiyohimeMod:ImaginaryAround+1","KiyohimeMod:Tenacious+1"],"picked":"KiyohimeMod:HeroCreation","floor":58}],"player_experience":2533,"relics_obtained":[{"floor":7,"key":"Replay:Ringing Soul"},{"floor":8,"key":"Oddly Smooth Stone"},{"floor":9,"key":"Frozen Egg 2"},{"floor":12,"key":"Blue Candle"},{"floor":21,"key":"Necronomicon"},{"floor":23,"key":"Bottled Flame"},{"floor":26,"key":"aspiration:Lifesprig"},{"floor":41,"key":"Ancient Tea Set"},{"floor":43,"key":"CeramicFish"},{"floor":47,"key":"REME_PuzzleBoxRelic"},{"floor":54,"key":"paleoftheancients:SoulOfTheShapes"},{"floor":58,"key":"paleoftheancients:SoulOfTheVixen"},{"floor":60,"key":"Shuriken"}],"event_choices":[{"damage_healed":0,"gold_gain":0,"player_choice":"Lose Max HP","damage_taken":0,"relics_obtained":["Golden Idol"],"max_hp_gain":0,"max_hp_loss":4,"event_name":"Golden Idol","floor":2,"gold_loss":0},{"damage_healed":0,"gold_gain":0,"player_choice":"Obtained Relic","damage_taken":0,"relics_obtained":["War Paint"],"max_hp_gain":0,"max_hp_loss":0,"event_name":"Addict","floor":19,"gold_loss":85},{"damage_healed":0,"gold_gain":0,"player_choice":"Obtained Book","damage_taken":16,"max_hp_gain":0,"max_hp_loss":0,"event_name":"Cursed Tome","floor":21,"gold_loss":0},{"damage_healed":0,"gold_gain":100,"player_choice":"Bet on Murderer","damage_taken":0,"max_hp_gain":0,"max_hp_loss":0,"event_name":"The Joust","floor":28,"gold_loss":50},{"damage_healed":0,"gold_gain":0,"player_choice":"Embrace Madness","damage_taken":12,"max_hp_gain":0,"max_hp_loss":0,"event_name":"Winding Halls","floor":39,"gold_loss":0,"cards_obtained":["Madness","Madness"]},{"damage_healed":0,"gold_gain":0,"player_choice":"Memory 1","damage_taken":0,"max_hp_gain":0,"max_hp_loss":0,"event_name":"SensoryStone","floor":42,"gold_loss":0},{"damage_healed":0,"gold_gain":0,"player_choice":"Leave","damage_taken":0,"max_hp_gain":0,"max_hp_loss":0,"event_name":"conspire:Investor","floor":55,"gold_loss":0}],"is_beta":false,"boss_relics":[{"not_picked":["aspiration:DefectSkillbook","conspire:SeveredTorchhead"],"picked":"RhineSuit"},{"not_picked":["Empty Cage","jedi:hotpepper"],"picked":"Replay:Grab Bag"},{"not_picked":["SlaversCollar","ChewingGum"],"picked":"Philosopher\u0027s Stone"},{"not_picked":["Coffee Dripper","Sozu"],"picked":"Velvet Choker"},{"not_picked":["aspiration:SilentSkillbook","FixedStarFall"],"picked":"KiyohimeMod:Necromancy"}],"items_purged_floors":[13],"is_endless":false,"potions_floor_spawned":[3,8,10,12,27,30,33,35,38,50,54,58],"ascension_level":0}}