{"host":"z8galgznf6llawpn","time":1613443218,"event":{"mods":["AchievementEnabler","Act Like it!","Aspiration","BaseMod","Colored Map","Conspire","Energized Spire","Friendly Minions","Lobotomy","Menagerie","Minty Spire (QoL Compilation)","Permanent Neow","Relic Sorter","Replay The Spire","StSLib","The Blue Laboratory","Unceasing Turn Reminder"],"gold_per_floor":[113,113,124,138,157,183,183,213,213,232,243,318,318,337,337,436,436,454,464,475,490,490,490],"floor_reached":22,"language":"ENG","playtime":1599,"items_purged":[],"score":237,"play_id":"4edf1fdf-c8a5-406e-b3ca-a30b3aa1d2be","local_time":"20210215214018","is_ascension_mode":true,"campfire_choices":[{"floor":7,"key":"REST"}],"circlet_count":0,"master_deck":["Strike_R","Strike_R","Strike_R","Strike_R","Strike_R","Defend_R","Defend_R","Defend_R","Bash","Scarecrow","Havoc+1","OSAHOGD","Cleave+1","Bloodbath","Spot Weakness","FairyFestival","Anger","OldLady","Whirlwind","Alriune","Laetitia","Double Tap","ShyLook","Ghostly Armor","SnowQueen","QueenBee","Reaper","HappyTeddy","Thunderclap","MeltingLove","BigBird","Power Through","Rudolta","Headbutt"],"relics":["Burning Blood","CogitoBucket","ReplayTheSpireMod:TigerMarble","Pondfish Scales","Omamori","LuminousBracelet","Abe\u0027s Treasure","AspirationHeart"],"acts_visited":["Exordium","TheCity"],"potions_floor_usage":[6],"damage_taken":[{"damage":1,"enemies":"Cultist","floor":1,"turns":4},{"damage":1,"enemies":"2 Louse","floor":3,"turns":4},{"damage":3,"enemies":"Small Slimes","floor":4,"turns":2},{"damage":11,"enemies":"Blue Slaver","floor":5,"turns":4},{"damage":69,"enemies":"Lagavulin","floor":6,"turns":7},{"damage":31,"enemies":"3 Sentries","floor":8,"turns":4},{"damage":14,"enemies":"3 Louse","floor":10,"turns":2},{"damage":0,"enemies":"Lots of Slimes","floor":11,"turns":2},{"damage":14,"enemies":"Large Slime","floor":14,"turns":4},{"damage":140,"enemies":"Hexaghost","floor":16,"turns":16},{"damage":16,"enemies":"3 Byrds","floor":18,"turns":5},{"damage":61,"enemies":"2 Thieves","floor":19,"turns":7},{"damage":14,"enemies":"Chosen and Byrds","floor":20,"turns":5},{"damage":38,"enemies":"3 Cultists","floor":21,"turns":7},{"damage":27,"enemies":"Centurion and Healer","floor":22,"turns":12}],"seed_played":"6171811955775893991","potions_obtained":[{"floor":1,"key":"PowerPotion"},{"floor":3,"key":"Reflective Coating"},{"floor":10,"key":"blueLaboratory:NullPotion"},{"floor":18,"key":"blueLaboratory:BottleOfVodka"}],"is_trial":false,"path_per_floor":["M","?","M","M","M","E","R","E","T","M","M","?","?","M","R_BF","B",null,"M","M","M","M","M"],"character_chosen":"IRONCLAD","items_purchased":[],"campfire_rested":1,"item_purchase_floors":[],"current_hp_per_floor":[80,80,80,80,76,24,48,24,24,31,37,26,26,19,47,47,95,95,88,102,103,72,72],"gold":490,"neow_bonus":"","is_daily":false,"chose_seed":false,"campfire_upgraded":0,"win_rate":0.0,"timestamp":1613443218,"path_taken":["M","?","M","M","M","E","R","E","T","?","?","?","?","M","R_BF","BOSS","M","M","M","M","M"],"items_purchased_type":[],"build_version":"2020-12-22","purchased_purges":0,"victory":false,"max_hp_per_floor":[80,80,80,80,80,80,80,80,80,95,95,95,95,95,95,95,95,95,105,105,105,95,95],"card_choices":[{"not_picked":["PunishingBird","WallGazer","MHz"],"picked":"Singing Bowl","floor":1},{"not_picked":["MeatLantern","BeautyBeast"],"picked":"Scarecrow","floor":1},{"not_picked":["Replay:Undeath\u0027s Touch","Shockwave"],"picked":"Havoc","floor":1},{"not_picked":["MHz","Bloodbath"],"picked":"OSAHOGD","floor":3},{"not_picked":["Dark Embrace","Havoc"],"picked":"Cleave","floor":3},{"not_picked":["Murderer","Freischutz"],"picked":"Bloodbath","floor":4},{"not_picked":["ReplayTheSpireMod:LeadingStrike","Massacre"],"picked":"Spot Weakness","floor":4},{"not_picked":["Murderer","Woodsman"],"picked":"FairyFestival","floor":5},{"not_picked":["Uppercut","Run Through"],"picked":"Anger","floor":5},{"not_picked":["Wellcheers","WallGazer"],"picked":"OldLady","floor":6},{"not_picked":["Clash","Heavy Blade"],"picked":"Whirlwind","floor":6},{"not_picked":["MeatLantern","SpiderBud","Wellcheers"],"picked":"Singing Bowl","floor":8},{"not_picked":["PunishingBird","BeautyBeast"],"picked":"Alriune","floor":8},{"not_picked":["Clothesline","Havoc","Body Slam"],"picked":"SKIP","floor":8},{"not_picked":["CrumblingArmor","GreedKing"],"picked":"Laetitia","floor":10},{"not_picked":["Body Slam","Clash"],"picked":"Double Tap","floor":10},{"not_picked":["MHz","SpiderBud","CrumblingArmor"],"picked":"Singing Bowl","floor":11},{"not_picked":["CherryBlossoms","Freischutz"],"picked":"ShyLook","floor":11},{"not_picked":["Heavy Blade","Carnage"],"picked":"Ghostly Armor","floor":11},{"not_picked":["Mercenary","Variant"],"picked":"SnowQueen","floor":14},{"not_picked":["Cleave","Warcry","Run Through"],"picked":"SKIP","floor":14},{"not_picked":["PunishingBird","UniverseFragment"],"picked":"QueenBee","floor":16},{"not_picked":["Corruption","Berserk"],"picked":"Reaper","floor":16},{"not_picked":["SpiderBud","LaLuna"],"picked":"HappyTeddy","floor":18},{"not_picked":["Bloodletting","Clash"],"picked":"Thunderclap","floor":18},{"not_picked":["LittlePrince","LongBird"],"picked":"MeltingLove","floor":19},{"not_picked":["Flex","ReplayTheSpireMod:Limb From Limb+1","Spot Weakness"],"picked":"SKIP","floor":19},{"not_picked":["Flex","ReplayTheSpireMod:Limb From Limb+1","Spot Weakness"],"picked":"SKIP","floor":19},{"not_picked":["LittlePrince","PunishingBird"],"picked":"BigBird","floor":20},{"not_picked":["Heavy Blade+1","Warcry"],"picked":"Power Through","floor":20},{"not_picked":["Murderer","UniverseFragment","MHz"],"picked":"Singing Bowl","floor":21},{"not_picked":["SpiderBud","CrumblingArmor"],"picked":"Rudolta","floor":21},{"not_picked":["Spot Weakness","Sentinel"],"picked":"Headbutt","floor":21}],"player_experience":414756,"relics_obtained":[{"floor":6,"key":"ReplayTheSpireMod:TigerMarble"},{"floor":8,"key":"Pondfish Scales"},{"floor":9,"key":"Omamori"}],"event_choices":[{"cards_removed":["Defend_R"],"damage_healed":0,"gold_gain":0,"player_choice":"Purged","damage_taken":0,"max_hp_gain":0,"max_hp_loss":0,"event_name":"Purifier","floor":2,"gold_loss":0},{"damage_healed":0,"gold_gain":75,"player_choice":"Gather Gold","damage_taken":11,"max_hp_gain":0,"max_hp_loss":0,"event_name":"World of Goop","floor":12,"gold_loss":0},{"damage_healed":0,"gold_gain":0,"player_choice":"Forge","damage_taken":0,"max_hp_gain":0,"max_hp_loss":0,"event_name":"Accursed Blacksmith","floor":13,"gold_loss":0,"cards_upgraded":["Havoc"]}],"is_beta":false,"boss_relics":[{"not_picked":["SlaversCollar","aspiration:SilentSkillbook"],"picked":"Abe\u0027s Treasure"}],"items_purged_floors":[],"is_endless":false,"potions_floor_spawned":[1,3,10,18,20],"killed_by":"Centurion and Healer","ascension_level":1}}