{"host":"4nv61ujg37lx5d7m","time":1613487107,"event":{"mods":["BaseMod","Minty Spire (QoL Compilation)","Quick Restart"],"gold_per_floor":[109,125,50,50,70,103,103,134,134,146,172,347,347,365,365,470,470,482,581,581,592,612,643,667,704,769,801,728,181,181,199,199,298,298,310,358,5,55,74,109,121,23,76,21,49,49,82,101,101,101,101,101,13,41,41,41],"floor_reached":55,"language":"ZHS","playtime":2969,"items_purged":["Strike_R","Doubt","Strike_R","Strike_R","Rampage"],"score":1239,"play_id":"c118ae9f-c600-4718-80ee-56ca9a011185","local_time":"20210216225147","is_ascension_mode":true,"campfire_choices":[{"data":"Apotheosis","floor":7.0,"key":"SMITH"},{"floor":13.0,"key":"RECALL"},{"data":"Carnage","floor":15.0,"key":"SMITH"},{"data":"Burning Pact","floor":30.0,"key":"SMITH"},{"floor":32.0,"key":"REST"},{"floor":49.0,"key":"DIG"},{"floor":52.0,"key":"DIG"}],"circlet_count":0,"master_deck":["Defend_R","Defend_R","Defend_R","Defend_R","Bash","Apotheosis+1","Carnage+1","Battle Trance","Anger","Burning Pact","Bloodletting","Offering","Body Slam+1","Evolve+1","Limit Break","Burning Pact","Flex","Burning Pact+1","Impervious","Pommel Strike+1","Immolate+1","Double Tap","Dark Embrace","Pummel+1","Barricade","Shockwave+1","Heavy Blade+1","Body Slam+1","Madness","Intimidate+1","Finesse","Magnetism","Offering"],"relics":["Burning Blood","Anchor","Thread and Needle","Molten Egg 2","Matryoshka","Black Star","Nloth\u0027s Gift","Mercury Hourglass","MawBank","Meat on the Bone","Nunchaku","MealTicket","Juzu Bracelet","Orichalcum","Membership Card","FossilizedHelix","Self Forming Clay","Empty Cage","Shovel","Bottled Flame","Brimstone","Regal Pillow","Ginger","Oddly Smooth Stone","Red Skull","Centennial Puzzle","Mango","Sundial","Blood Vial","Champion Belt","HornCleat","Unceasing Top","Bag of Preparation"],"acts_visited":["Exordium","TheCity","TheBeyond","TheEnding"],"potions_floor_usage":[],"damage_taken":[{"damage":2.0,"enemies":"Cultist","floor":1.0,"turns":4.0},{"damage":0.0,"enemies":"2 Louse","floor":2.0,"turns":2.0},{"damage":0.0,"enemies":"Small Slimes","floor":5.0,"turns":4.0},{"damage":26.0,"enemies":"3 Sentries","floor":6.0,"turns":8.0},{"damage":0.0,"enemies":"Lagavulin","floor":8.0,"turns":5.0},{"damage":0.0,"enemies":"2 Fungi Beasts","floor":10.0,"turns":2.0},{"damage":0.0,"enemies":"3 Sentries","floor":11.0,"turns":6.0},{"damage":3.0,"enemies":"Exordium Thugs","floor":14.0,"turns":3.0},{"damage":51.0,"enemies":"Hexaghost","floor":16.0,"turns":6.0},{"damage":6.0,"enemies":"3 Byrds","floor":18.0,"turns":3.0},{"damage":11.0,"enemies":"Shell Parasite","floor":21.0,"turns":3.0},{"damage":8.0,"enemies":"Snecko","floor":22.0,"turns":4.0},{"damage":34.0,"enemies":"Slavers","floor":23.0,"turns":6.0},{"damage":21.0,"enemies":"Snake Plant","floor":24.0,"turns":3.0},{"damage":9.0,"enemies":"3 Cultists","floor":27.0,"turns":4.0},{"damage":0.0,"enemies":"Centurion and Healer","floor":31.0,"turns":5.0},{"damage":24.0,"enemies":"Champ","floor":33.0,"turns":7.0},{"damage":8.0,"enemies":"Orb Walker","floor":35.0,"turns":2.0},{"damage":6.0,"enemies":"2 Orb Walkers","floor":36.0,"turns":3.0},{"damage":16.0,"enemies":"Mind Bloom Boss Battle","floor":38.0,"turns":4.0},{"damage":15.0,"enemies":"3 Darklings","floor":39.0,"turns":4.0},{"damage":3.0,"enemies":"Giant Head","floor":40.0,"turns":4.0},{"damage":6.0,"enemies":"Jaw Worm Horde","floor":41.0,"turns":3.0},{"damage":6.0,"enemies":"Reptomancer","floor":45.0,"turns":3.0},{"damage":23.0,"enemies":"Nemesis","floor":47.0,"turns":7.0},{"damage":18.0,"enemies":"Maw","floor":48.0,"turns":4.0},{"damage":34.0,"enemies":"Awakened One","floor":50.0,"turns":5.0},{"damage":29.0,"enemies":"Shield and Spear","floor":54.0,"turns":4.0},{"damage":87,"enemies":"The Heart","floor":55,"turns":3}],"seed_played":"-2969865588796044693","potions_obtained":[{"floor":1.0,"key":"Weak Potion"},{"floor":6.0,"key":"FearPotion"},{"floor":8.0,"key":"LiquidBronze"},{"floor":18.0,"key":"Block Potion"},{"floor":27.0,"key":"Weak Potion"},{"floor":31.0,"key":"SteroidPotion"},{"floor":45.0,"key":"SmokeBomb"}],"is_trial":false,"path_per_floor":["M","M","$","?","M","E","R","E","T","M","E","?","R","M","R","B",null,"M","?","?","M","M","E","M","T","T","M","?","$","R","M","R","B",null,"M","?","$","?","M","E","M","$","T","$","E","?","E","M","R","B",null,"R","$","E","B"],"character_chosen":"IRONCLAD","items_purchased":["Membership Card","FossilizedHelix","Impervious","Self Forming Clay","Pommel Strike+1","Bottled Flame","Brimstone","Dark Embrace","Regal Pillow","Heavy Blade+1","Body Slam+1","Madness"],"campfire_rested":1,"item_purchase_floors":[29,29,29,29,29,37,37,37,37,42,44,44],"current_hp_per_floor":[72,72,72,60,66,46,46,52,52,58,64,64,64,67,67,22,60,60,60,60,55,53,25,10,10,10,19,19,34,34,52,72,54,68,66,66,72,62,53,56,56,71,71,72,86,76,59,61,61,47,76,76,86,63,0,0],"gold":41,"neow_bonus":"RANDOM_COLORLESS_2","is_daily":false,"chose_seed":false,"campfire_upgraded":3,"win_rate":0.0,"timestamp":1613487107,"path_taken":["M","M","$","?","M","E","R","E","T","M","E","?","R","M","R","BOSS","M","?","?","M","?","E","M","?","T","M","?","?","R","M","R","BOSS","M","?","$","?","M","E","M","$","T","?","E","?","E","M","R","BOSS","R","$","E","BOSS"],"items_purchased_type":["Relic","Relic","Card","Relic","Card","Relic","Relic","Card","Relic","Card","Card","Card"],"build_version":"2020-12-22","purchased_purges":5,"victory":false,"max_hp_per_floor":[72,72,72,72,72,72,72,72,72,72,72,72,72,72,72,72,72,72,72,72,72,72,72,72,72,72,72,72,72,72,72,72,72,72,72,72,72,72,72,72,72,72,72,72,86,86,86,86,86,86,86,86,86,86,86,86],"card_choices":[{"not_picked":["Magnetism","Master of Strategy"],"picked":"Apotheosis","floor":0.0},{"not_picked":["Clash","Spot Weakness"],"picked":"Carnage","floor":1.0},{"not_picked":["Armaments","Reckless Charge"],"picked":"Battle Trance","floor":2.0},{"not_picked":["Twin Strike","Heavy Blade"],"picked":"Rampage","floor":5.0},{"not_picked":["Rage","Wild Strike"],"picked":"Anger","floor":6.0},{"not_picked":["Inflame","Thunderclap","Perfected Strike"],"picked":"SKIP","floor":8.0},{"not_picked":["Body Slam+1","Fiend Fire+1"],"picked":"Burning Pact","floor":10.0},{"not_picked":["Battle Trance","Anger+1","Blood for Blood+1"],"picked":"SKIP","floor":11.0},{"not_picked":["Wild Strike+1","Hemokinesis+1"],"picked":"Bloodletting","floor":14.0},{"not_picked":["Demon Form","Reaper+1"],"picked":"Offering","floor":16.0},{"not_picked":["True Grit","Headbutt+1"],"picked":"Body Slam+1","floor":18.0},{"not_picked":["Feel No Pain","Cleave+1"],"picked":"Evolve+1","floor":21.0},{"not_picked":["Perfected Strike+1","Twin Strike+1"],"picked":"Limit Break","floor":22.0},{"not_picked":["Thunderclap+1","Wild Strike+1"],"picked":"Burning Pact","floor":23.0},{"not_picked":["Disarm","Flame Barrier"],"picked":"Flex","floor":24.0},{"not_picked":["Havoc","Twin Strike+1"],"picked":"Burning Pact","floor":27.0},{"not_picked":["Clothesline+1","Thunderclap+1"],"picked":"Immolate+1","floor":31.0},{"not_picked":["Corruption","Reaper+1"],"picked":"Double Tap","floor":33.0},{"not_picked":["True Grit","Clothesline+1","Havoc"],"picked":"SKIP","floor":35.0},{"not_picked":["Demon Form","Combust"],"picked":"Pummel+1","floor":39.0},{"not_picked":["Reaper+1","Headbutt+1"],"picked":"Barricade","floor":40.0},{"not_picked":["Combust","Dropkick+1"],"picked":"Shockwave+1","floor":41.0},{"not_picked":["Headbutt+1","True Grit"],"picked":"Intimidate+1","floor":45.0},{"not_picked":["Flash of Steel+1","Madness"],"picked":"Finesse","floor":46.0},{"not_picked":["Jack Of All Trades","Swift Strike+1"],"picked":"Magnetism","floor":46.0},{"not_picked":["Sever Soul+1","Infernal Blade"],"picked":"Offering","floor":47.0},{"not_picked":["Pommel Strike+1","Rupture","Cleave+1"],"picked":"SKIP","floor":48.0},{"not_picked":["Cleave+1","Evolve+1","Fire Breathing+1"],"picked":"SKIP","floor":54.0}],"player_experience":39471,"relics_obtained":[{"floor":6.0,"key":"Thread and Needle"},{"floor":8.0,"key":"Bronze Scales"},{"floor":9.0,"key":"Molten Egg 2"},{"floor":11.0,"key":"Matryoshka"},{"floor":23.0,"key":"Mercury Hourglass"},{"floor":23.0,"key":"MawBank"},{"floor":25.0,"key":"Meat on the Bone"},{"floor":25.0,"key":"Nunchaku"},{"floor":26.0,"key":"MealTicket"},{"floor":26.0,"key":"Juzu Bracelet"},{"floor":36.0,"key":"Shovel"},{"floor":38.0,"key":"Ginger"},{"floor":40.0,"key":"Oddly Smooth Stone"},{"floor":40.0,"key":"Red Skull"},{"floor":45.0,"key":"Centennial Puzzle"},{"floor":45.0,"key":"Mango"},{"floor":47.0,"key":"Sundial"},{"floor":47.0,"key":"Blood Vial"},{"floor":49.0,"key":"Champion Belt"},{"floor":52.0,"key":"HornCleat"},{"floor":54.0,"key":"Unceasing Top"},{"floor":54.0,"key":"Bag of Preparation"}],"event_choices":[{"damage_healed":0.0,"max_hp_gain":0.0,"max_hp_loss":0.0,"gold_gain":0.0,"event_name":"Scrap Ooze","player_choice":"Success","floor":4.0,"gold_loss":0.0,"damage_taken":12.0,"relics_obtained":["Anchor"]},{"damage_healed":0.0,"max_hp_gain":0.0,"max_hp_loss":0.0,"gold_gain":175.0,"event_name":"Liars Game","player_choice":"AGREE","floor":12.0,"gold_loss":0.0,"damage_taken":0.0,"cards_obtained":["Doubt"]},{"damage_healed":0.0,"max_hp_gain":0.0,"max_hp_loss":0.0,"gold_gain":99.0,"event_name":"Nest","player_choice":"Stole From Cult","floor":19.0,"gold_loss":0.0,"damage_taken":0.0},{"damage_healed":0.0,"max_hp_gain":0.0,"max_hp_loss":0.0,"gold_gain":0.0,"event_name":"N\u0027loth","player_choice":"Traded Relic","floor":20.0,"relics_lost":["Bronze Scales"],"gold_loss":0.0,"damage_taken":0.0,"relics_obtained":["Nloth\u0027s Gift"]},{"damage_healed":0.0,"max_hp_gain":0.0,"max_hp_loss":0.0,"gold_gain":0.0,"event_name":"Addict","player_choice":"Obtained Relic","floor":28.0,"gold_loss":85.0,"damage_taken":0.0,"relics_obtained":["Orichalcum"]},{"damage_healed":0.0,"max_hp_gain":0.0,"max_hp_loss":0.0,"gold_gain":0.0,"event_name":"Mysterious Sphere","player_choice":"Fight","floor":36.0,"gold_loss":0.0,"damage_taken":0.0},{"damage_healed":0.0,"max_hp_gain":0.0,"max_hp_loss":0.0,"gold_gain":0.0,"event_name":"MindBloom","player_choice":"Fight","floor":38.0,"gold_loss":0.0,"damage_taken":0.0},{"damage_healed":0.0,"max_hp_gain":0.0,"max_hp_loss":0.0,"gold_gain":0.0,"event_name":"SensoryStone","player_choice":"Memory 3","floor":46.0,"gold_loss":0.0,"damage_taken":10.0}],"is_beta":false,"boss_relics":[{"not_picked":["Philosopher\u0027s Stone","Coffee Dripper"],"picked":"Black Star"},{"not_picked":["Runic Cube","Mark of Pain"],"picked":"Empty Cage"}],"items_purged_floors":[3,29,37,42,53],"is_endless":false,"potions_floor_spawned":[1,6,8,16,18,27,31,35,39,45],"killed_by":"The Heart","ascension_level":6}}