{"host":"no5f9c6q31porkj5","time":1613440446,"event":{"mods":["BaseMod","Marisa£¨Ùöéë¡¡Øª×âÞÞ£©","Minty Spire (QoL Compilation)","StSLib","Td1madao Mod","The Cursed","The Gatherer","The Runesmith"],"gold_per_floor":[111,111,111,36,36,36,48,48,48,58,58,78,152,152,152,152,152],"floor_reached":16,"language":"KOR","playtime":613,"items_purged":[],"score":88,"play_id":"b2954b98-5806-4ba8-8a2a-ab9c460b9c18","local_time":"20210216105406","daily_mods":["Vintage","Time Dilation","Flight"],"is_ascension_mode":false,"campfire_choices":[{"data":"Defend_R","floor":6,"key":"SMITH"},{"data":"Defend_R","floor":8,"key":"SMITH"},{"data":"Defend_R","floor":15,"key":"SMITH"}],"circlet_count":0,"master_deck":["Strike_R","Strike_R","Strike_R","Strike_R","Strike_R","Defend_R","Defend_R+1","Defend_R+1","Defend_R+1","Bash","Dark Embrace+1"],"relics":["Burning Blood","Red Skull","Peace Pipe","Eternal Feather","Juzu Bracelet","Boot","Paper Frog","Vajra"],"acts_visited":["Exordium"],"potions_floor_usage":[16,16],"damage_taken":[{"damage":3,"enemies":"Small Slimes","floor":1,"turns":3},{"damage":0,"enemies":"Cultist","floor":7,"turns":3},{"damage":0,"enemies":"2 Louse","floor":10,"turns":3},{"damage":10,"enemies":"Large Slime","floor":12,"turns":11},{"damage":82,"enemies":"Hexaghost","floor":16,"turns":12}],"seed_played":"4467878907966255075","potions_obtained":[{"floor":1,"key":"SteroidPotion"},{"floor":7,"key":"SteroidPotion"}],"is_trial":true,"path_per_floor":["M","?","$","$","?","R","M","R","T","M","?","M","T","?","R","B"],"character_chosen":"IRONCLAD","items_purchased":["Dark Embrace"],"campfire_rested":0,"item_purchase_floors":[4],"current_hp_per_floor":[80,72,72,72,72,72,78,78,78,80,80,76,76,69,75,0,0],"gold":152,"neow_bonus":"","is_daily":false,"chose_seed":false,"campfire_upgraded":3,"win_rate":0.0,"timestamp":1613440446,"path_taken":["M","?","?","$","?","R","M","R","T","M","?","M","?","?","R","BOSS"],"items_purchased_type":["Card"],"build_version":"2020-12-22","purchased_purges":0,"victory":false,"max_hp_per_floor":[80,80,80,80,80,80,80,80,80,80,80,80,80,80,80,80,80],"card_choices":[],"player_experience":130796,"relics_obtained":[{"floor":1,"key":"Red Skull"},{"floor":7,"key":"Peace Pipe"},{"floor":9,"key":"Eternal Feather"},{"floor":10,"key":"Juzu Bracelet"},{"floor":12,"key":"Boot"},{"floor":13,"key":"Paper Frog"}],"event_choices":[{"damage_healed":0,"gold_gain":0,"player_choice":"Damaged","damage_taken":8,"max_hp_gain":0,"max_hp_loss":0,"event_name":"Wheel of Change","floor":2,"gold_loss":0},{"damage_healed":0,"gold_gain":0,"player_choice":"Grow","damage_taken":0,"max_hp_gain":0,"max_hp_loss":0,"event_name":"Living Wall","floor":5,"gold_loss":0,"cards_upgraded":["Dark Embrace"]},{"damage_healed":0,"gold_gain":0,"player_choice":"Ignored","damage_taken":0,"max_hp_gain":0,"max_hp_loss":0,"event_name":"Liars Game","floor":11,"gold_loss":0},{"damage_healed":0,"gold_gain":0,"player_choice":"Success","damage_taken":7,"relics_obtained":["Vajra"],"max_hp_gain":0,"max_hp_loss":0,"event_name":"Scrap Ooze","floor":14,"gold_loss":0}],"is_beta":false,"boss_relics":[],"items_purged_floors":[],"is_endless":true,"potions_floor_spawned":[1,7],"killed_by":"Hexaghost","ascension_level":0}}