{"host":"mnpd8gh7cwxsn5kh","time":1613505041,"event":{"mods":["BaseMod","Bestiary","Block Reminder","Colored Map","Colored Powertips","Highlight Path","Minty Spire (QoL Compilation)","Relic Sorter","Relic Stats"],"gold_per_floor":[113,113,130,130,143,143,174,185,211,242,242,255,255,271,271,344,344,358,368,180,180,196,231,231,231,231],"floor_reached":25,"language":"ENG","playtime":2560,"items_purged":["Strike_G"],"score":443,"play_id":"7f3d81ab-4cc9-4012-9087-62360fc76a0a","local_time":"20210216205041","is_ascension_mode":true,"campfire_choices":[{"data":"Dash","floor":6.0,"key":"SMITH"},{"floor":15.0,"key":"REST"},{"floor":24,"key":"REST"}],"circlet_count":0,"master_deck":["AscendersBane","Strike_G+1","Strike_G","Strike_G+1","Defend_G","Defend_G","Defend_G","Defend_G","Defend_G","Survivor","Neutralize+1","Dagger Throw+1","Dash+1","Dash+1","Flying Knee","Terror","Flying Knee+1","Bane","Adrenaline","Wraith Form v2","Footwork","Quick Slash","Well Laid Plans"],"relics":["Ring of the Snake","NeowsBlessing","Ancient Tea Set","Tiny Chest","Whetstone","Busted Crown","Potion Belt","Pen Nib"],"acts_visited":["Exordium","TheCity"],"potions_floor_usage":[19,23,25],"damage_taken":[{"damage":0.0,"enemies":"Jaw Worm","floor":1.0,"turns":1.0},{"damage":0.0,"enemies":"Cultist","floor":3.0,"turns":1.0},{"damage":0.0,"enemies":"Small Slimes","floor":5.0,"turns":1.0},{"damage":21.0,"enemies":"3 Sentries","floor":7.0,"turns":10.0},{"damage":0.0,"enemies":"3 Louse","floor":8.0,"turns":3.0},{"damage":9.0,"enemies":"Lagavulin","floor":10.0,"turns":9.0},{"damage":0.0,"enemies":"Gremlin Gang","floor":12.0,"turns":4.0},{"damage":1.0,"enemies":"Looter","floor":14.0,"turns":3.0},{"damage":11.0,"enemies":"Hexaghost","floor":16.0,"turns":8.0},{"damage":14,"enemies":"2 Thieves","floor":18,"turns":4},{"damage":12,"enemies":"Spheric Guardian","floor":19,"turns":4},{"damage":0,"enemies":"Snecko","floor":22,"turns":6},{"damage":25,"enemies":"Slavers","floor":23,"turns":9},{"damage":25,"enemies":"Book of Stabbing","floor":25,"turns":4}],"seed_played":"8178487142508371477","potions_obtained":[{"floor":1.0,"key":"PowerPotion"},{"floor":7.0,"key":"SkillPotion"},{"floor":10.0,"key":"LiquidMemories"},{"floor":14.0,"key":"LiquidBronze"},{"floor":16.0,"key":"Swift Potion"},{"floor":19,"key":"EssenceOfSteel"},{"floor":23,"key":"LiquidBronze"}],"is_trial":false,"path_per_floor":["M","?","M","?","M","R","E","M","T","E","?","M","?","M","R","B",null,"M","M","$","T","M","E","R","E"],"character_chosen":"THE_SILENT","items_purchased":["Quick Slash","Well Laid Plans"],"campfire_rested":2,"item_purchase_floors":[20,20],"current_hp_per_floor":[59,39,39,39,39,39,18,18,18,9,9,9,9,8,27,16,54,40,28,28,28,28,3,22,0,0],"gold":231,"neow_bonus":"THREE_ENEMY_KILL","is_daily":false,"chose_seed":false,"campfire_upgraded":1,"win_rate":0.0,"timestamp":1613505041,"path_taken":["M","?","M","?","M","R","E","?","T","E","?","M","?","M","R","BOSS","M","?","$","?","M","E","R","E"],"items_purchased_type":["Card","Card"],"build_version":"2020-12-22","purchased_purges":1,"victory":false,"max_hp_per_floor":[66,66,66,66,66,66,66,66,66,66,66,66,66,66,66,66,66,66,66,66,66,66,66,66,66,66],"relic_stats":{"Busted Crown":8,"counters":[14,67],"Tiny Chest":1,"Pen Nib":[1],"Whetstone":["Flying Knee","Strike_G"],"obtain_stats":[{"Potion Belt":21,"Busted Crown":17,"NeowsBlessing":0,"Tiny Chest":9,"Pen Nib":23,"Whetstone":10,"Ancient Tea Set":7,"Ring of the Snake":0},{"Potion Belt":11,"Busted Crown":9,"NeowsBlessing":0,"Tiny Chest":5,"Pen Nib":13,"Whetstone":6,"Ancient Tea Set":4,"Ring of the Snake":0},{"Potion Belt":48,"Busted Crown":40,"NeowsBlessing":0,"Tiny Chest":16,"Pen Nib":63,"Whetstone":25,"Ancient Tea Set":13,"Ring of the Snake":0}],"Ring of the Snake":[28]},"card_choices":[{"not_picked":["Blur","Sucker Punch"],"picked":"Dagger Throw","floor":1.0},{"not_picked":["Heel Hook","Predator"],"picked":"Dash","floor":3.0},{"not_picked":["Cloak And Dagger","Backflip"],"picked":"Dash","floor":5.0},{"not_picked":["Infinite Blades","Setup"],"picked":"Flying Knee","floor":7.0},{"not_picked":["Quick Slash","Dagger Throw"],"picked":"Terror","floor":8.0},{"not_picked":["Cloak And Dagger","Deflect"],"picked":"Flying Knee","floor":10.0},{"not_picked":["Finisher","Underhanded Strike","Setup"],"picked":"SKIP","floor":12.0},{"not_picked":["Bane","Masterful Stab"],"picked":"Adrenaline","floor":14.0},{"not_picked":["Unload","Glass Knife"],"picked":"Wraith Form v2","floor":16.0},{"not_picked":[],"picked":"Footwork","floor":18},{"not_picked":["Underhanded Strike+1"],"picked":"SKIP","floor":19},{"not_picked":["Deadly Poison"],"picked":"SKIP","floor":22},{"not_picked":["Terror"],"picked":"SKIP","floor":23}],"player_experience":571374,"relics_obtained":[{"floor":7.0,"key":"Ancient Tea Set"},{"floor":9.0,"key":"Tiny Chest"},{"floor":10.0,"key":"Whetstone"},{"floor":21,"key":"Potion Belt"},{"floor":23,"key":"Pen Nib"}],"event_choices":[{"damage_healed":0.0,"max_hp_gain":0.0,"max_hp_loss":0.0,"gold_gain":0.0,"event_name":"Shining Light","player_choice":"Entered Light","floor":2.0,"gold_loss":0.0,"damage_taken":20.0,"cards_upgraded":["Dagger Throw","Strike_G"]},{"damage_healed":0.0,"max_hp_gain":0.0,"max_hp_loss":0.0,"gold_gain":0.0,"event_name":"Accursed Blacksmith","player_choice":"Forge","floor":4.0,"gold_loss":0.0,"damage_taken":0.0,"cards_upgraded":["Neutralize"]},{"damage_healed":0.0,"max_hp_gain":0.0,"max_hp_loss":0.0,"gold_gain":0.0,"cards_transformed":["Strike_G"],"event_name":"Living Wall","player_choice":"Change","floor":11.0,"gold_loss":0.0,"damage_taken":0.0,"cards_obtained":["Bane"]},{"damage_healed":0.0,"max_hp_gain":0.0,"max_hp_loss":0.0,"gold_gain":0.0,"event_name":"Upgrade Shrine","player_choice":"Upgraded","floor":13.0,"gold_loss":0.0,"damage_taken":0.0,"cards_upgraded":["Dash"]}],"is_beta":false,"boss_relics":[{"not_picked":["Astrolabe","Snecko Eye"],"picked":"Busted Crown"}],"items_purged_floors":[20],"is_endless":false,"potions_floor_spawned":[1,7,10,14,16,19,23],"killed_by":"Book of Stabbing","ascension_level":18}}