{"host":"clf2hd4adhiiw0zf","time":1613452186,"event":{"mods":["AchievementEnabler","BaseMod","Beaked The Cultist","Bestiary","Dark Map","Downfall","Gremlin Mod","Hermit","Jorbs\u0027s Wanderer Trilogy","Marisa????????","Minty Spire (QoL Compilation)","Shop Mod","StSLib","The Cursed","Wide Potions"],"gold_per_floor":[99,114,114,114,114,124,124,149,134,34,64,90,90,107,124,196,196,196,214,214,214,232,248,248,274,274,374,374,374,374],"floor_reached":28,"language":"ENG","playtime":1878,"items_purged":[],"score":488,"play_id":"2ab6572b-8bc4-4797-8ed4-2e296b42e86d","local_time":"20210215220946","is_ascension_mode":true,"campfire_choices":[{"floor":1.0,"key":"RECALL"},{"floor":10.0,"key":"DIG"},{"floor":13.0,"key":"REST"},{"floor":18.0,"key":"DIG"},{"floor":26.0,"key":"REST"}],"circlet_count":0,"master_deck":["AscendersBane","champ:Strike","champ:Strike","champ:Strike","champ:Strike","champ:Defend","champ:Defend","champ:Defend","champ:Defend","champ:Execute","champ:Taunt","champ:PreciseThrust","champ:EnGarde","Clumsy","champ:EnchantShield","champ:EnGarde","champ:Shatter","champ:AdrenalArmor","champ:SwordThrow+1","champ:Duel+1","champ:TornadoPunch","downfall:Bewildered","Regret","champ:BringItOn+1"],"relics":["Black Star","downfall:ExtraCursedKey","Shovel","Shuriken","StrikeDummy","downfall:HeartBlessingRed","bronze:DecasWashers","Boot","InkBottle","SacredBark","White Beast Statue","Kunai","Toxic Egg 2","Molten Egg 2","downfall:GremlinWheel"],"acts_visited":["Exordium","TheCity"],"potions_floor_usage":[27,28],"damage_taken":[{"damage":22.0,"enemies":"Jaw Worm","floor":2.0,"turns":5.0},{"damage":11.0,"enemies":"2 Louse","floor":6.0,"turns":2.0},{"damage":73.0,"enemies":"Lagavulin","floor":8.0,"turns":9.0},{"damage":10.0,"enemies":"downfall:FleeingMerchant","floor":9.0,"turns":4.0},{"damage":23.0,"enemies":"3 Sentries","floor":12.0,"turns":8.0},{"damage":12.0,"enemies":"Small Slimes","floor":14.0,"turns":2.0},{"damage":10.0,"enemies":"3 Louse","floor":15.0,"turns":3.0},{"damage":34.0,"enemies":"WA_ARCHETYPE_RETAIN","floor":16.0,"turns":9.0},{"damage":0.0,"enemies":"3 Byrds","floor":19.0,"turns":1.0},{"damage":22.0,"enemies":"Shell Parasite","floor":22.0,"turns":5.0},{"damage":42.0,"enemies":"Cultist and Chosen","floor":23.0,"turns":6.0},{"damage":39.0,"enemies":"Book of Stabbing","floor":25.0,"turns":3.0},{"damage":29,"enemies":"Book of Stabbing","floor":27,"turns":4},{"damage":50,"enemies":"Gremlin Leader","floor":28,"turns":5}],"seed_played":"-1029126221743729408","potions_obtained":[{"floor":2.0,"key":"PowerPotion"},{"floor":15.0,"key":"EssenceOfSteel"},{"floor":16.0,"key":"SmokeBomb"},{"floor":19.0,"key":"ColorlessPotion"},{"floor":22.0,"key":"bronze:BurnAndBuffPotion"},{"floor":23.0,"key":"PowerPotion"},{"floor":25.0,"key":"ColorlessPotion"},{"floor":27,"key":"DistilledChaos"}],"is_trial":false,"path_per_floor":["R","M","?","?","?","M","T","E","$","R","?","E","R","M","M","B",null,"R","M","?","?","M","M","T","E","R","?","E"],"character_chosen":"THE_CHAMP","items_purchased":[],"campfire_rested":2,"item_purchase_floors":[],"current_hp_per_floor":[73,71,71,71,76,75,75,32,32,32,32,19,44,42,42,38,74,74,74,74,74,72,50,50,21,46,42,0,0,0],"gold":374,"neow_bonus":"BOSS_RELIC","is_daily":false,"chose_seed":false,"campfire_upgraded":0,"win_rate":0.0,"timestamp":1613452186,"path_taken":["R","M","?","?","?","M","T","E","$","R","?","E","R","M","M","BOSS","R","M","?","?","?","?","T","E","R","?","E"],"items_purchased_type":[],"build_version":"2020-12-22","purchased_purges":0,"victory":false,"max_hp_per_floor":[81,81,81,81,86,86,86,86,86,86,86,86,86,86,86,86,86,86,86,86,86,86,86,86,86,86,86,86,86,86],"card_choices":[{"not_picked":["champ:BerserkersShout","champ:Haymaker"],"picked":"champ:PreciseThrust","floor":2.0},{"not_picked":["champ:BerserkersShout","champ:PreemptiveStrike"],"picked":"champ:EnGarde","floor":6.0},{"not_picked":["champ:PreciseThrust","champ:GutPunch"],"picked":"champ:EnchantShield","floor":8.0},{"not_picked":["champ:CrownThrow","champ:SkillfulDodge"],"picked":"champ:EnGarde","floor":9.0},{"not_picked":["champ:FocusedDefense","champ:FanOfKnives"],"picked":"champ:Shatter","floor":12.0},{"not_picked":["champ:SwordSigil","champ:PreemptiveStrike","champ:FancyFootwork"],"picked":"SKIP","floor":14.0},{"not_picked":["champ:HeartStrike","champ:FancyFootwork"],"picked":"champ:AdrenalArmor","floor":15.0},{"not_picked":["champ:Devastate","champ:GladiatorForm"],"picked":"champ:SwordThrow","floor":16.0},{"not_picked":["champ:SetATrap","champ:FancyFootwork"],"picked":"champ:Duel+1","floor":19.0},{"not_picked":["champ:IronFortress","champ:PreciseThrust"],"picked":"champ:TornadoPunch","floor":22.0},{"not_picked":["champ:EndlessRage","champ:Lariat","champ:RapidStrikes+1"],"picked":"SKIP","floor":23.0},{"not_picked":["champ:ShieldSigil+1","champ:AdrenalArmor+1"],"picked":"champ:BringItOn+1","floor":25.0}],"player_experience":324461,"relics_obtained":[{"floor":7.0,"key":"Shovel"},{"floor":8.0,"key":"Shuriken"},{"floor":8.0,"key":"StrikeDummy"},{"floor":10.0,"key":"bronze:DecasWashers"},{"floor":12.0,"key":"Boot"},{"floor":12.0,"key":"InkBottle"},{"floor":18.0,"key":"White Beast Statue"},{"floor":24.0,"key":"Kunai"},{"floor":25.0,"key":"Toxic Egg 2"},{"floor":25.0,"key":"Molten Egg 2"},{"floor":27,"key":"downfall:GremlinWheel"}],"event_choices":[{"damage_healed":0.0,"max_hp_gain":5.0,"max_hp_loss":0.0,"gold_gain":0.0,"event_name":"Big Fish","player_choice":"Donut","floor":5.0,"gold_loss":0.0,"damage_taken":0.0},{"damage_healed":0.0,"max_hp_gain":0.0,"max_hp_loss":0.0,"gold_gain":0.0,"event_name":"Accursed Blacksmith","player_choice":"Forge","floor":21.0,"gold_loss":0.0,"damage_taken":0.0,"cards_upgraded":["champ:SwordThrow"]}],"is_beta":false,"boss_relics":[{"not_picked":["Tiny House","Velvet Choker"],"picked":"SacredBark"}],"items_purged_floors":[],"is_endless":false,"potions_floor_spawned":[2,15,16,19,22,23,25,27],"killed_by":"Gremlin Leader","ascension_level":20}}