{"host":"d52brwsy6af8zvaq","time":1613519629,"event":{"mods":["AchievementEnabler","BaseMod","Bestiary","Highlight Path","Minty Spire (QoL Compilation)","Quick Restart","Relic Stats","ojb\u0027s Better Paths Mod"],"gold_per_floor":[114,114,39,39,56,56,75,75,155,171,171,201,45,70,70,144,144,158,158,83,83,100,100,100],"floor_reached":23,"language":"ENG","playtime":1279,"items_purged":["Pain","Strike_B"],"score":394,"play_id":"865bd3f8-bdd6-4234-ab3b-5c72e59e7570","local_time":"20210216165349","is_ascension_mode":true,"campfire_choices":[{"data":"Zap","floor":6.0,"key":"SMITH"},{"data":"Ball Lightning","floor":8.0,"key":"SMITH"},{"data":"Coolheaded","floor":11.0,"key":"SMITH"},{"floor":15.0,"key":"REST"}],"circlet_count":0,"master_deck":["AscendersBane","Strike_B","Strike_B","Defend_B","Defend_B","Defend_B","Defend_B","Zap+1","Dualcast","Rebound","Redo","Ball Lightning+1","Coolheaded+1","Go for the Eyes","Cold Snap","FTL","Buffer","Consume+1","Self Repair","All For One"],"relics":["Cracked Core","WarpedTongs","Cables","Darkstone Periapt","Happy Flower","Nuclear Battery"],"acts_visited":["Exordium","TheCity"],"potions_floor_usage":[],"damage_taken":[{"damage":2.0,"enemies":"Jaw Worm","floor":1.0,"turns":3.0},{"damage":0.0,"enemies":"Cultist","floor":5.0,"turns":3.0},{"damage":0.0,"enemies":"2 Louse","floor":7.0,"turns":2.0},{"damage":6.0,"enemies":"Looter","floor":10.0,"turns":2.0},{"damage":13.0,"enemies":"Lagavulin","floor":12.0,"turns":5.0},{"damage":29.0,"enemies":"Gremlin Nob","floor":14.0,"turns":4.0},{"damage":7.0,"enemies":"The Guardian","floor":16.0,"turns":11.0},{"damage":17.0,"enemies":"3 Byrds","floor":18.0,"turns":4.0},{"damage":15,"enemies":"2 Thieves","floor":22,"turns":4},{"damage":47,"enemies":"Book of Stabbing","floor":23,"turns":5}],"seed_played":"3458297499288916590","potions_obtained":[{"floor":1.0,"key":"GamblersBrew"},{"floor":12.0,"key":"SteroidPotion"},{"floor":16.0,"key":"Fire Potion"},{"floor":22,"key":"GamblersBrew"}],"is_trial":false,"path_per_floor":["M","?","$","$","M","R","M","R","T","M","R","E","$","E","R","B",null,"M","?","$","?","M","E"],"character_chosen":"DEFECT","items_purchased":["Cold Snap","Self Repair"],"campfire_rested":1,"item_purchase_floors":[13,20],"current_hp_per_floor":[69,69,69,69,69,69,69,69,69,63,63,50,50,21,44,37,68,51,51,51,51,43,0,0],"gold":100,"neow_bonus":"TEN_PERCENT_HP_BONUS","is_daily":false,"chose_seed":false,"campfire_upgraded":3,"win_rate":0.0,"timestamp":1613519629,"path_taken":["M","?","?","$","M","R","M","R","T","M","R","E","$","E","R","BOSS","M","?","$","?","?","E"],"items_purchased_type":["Card","Card"],"build_version":"2020-12-22","purchased_purges":2,"victory":false,"max_hp_per_floor":[78,78,78,78,78,78,78,78,78,78,78,78,78,78,78,78,78,78,78,78,78,78,78,78],"relic_stats":{"Darkstone Periapt":0,"Happy Flower":[8],"counters":[10,43],"obtain_stats":[{"Darkstone Periapt":12,"Happy Flower":14,"Cracked Core":0,"WarpedTongs":2,"Cables":9,"Nuclear Battery":17},{"Darkstone Periapt":5,"Happy Flower":6,"Cracked Core":0,"WarpedTongs":1,"Cables":3,"Nuclear Battery":7},{"Darkstone Periapt":15,"Happy Flower":19,"Cracked Core":0,"WarpedTongs":3,"Cables":8,"Nuclear Battery":30}],"WarpedTongs":[40],"Cables":[32,14,13,0,5]},"card_choices":[{"not_picked":["Hello World","Blizzard"],"picked":"Rebound","floor":1.0},{"not_picked":["Hologram","Fusion"],"picked":"Redo","floor":5.0},{"not_picked":["Hologram","Steam"],"picked":"Ball Lightning","floor":7.0},{"not_picked":["Turbo","Reprogram"],"picked":"Coolheaded","floor":10.0},{"not_picked":["Compile Driver","Lockon"],"picked":"Go for the Eyes","floor":12.0},{"not_picked":["Beam Cell","Turbo"],"picked":"FTL","floor":14.0},{"not_picked":["Multi-Cast","Fission"],"picked":"Buffer","floor":16.0},{"not_picked":["Barrage","Sunder"],"picked":"Consume+1","floor":18.0},{"not_picked":["Scrape","Redo","Rip and Tear"],"picked":"SKIP","floor":22}],"player_experience":2288776,"relics_obtained":[{"floor":9.0,"key":"Cables"},{"floor":12.0,"key":"Darkstone Periapt"},{"floor":14.0,"key":"Happy Flower"}],"event_choices":[{"damage_healed":0.0,"max_hp_gain":0.0,"max_hp_loss":0.0,"gold_gain":0.0,"event_name":"Accursed Blacksmith","player_choice":"Rummage","floor":2.0,"gold_loss":0.0,"damage_taken":0.0,"relics_obtained":["WarpedTongs"],"cards_obtained":["Pain"]},{"damage_healed":0.0,"max_hp_gain":0.0,"max_hp_loss":0.0,"gold_gain":0.0,"event_name":"Vampires","player_choice":"Ignored","floor":19.0,"gold_loss":0.0,"damage_taken":0.0},{"damage_healed":0.0,"max_hp_gain":0.0,"max_hp_loss":0.0,"gold_gain":0.0,"cards_transformed":["Strike_B"],"event_name":"Transmorgrifier","player_choice":"Transformed","floor":21.0,"gold_loss":0.0,"damage_taken":0.0,"cards_obtained":["All For One"]}],"is_beta":false,"boss_relics":[{"not_picked":["Coffee Dripper","SacredBark"],"picked":"Nuclear Battery"}],"items_purged_floors":[3,13],"is_endless":false,"potions_floor_spawned":[1,12,14,16,22],"killed_by":"Book of Stabbing","ascension_level":20}}