{"host":"szp1d6dso4pv7ddl","time":1613450439,"event":{"mods":["AchievementEnabler","Alarm Clock","BaseMod","Bestiary","Block Reminder","Colored Map","Colored Powertips","Curses Come First","Dark Map","Displayed Cursed Tome","Highlight Path","Minty Spire (QoL Compilation)","Permanent Neow","Quick Restart","Relic Sorter","Relic Stats","StSLib","Synergy Search"],"gold_per_floor":[119,84,98,68,80,113,113,113,113],"floor_reached":8,"language":"ENG","playtime":314,"items_purged":[],"score":106,"play_id":"d4d8b110-53f5-49f9-af08-326d5949ec15","local_time":"20210215204039","is_ascension_mode":true,"campfire_choices":[{"data":"Limit Break","floor":7.0,"key":"SMITH"}],"circlet_count":0,"master_deck":["AscendersBane","Strike_R","Strike_R","Strike_R","Strike_R","Strike_R","Defend_R","Defend_R","Defend_R","Defend_R","Bash","Limit Break+1","Cleave","Thunderclap","Flex"],"relics":["Burning Blood","InkBottle"],"acts_visited":["Exordium"],"potions_floor_usage":[8],"damage_taken":[{"damage":12.0,"enemies":"Small Slimes","floor":1.0,"turns":5.0},{"damage":19.0,"enemies":"Jaw Worm","floor":3.0,"turns":4.0},{"damage":6.0,"enemies":"Cultist","floor":5.0,"turns":3.0},{"damage":70.0,"enemies":"3 Sentries","floor":6.0,"turns":11.0},{"damage":44,"enemies":"Lagavulin","floor":8,"turns":7}],"seed_played":"-5556955442683992334","potions_obtained":[{"floor":1.0,"key":"SkillPotion"},{"floor":4.0,"key":"Regen Potion"},{"floor":4.0,"key":"Regen Potion"},{"floor":6.0,"key":"ColorlessPotion"}],"is_trial":false,"path_per_floor":["M","?","M","?","M","E","R","E"],"character_chosen":"IRONCLAD","items_purchased":[],"campfire_rested":0,"item_purchase_floors":[],"current_hp_per_floor":[44,62,49,49,49,40,40,0,0],"gold":113,"neow_bonus":"THREE_RARE_CARDS","is_daily":false,"chose_seed":false,"campfire_upgraded":1,"win_rate":0.0,"timestamp":1613450439,"path_taken":["M","?","M","?","?","E","R","E"],"items_purchased_type":[],"build_version":"2020-12-22","purchased_purges":0,"victory":false,"max_hp_per_floor":[75,75,75,75,75,75,75,75,75],"relic_stats":{"counters":[5,30],"obtain_stats":[{"Burning Blood":0,"InkBottle":6},{"Burning Blood":0,"InkBottle":4},{"Burning Blood":0,"InkBottle":23}],"Burning Blood":24,"InkBottle":[2]},"card_choices":[{"not_picked":["Impervious","Juggernaut"],"picked":"Limit Break","floor":0.0},{"not_picked":["Whirlwind","Flex"],"picked":"Cleave","floor":1.0},{"not_picked":["Combust","Warcry"],"picked":"Thunderclap","floor":3.0},{"not_picked":["Infernal Blade","Shrug It Off"],"picked":"Flex","floor":5.0},{"not_picked":["Anger","Blood for Blood","Rage"],"picked":"SKIP","floor":6.0}],"player_experience":1587726,"relics_obtained":[{"floor":6.0,"key":"InkBottle"}],"event_choices":[{"damage_healed":18.0,"max_hp_gain":0.0,"max_hp_loss":0.0,"gold_gain":0.0,"event_name":"The Cleric","player_choice":"Healed","floor":2.0,"gold_loss":35.0,"damage_taken":0.0},{"damage_healed":0.0,"max_hp_gain":0.0,"max_hp_loss":0.0,"gold_gain":0.0,"event_name":"The Woman in Blue","player_choice":"Bought 2 Potions","floor":4.0,"gold_loss":0.0,"damage_taken":0.0}],"is_beta":false,"boss_relics":[],"items_purged_floors":[],"is_endless":false,"potions_floor_spawned":[1,6],"killed_by":"Lagavulin","ascension_level":18}}