{"host":"17xjy7b7ubl548g2","time":1613452122,"event":{"mods":["2.2 Compatiblity","Act Like it!","Aspiration","Astrologer","Bard","BaseMod","Challenge The Spire","ChefMod","Colored Map","Colored Powertips","Conspire","Elementarium","Energized Spire","Gensokyo","GifTheSpireLib","Halation","Hallownest","Hermit","Hubris","Infinite Spire","Jedi Mod","Jorbs\u0027s Wanderer Trilogy","Marisa（霧雨　魔理沙）","Marked Mod","Menagerie","Minty Spire (QoL Compilation)","Permanent Neow","Reliquary","Replay The Spire","Robot Space Explorer","Ruina","Spicy Shops","Spire Arcade","StSLib","Stuff the Spire","The Blue Laboratory","The Bug Knight","The Construct","The Disciple","The Hayseed","The Hierophant","The Marked","The Runesmith","The Sage","TheFirefly"],"gold_per_floor":[111,123,134,148,161,161,161,5,28,28,41,67,67,67,67,162,162,196,19,19,19,50,115,115,149,149,174,186,186,38,38,142,142,172,172,201,49,76,76,108,133,133,168,168,186,186,186,186,186,10,75,75,75],"floor_reached":55,"language":"ENG","playtime":8896,"items_purged":["jedi:BattleThirst","hubris:Disease"],"score":1069,"play_id":"64749cf5-f642-43c3-8f68-4d9ddb4735fa","local_time":"20210216000842","is_ascension_mode":true,"campfire_choices":[{"data":"hermit:Maintenance","floor":6.0,"key":"SMITH"},{"data":"hermit:Manifest","floor":10.0,"key":"SMITH"},{"data":"hermit:HeroicBravado","floor":13.0,"key":"SMITH"},{"data":"hermit:Glare","floor":15.0,"key":"SMITH"},{"data":"hermit:Dive","floor":24.0,"key":"SMITH"},{"data":"hermit:DeadOrAlive","floor":24.0,"key":"SMITH"},{"data":"ruina:CrimsonScar","floor":29.0,"key":"SMITH"},{"data":"hermit:Horror","floor":29.0,"key":"SMITH"},{"floor":32,"key":"REST"},{"data":"hermit:BodyArmor","floor":41,"key":"SMITH"},{"data":"hermit:RoundhouseKick","floor":41,"key":"SMITH"},{"data":"hermit:Defend_Hermit","floor":45,"key":"SMITH"},{"data":"hermit:Defend_Hermit","floor":45,"key":"SMITH"},{"floor":47,"key":"REST"},{"floor":49,"key":"RECALL"},{"data":"hermit:Defend_Hermit","floor":52,"key":"SMITH"},{"data":"hermit:Defend_Hermit","floor":52,"key":"SMITH"}],"circlet_count":0,"master_deck":["hermit:Strike_Hermit","hermit:Strike_Hermit","hermit:Strike_Hermit","hermit:Defend_Hermit+1","hermit:Defend_Hermit+1","hermit:Defend_Hermit+1","hermit:Defend_Hermit+1","hermit:Snapshot","hermit:Covet","hermit:Dive+1","hermit:Maintenance+1","hermit:Shortfuse","hermit:Manifest+1","hermit:Dive+1","hermit:HeroicBravado+1","hermit:Glare+1","hermit:DeadOrAlive+1","hermit:Ricochet+1","ruina:CrimsonScar+1","hermit:Dive+1","hermit:RoundhouseKick+1","hermit:BodyArmor+1","hermit:Midnight","hermit:Horror+1","hermit:FinalCanter","hermit:Vantage+1","hermit:FlashPowder+1","hermit:Horror+1","hermit:Midnight+1","hermit:PistolWhip","hermit:Quickdraw+1"],"relics":["energizedSpire:SpiderWeb","Vajra","StuffTheSpire:HeavyRock","construct:BoolHorns","construct:WeddingRing","Thread and Needle","Replay:Arrowhead","Runesmith:AutoHammer","StuffTheSpire:DarkSteelAnvil","hubris:Teleporter","Cursed Key","ClockworkSouvenir","Kunai","jedi:heavyjacket","aspiration:FetidBarrel"],"acts_visited":["Exordium","Exordium","TheBeyond","TheEnding"],"potions_floor_usage":[40,40,48,54,55,55],"damage_taken":[{"damage":1.0,"enemies":"Small Slimes","floor":1.0,"turns":6.0},{"damage":0.0,"enemies":"Cultist","floor":2.0,"turns":5.0},{"damage":0.0,"enemies":"conspire:RoseBush","floor":3.0,"turns":4.0},{"damage":7.0,"enemies":"Lots of Slimes","floor":4.0,"turns":7.0},{"damage":0.0,"enemies":"Exordium Thugs","floor":5.0,"turns":6.0},{"damage":0.0,"enemies":"3 Louse","floor":11.0,"turns":4.0},{"damage":0.0,"enemies":"HollowMod:MossKnight","floor":12.0,"turns":6.0},{"damage":6.0,"enemies":"The Guardian","floor":16.0,"turns":11.0},{"damage":1.0,"enemies":"ruina:BadWolf","floor":18.0,"turns":8.0},{"damage":0.0,"enemies":"ruina:2_Scarecrows","floor":22.0,"turns":4.0},{"damage":1.0,"enemies":"ruina:ServantOfWrath","floor":23.0,"turns":6.0},{"damage":3.0,"enemies":"ruina:RoadHome","floor":25.0,"turns":13.0},{"damage":19.0,"enemies":"ruina:Mountain","floor":27.0,"turns":16.0},{"damage":0.0,"enemies":"ruina:KnightOfDespair","floor":28.0,"turns":5.0},{"damage":16,"enemies":"ruina:Red_and_Wolf","floor":33,"turns":12},{"damage":12,"enemies":"3 Shapes","floor":35,"turns":5},{"damage":15,"enemies":"3 Darklings","floor":38,"turns":5},{"damage":2,"enemies":"Nightmare","floor":40,"turns":10},{"damage":1,"enemies":"Nemesis","floor":42,"turns":7},{"damage":0,"enemies":"Jaw Worm Horde","floor":46,"turns":3},{"damage":1,"enemies":"Spire Growth","floor":48,"turns":3},{"damage":12,"enemies":"Awakened One","floor":50,"turns":21},{"damage":51,"enemies":"Shield and Spear","floor":54,"turns":9},{"damage":26,"enemies":"The Heart","floor":55,"turns":3}],"seed_played":"-4275584742125971424","potions_obtained":[{"floor":3.0,"key":"AttackPotion"},{"floor":12.0,"key":"AttackPotion"},{"floor":16.0,"key":"blueLaboratory:PhilterOfMotion"},{"floor":22.0,"key":"BlessingOfTheForge"},{"floor":28.0,"key":"blueLaboratory:PyrophylliteBrew"},{"floor":35,"key":"Elixir"},{"floor":40,"key":"blueLaboratory:BottleOfVodka"},{"floor":46,"key":"blueLaboratory:BottledHope"},{"floor":54,"key":"FearPotion"}],"is_trial":false,"path_per_floor":["M","M","M","M","M","R","?","$","T","R","M","E","R","?","R","B",null,"M","$","?","?","M","E","R","E","T","E","M","R","$","R","B",null,"M","T","M","$","NM","R","E","T","R","M","R","M","R","B",null,"R","$","E","B"],"character_chosen":"HERMIT","items_purchased":["Vajra","ruina:CrimsonScar","EssenceOfSteel","ClockworkSouvenir","hermit:PistolWhip"],"campfire_rested":2,"item_purchase_floors":[8,19,30,39,53],"current_hp_per_floor":[67,67,67,60,60,60,60,60,60,60,60,60,60,60,60,54,70,69,69,47,47,47,46,46,43,43,24,24,24,24,46,30,64,52,52,37,37,35,35,34,34,34,34,56,55,55,43,67,67,67,16,0,0],"gold":75,"neow_bonus":"BOSS_RELIC","is_daily":false,"chose_seed":false,"campfire_upgraded":14,"win_rate":0.0,"timestamp":1613452122,"path_taken":["M","M","M","M","M","R","?","$","T","R","M","E","R","?","R","BOSS","M","$","?","?","M","E","R","E","T","E","M","R","$","R","BOSS","M","?","?","$","NM","R","E","T","R","?","R","?","R","BOSS","R","$","E","BOSS"],"items_purchased_type":["Relic","Card","Potion","Relic","Card"],"build_version":"2020-12-22","purchased_purges":2,"victory":false,"max_hp_per_floor":[75,75,75,75,75,75,75,75,75,75,75,75,75,75,75,75,75,75,75,75,75,75,75,75,75,75,75,75,75,75,75,75,75,75,75,75,75,75,75,75,75,75,75,75,75,75,75,75,75,75,75,75,75],"card_choices":[{"not_picked":["hermit:WideOpen","hermit:EyeOfTheStorm"],"picked":"hermit:Dive","floor":1.0},{"not_picked":["hermit:TakeCover","hermit:ItchyTrigger"],"picked":"hermit:Maintenance","floor":2.0},{"not_picked":["hermit:SprayPray","hermit:LowProfile"],"picked":"hermit:Shortfuse","floor":3.0},{"not_picked":["hermit:CalledShot","hermit:Roulette"],"picked":"hermit:Manifest","floor":4.0},{"not_picked":["hermit:ItchyTrigger","hermit:TrackingShot"],"picked":"hermit:Dive","floor":5.0},{"not_picked":["hermit:TakeAim","hermit:Determination"],"picked":"hermit:HeroicBravado","floor":11.0},{"not_picked":["hermit:ItchyTrigger","hermit:Grudge"],"picked":"hermit:Glare","floor":12.0},{"not_picked":["hermit:Reprieve","hermit:FromBeyond"],"picked":"hermit:DeadOrAlive","floor":16.0},{"not_picked":["hermit:Shortfuse","hermit:Snipe"],"picked":"hermit:Ricochet+1","floor":18.0},{"not_picked":["hermit:Quickdraw+1","hermit:WideOpen+1"],"picked":"hermit:RoundhouseKick","floor":22.0},{"not_picked":["hermit:Deadeye","hermit:Misfire"],"picked":"hermit:BodyArmor","floor":23.0},{"not_picked":["hermit:Feint","hermit:SprayPray+1"],"picked":"hermit:Midnight","floor":25.0},{"not_picked":["hermit:ItchyTrigger+1","hermit:SprayPray"],"picked":"hermit:Horror","floor":27.0},{"not_picked":["hermit:Malice","hermit:EyeOfTheStorm","hermit:Maintenance"],"picked":"SKIP","floor":28.0},{"not_picked":["hermit:Gambit","hermit:EternalForm"],"picked":"hermit:FinalCanter","floor":33},{"not_picked":["hermit:Malice","hermit:ItchyTrigger+1"],"picked":"hermit:Vantage+1","floor":35},{"not_picked":["hermit:ItchyTrigger+1","hermit:CalledShot","hermit:CursedWeapon+1"],"picked":"SKIP","floor":38},{"not_picked":["hermit:Horror","hermit:HoleUp"],"picked":"hermit:FlashPowder+1","floor":40},{"not_picked":["hermit:Misfire","hermit:Gambit"],"picked":"hermit:Horror+1","floor":42},{"not_picked":["hermit:Virtue+1","hermit:TrackingShot+1"],"picked":"hermit:Midnight+1","floor":46},{"not_picked":["hermit:Quickdraw","hermit:Glare+1","hermit:HighCaliber"],"picked":"SKIP","floor":48},{"not_picked":["hermit:Reprieve","hermit:Manifest"],"picked":"hermit:Quickdraw+1","floor":54}],"player_experience":2189607,"relics_obtained":[{"floor":9.0,"key":"StuffTheSpire:HeavyRock"},{"floor":12.0,"key":"construct:BoolHorns"},{"floor":23.0,"key":"Replay:Arrowhead"},{"floor":25.0,"key":"Runesmith:AutoHammer"},{"floor":26.0,"key":"StuffTheSpire:DarkSteelAnvil"},{"floor":27.0,"key":"hubris:Teleporter"},{"floor":40,"key":"Kunai"},{"floor":42,"key":"jedi:heavyjacket"},{"floor":54,"key":"aspiration:FetidBarrel"}],"event_choices":[{"cards_removed":["hermit:Strike_Hermit"],"damage_healed":0.0,"max_hp_gain":0.0,"max_hp_loss":0.0,"gold_gain":0.0,"event_name":"Purifier","player_choice":"Purged","floor":14.0,"gold_loss":0.0,"damage_taken":0.0}],"is_beta":false,"boss_relics":[{"not_picked":["halation:SmartPhone","Empty Cage"],"picked":"construct:WeddingRing"},{"not_picked":["ChewingGum","conspire:SlowCooker"],"picked":"Cursed Key"}],"items_purged_floors":[30,53],"is_endless":false,"potions_floor_spawned":[3,12,16,22,28,35,40,46,54],"killed_by":"The Heart","ascension_level":9}}