{"host":"956g3854xvs16zht","time":1613460533,"event":{"mods":["Act Like it!","AlwaysNeverKeys","Arknights","BaseMod","BetterRewards","Colored Map","Colored Powertips","DeckTracker","Displayed Cursed Tome","Dota2Spire","Energized Spire","Evolution","Infinite Spire","Minty Spire (QoL Compilation)","Permanent Neow","Relic Filter","Relic Sorter","Replay The Spire","Shop Mod","Spicy Shops","StSLib"],"gold_per_floor":[117,134,134,134,134,167,110,142,142,142,198,230,242,281,293,405,417,446,458,489,501,501],"floor_reached":21,"language":"ENG","playtime":1286,"items_purged":[],"score":195,"play_id":"1d04af00-686c-44fe-97ca-769a7f98c805","local_time":"20210216022853","is_ascension_mode":false,"campfire_choices":[{"floor":10,"key":"REST"},{"floor":15,"key":"REST"}],"circlet_count":0,"master_deck":["Defend_B","Defend_B","Zap","Dualcast","Ball Lightning","Redo","Barrage","Hello World","FIFO Queue","FTL","Sickly","ReplayTheSpireMod:Reroute Power","Electrodynamics","Hallucinations","Normality","Decay","BootSequence"],"relics":["Cracked Core","Dota2Spire:UrnOfShadows","EVO:Axolotl","Pantograph","infinitespire:EmpoweringShard","Juzu Bracelet","MawBank","Ring of Fury","Ring of Hypnosis","Replay:WaspNest","Kintsugi"],"acts_visited":["Exordium","TheCity"],"potions_floor_usage":[],"damage_taken":[{"damage":4,"enemies":"ats:Genji","floor":1,"turns":4},{"damage":0,"enemies":"Small Slimes","floor":2,"turns":2},{"damage":26,"enemies":"Lagavulin","floor":6,"turns":5},{"damage":21,"enemies":"Replay:BlueRogue","floor":8,"turns":5},{"damage":32,"enemies":"Gremlin Nob","floor":11,"turns":4},{"damage":6,"enemies":"Jaw Worm","floor":12,"turns":2},{"damage":3,"enemies":"Gremlin Nob","floor":14,"turns":3},{"damage":42,"enemies":"The Guardian","floor":16,"turns":8},{"damage":39,"enemies":"Shell Parasite","floor":18,"turns":4},{"damage":23,"enemies":"Chosen","floor":20,"turns":4},{"damage":18,"enemies":"Snake Plant","floor":21,"turns":2}],"seed_played":"-7540420426716165467","potions_obtained":[{"floor":2,"key":"Block Potion"},{"floor":8,"key":"SpeedPotion"},{"floor":12,"key":"LiquidMemories"}],"is_trial":false,"path_per_floor":["M","M","?","$","?","E","$","E","T","R","?","M","?","E","R","B",null,"M","?","M","M"],"character_chosen":"DEFECT","items_purchased":["Hello World"],"campfire_rested":2,"item_purchase_floors":[7],"current_hp_per_floor":[73,73,73,73,73,47,47,26,26,48,16,10,10,10,32,15,75,36,36,13,0,0],"gold":501,"neow_bonus":"RANDOM_COMMON_RELIC","is_daily":false,"chose_seed":false,"campfire_upgraded":0,"win_rate":0.0,"timestamp":1613460533,"path_taken":["M","M","?","$","?","E","$","E","T","R","?","M","?","E","R","BOSS","M","?","M","M"],"items_purchased_type":["Card"],"build_version":"2020-12-22","purchased_purges":0,"victory":false,"max_hp_per_floor":[75,75,75,75,75,75,75,75,75,75,75,75,75,75,75,75,75,75,75,75,75,75],"card_choices":[{"not_picked":["Coolheaded","Barrage"],"picked":"Ball Lightning","floor":1},{"not_picked":["FTL","Beam Cell"],"picked":"Redo","floor":2},{"not_picked":["Conserve Battery","Sweeping Beam"],"picked":"Barrage","floor":6},{"not_picked":["Compile Driver","Gash","ReplayTheSpireMod:Omega Cannon"],"picked":"SKIP","floor":8},{"not_picked":["Barrage","Redo"],"picked":"FIFO Queue","floor":11},{"not_picked":["Rip and Tear","Steam"],"picked":"FTL","floor":12},{"not_picked":["Reboot","Aggregate"],"picked":"ReplayTheSpireMod:Reroute Power","floor":14},{"not_picked":["Buffer","All For One"],"picked":"Electrodynamics","floor":16},{"not_picked":["Sweeping Beam","BasicCrystalCard","Redo"],"picked":"SKIP","floor":18},{"not_picked":["Stack","Coolheaded"],"picked":"BootSequence","floor":20}],"player_experience":18709,"relics_obtained":[{"floor":6,"key":"Pantograph"},{"floor":8,"key":"infinitespire:EmpoweringShard"},{"floor":9,"key":"Juzu Bracelet"},{"floor":11,"key":"MawBank"},{"floor":13,"key":"Ring of Fury"},{"floor":13,"key":"Ring of Hypnosis"},{"floor":14,"key":"Replay:WaspNest"}],"event_choices":[{"damage_healed":0,"gold_gain":0,"player_choice":"Leave","damage_taken":0,"max_hp_gain":0,"max_hp_loss":0,"event_name":"The Cleric","floor":5,"gold_loss":0},{"damage_healed":0,"gold_gain":30,"player_choice":"Searched \u00273\u0027 times","damage_taken":0,"max_hp_gain":0,"max_hp_loss":0,"event_name":"Dead Adventurer","floor":11,"gold_loss":0},{"damage_healed":0,"gold_gain":0,"player_choice":"Cursed","damage_taken":0,"max_hp_gain":0,"max_hp_loss":0,"event_name":"Wheel of Change","floor":19,"gold_loss":0,"cards_obtained":["Decay"]}],"is_beta":false,"boss_relics":[{"not_picked":["ReplayTheSpireMod:DimensionalGlitch","Philosopher\u0027s Stone"],"picked":"Kintsugi"}],"items_purged_floors":[],"is_endless":false,"potions_floor_spawned":[2,8,12,14,18],"killed_by":"Snake Plant","ascension_level":0}}