{"host":"pdq28s6637cpsst2","time":1613443439,"event":{"mods":["BaseMod","Colored Map","Colored Powertips","Highlight Path","Minty Spire (QoL Compilation)","Permanent Neow","Quick Restart","StSLib"],"gold_per_floor":[115,133,133,148,148,148,180,196,220,220,234,265,265,300,300,398,398,415,415,144,144,157,191,201,214,283,283,296,314,328,361,361,462,462,472,226,242,242,72,98,113,113,113,113,113,0,18,52,52,52],"floor_reached":51,"language":"ENG","playtime":6329,"items_purged":["Strike_B","Strike_B","Strike_B"],"score":1046,"play_id":"2e7fd8cc-b9ed-4fa3-b088-06a06f8aeba1","local_time":"20210215214359","is_ascension_mode":true,"campfire_choices":[{"data":"Defragment","floor":6.0,"key":"SMITH"},{"floor":10.0,"key":"REST"},{"data":"Defragment","floor":13.0,"key":"SMITH"},{"floor":15.0,"key":"REST"},{"floor":27.0,"key":"REST"},{"floor":32.0,"key":"REST"},{"data":"Capacitor","floor":42.0,"key":"SMITH"},{"floor":44.0,"key":"REST"},{"data":"Seek","floor":49.0,"key":"SMITH"}],"circlet_count":0,"master_deck":["Defend_B","Defend_B","Defend_B","Zap","Dualcast","Rip and Tear+1","Sunder+1","Defragment+1","Seek+1","Defragment+1","Cold Snap","Melter","Coolheaded","Capacitor+1","Seek","Defragment","Hologram","Go for the Eyes","Self Repair","Coolheaded","Steam","Streamline","Hologram+1","Multi-Cast","Glacier","Cold Snap","Electrodynamics","Defragment+1","Barrage+1"],"relics":["Runic Pyramid","Strawberry","Dream Catcher","Orichalcum","Whetstone","Busted Crown","Omamori","Mummified Hand","Question Card","Bottled Flame","Black Star","Bronze Scales","Anchor","Lantern","Ice Cream","Red Mask","Art of War","Smiling Mask"],"acts_visited":["Exordium","TheCity","TheBeyond"],"potions_floor_usage":[],"damage_taken":[{"damage":4.0,"enemies":"Jaw Worm","floor":1.0,"turns":4.0},{"damage":1.0,"enemies":"Cultist","floor":2.0,"turns":3.0},{"damage":0.0,"enemies":"2 Louse","floor":4.0,"turns":2.0},{"damage":25.0,"enemies":"Lagavulin","floor":7.0,"turns":6.0},{"damage":1.0,"enemies":"2 Fungi Beasts","floor":8.0,"turns":2.0},{"damage":5.0,"enemies":"Exordium Thugs","floor":11.0,"turns":4.0},{"damage":14.0,"enemies":"Gremlin Nob","floor":12.0,"turns":4.0},{"damage":0.0,"enemies":"Lagavulin","floor":14.0,"turns":6.0},{"damage":9.0,"enemies":"The Guardian","floor":16.0,"turns":9.0},{"damage":2.0,"enemies":"Shell Parasite","floor":18.0,"turns":5.0},{"damage":0.0,"enemies":"Spheric Guardian","floor":22.0,"turns":1.0},{"damage":43.0,"enemies":"Book of Stabbing","floor":23.0,"turns":6.0},{"damage":0.0,"enemies":"3 Cultists","floor":24.0,"turns":5.0},{"damage":1.0,"enemies":"Snecko","floor":25.0,"turns":4.0},{"damage":11.0,"enemies":"Sentry and Sphere","floor":28.0,"turns":4.0},{"damage":11.0,"enemies":"Shelled Parasite and Fungi","floor":29.0,"turns":5.0},{"damage":6.0,"enemies":"Snake Plant","floor":30.0,"turns":5.0},{"damage":14.0,"enemies":"Gremlin Leader","floor":31.0,"turns":8.0},{"damage":1.0,"enemies":"Collector","floor":33.0,"turns":11.0},{"damage":43.0,"enemies":"3 Darklings","floor":35.0,"turns":6.0},{"damage":1.0,"enemies":"Orb Walker","floor":37.0,"turns":4.0},{"damage":8.0,"enemies":"Reptomancer","floor":40.0,"turns":9.0},{"damage":10.0,"enemies":"Spire Growth","floor":41.0,"turns":4.0},{"damage":0.0,"enemies":"3 Darklings","floor":47.0,"turns":4.0},{"damage":0.0,"enemies":"Giant Head","floor":48.0,"turns":11.0},{"damage":0,"enemies":"Donu and Deca","floor":50,"turns":8}],"seed_played":"1043764683050524361","potions_obtained":[{"floor":1.0,"key":"Energy Potion"},{"floor":4.0,"key":"Fire Potion"},{"floor":12.0,"key":"FocusPotion"},{"floor":14.0,"key":"DuplicationPotion"},{"floor":30.0,"key":"SteroidPotion"},{"floor":31.0,"key":"EntropicBrew"},{"floor":35.0,"key":"FocusPotion"},{"floor":40.0,"key":"FearPotion"},{"floor":47.0,"key":"Block Potion"}],"is_trial":false,"path_per_floor":["M","M","?","M","?","R","E","M","T","R","M","E","R","E","R","B",null,"M","?","$","?","M","E","M","M","T","R","M","M","M","E","R","B",null,"M","$","M","?","$","E","M","R","T","R","$","?","M","E","R","B",null],"character_chosen":"DEFECT","items_purchased":["Omamori","Hologram","Bronze Scales","Cold Snap"],"campfire_rested":5,"item_purchase_floors":[20,20,36,39],"current_hp_per_floor":[71,70,70,70,74,74,49,48,48,72,67,53,53,53,77,68,79,77,77,77,77,77,34,34,33,33,57,53,49,50,43,67,73,80,44,44,50,50,50,49,46,46,46,70,70,70,77,82,82,82],"gold":52,"neow_bonus":"BOSS_RELIC","is_daily":false,"chose_seed":false,"campfire_upgraded":4,"win_rate":0.0,"timestamp":1613443439,"path_taken":["M","M","?","?","?","R","E","M","T","R","M","E","R","E","R","BOSS","M","?","$","?","?","E","M","?","T","R","M","M","M","E","R","BOSS","M","$","M","?","?","E","?","R","T","R","$","?","M","E","R","BOSS"],"items_purchased_type":["Relic","Card","Relic","Card"],"build_version":"2020-12-22","purchased_purges":3,"victory":true,"max_hp_per_floor":[75,75,75,75,82,82,82,82,82,82,82,82,82,82,82,82,82,82,82,82,82,82,82,82,82,82,82,82,82,82,82,82,82,82,82,82,82,82,82,82,82,82,82,82,82,82,82,82,82,82],"card_choices":[{"not_picked":["Steam Power","Tempest"],"picked":"Rip and Tear","floor":1.0},{"not_picked":["Turbo","Lockon","Stack"],"picked":"SKIP","floor":2.0},{"not_picked":["Barrage","Tempest"],"picked":"Defragment","floor":4.0},{"not_picked":["Rebound","Capacitor"],"picked":"Seek","floor":7.0},{"not_picked":["Gash","Rip and Tear"],"picked":"Defragment","floor":8.0},{"not_picked":["Sweeping Beam","Gash"],"picked":"Cold Snap","floor":10.0},{"not_picked":["Skim","Darkness"],"picked":"Melter","floor":11.0},{"not_picked":["Fission","Static Discharge"],"picked":"Coolheaded","floor":12.0},{"not_picked":["Ball Lightning","Steam"],"picked":"Capacitor","floor":14.0},{"not_picked":["Reboot","All For One"],"picked":"Seek","floor":16.0},{"not_picked":[],"picked":"Defragment","floor":18.0},{"not_picked":["Leap"],"picked":"SKIP","floor":22.0},{"not_picked":["Lockon"],"picked":"SKIP","floor":23.0},{"not_picked":[],"picked":"Go for the Eyes","floor":24.0},{"not_picked":[],"picked":"Self Repair","floor":25.0},{"not_picked":["Tempest+1"],"picked":"Coolheaded","floor":27.0},{"not_picked":["Capacitor+1"],"picked":"Steam","floor":28.0},{"not_picked":["Lockon"],"picked":"Streamline","floor":29.0},{"not_picked":["Turbo","Conserve Battery"],"picked":"SKIP","floor":30.0},{"not_picked":["Leap+1","Reprogram+1"],"picked":"SKIP","floor":31.0},{"not_picked":["Self Repair+1"],"picked":"Hologram+1","floor":32.0},{"not_picked":["Thunder Strike"],"picked":"Multi-Cast","floor":33.0},{"not_picked":["Hologram+1"],"picked":"Glacier","floor":35.0},{"not_picked":["Go for the Eyes+1","Steam"],"picked":"SKIP","floor":37.0},{"not_picked":["Rebound"],"picked":"Electrodynamics","floor":40.0},{"not_picked":["Sweeping Beam+1","Reprogram+1"],"picked":"SKIP","floor":41.0},{"not_picked":["Cold Snap"],"picked":"Defragment+1","floor":44.0},{"not_picked":["Stack+1","Sweeping Beam"],"picked":"SKIP","floor":47.0},{"not_picked":["Steam+1"],"picked":"Barrage+1","floor":48.0}],"player_experience":218567,"relics_obtained":[{"floor":7.0,"key":"Dream Catcher"},{"floor":12.0,"key":"Orichalcum"},{"floor":14.0,"key":"Whetstone"},{"floor":23.0,"key":"Mummified Hand"},{"floor":26.0,"key":"Question Card"},{"floor":31.0,"key":"Bottled Flame"},{"floor":40.0,"key":"Anchor"},{"floor":40.0,"key":"Lantern"},{"floor":43.0,"key":"Ice Cream"},{"floor":48.0,"key":"Art of War"},{"floor":48.0,"key":"Smiling Mask"}],"event_choices":[{"damage_healed":0.0,"max_hp_gain":0.0,"max_hp_loss":0.0,"gold_gain":0.0,"cards_transformed":["Strike_B"],"event_name":"Transmorgrifier","player_choice":"Transformed","floor":3.0,"gold_loss":0.0,"damage_taken":0.0,"cards_obtained":["Sunder"]},{"damage_healed":0.0,"max_hp_gain":0.0,"max_hp_loss":0.0,"gold_gain":0.0,"event_name":"Scrap Ooze","player_choice":"Success","floor":5.0,"gold_loss":0.0,"damage_taken":3.0,"relics_obtained":["Strawberry"]},{"damage_healed":0.0,"max_hp_gain":0.0,"max_hp_loss":0.0,"gold_gain":0.0,"event_name":"Ghosts","player_choice":"Ignored","floor":19.0,"gold_loss":0.0,"damage_taken":0.0},{"cards_removed":["Defend_B"],"damage_healed":0.0,"max_hp_gain":0.0,"max_hp_loss":0.0,"gold_gain":0.0,"event_name":"Bonfire Elementals","player_choice":"Offered Basic","floor":21.0,"gold_loss":0.0,"damage_taken":0.0},{"damage_healed":0.0,"max_hp_gain":0.0,"max_hp_loss":0.0,"gold_gain":0.0,"event_name":"Match and Keep!","player_choice":"0 cards matched","floor":38.0,"gold_loss":0.0,"damage_taken":0.0,"cards_obtained":[]},{"damage_healed":0.0,"max_hp_gain":0.0,"max_hp_loss":0.0,"gold_gain":0.0,"event_name":"Tomb of Lord Red Mask","player_choice":"Paid","floor":46.0,"gold_loss":113.0,"damage_taken":0.0,"relics_obtained":["Red Mask"]}],"is_beta":false,"boss_relics":[{"not_picked":["Calling Bell","SacredBark"],"picked":"Busted Crown"},{"not_picked":["Philosopher\u0027s Stone","Snecko Eye"],"picked":"Black Star"}],"items_purged_floors":[20,36,39],"is_endless":false,"potions_floor_spawned":[1,4,12,14,16,18,22,30,31,33,35,40,47],"ascension_level":5}}