{"host":"pjs3onqg3oojtp5b","time":1613496529,"event":{"mods":["2.2 Compatiblity","AchievementEnabler","Act Like it!","BaseMod","Better Match","Better Third Choice","Colored Powertips","DeckTracker","Highlight Path","Minty Spire (QoL Compilation)","StSLib"],"gold_per_floor":[112,122,122,135,151,181,181,201,225,249,261,198,210,222,234,349,361,386,381,170,184,184,184],"floor_reached":22,"language":"ENG","playtime":898,"items_purged":["Strike_R"],"score":273,"play_id":"cfda738a-c5ba-4e0a-82d5-fd11ac10835d","local_time":"20210216182849","is_ascension_mode":true,"campfire_choices":[{"data":"Shockwave","floor":7.0,"key":"SMITH"},{"data":"Bash","floor":11.0,"key":"SMITH"},{"floor":13.0,"key":"REST"},{"floor":15.0,"key":"REST"}],"circlet_count":0,"master_deck":["Strike_R","Strike_R","Strike_R","Strike_R","Defend_R","Defend_R","Defend_R","Defend_R","Bash+1","Thunderclap","Shockwave+1","Ghostly Armor","Seeing Red+1","Limit Break+1","Double Tap","CurseOfTheBell","Inflame+1"],"relics":["Busted Crown","Strawberry","MawBank","Calling Bell","Happy Flower","Molten Egg 2","Champion Belt","Akabeko"],"acts_visited":["Exordium","TheCity"],"potions_floor_usage":[16,18],"damage_taken":[{"damage":8.0,"enemies":"2 Louse","floor":1.0,"turns":4.0},{"damage":1.0,"enemies":"Cultist","floor":2.0,"turns":3.0},{"damage":7.0,"enemies":"Jaw Worm","floor":4.0,"turns":3.0},{"damage":6.0,"enemies":"Red Slaver","floor":5.0,"turns":4.0},{"damage":17.0,"enemies":"Gremlin Nob","floor":6.0,"turns":4.0},{"damage":20.0,"enemies":"Exordium Thugs","floor":8.0,"turns":8.0},{"damage":6.0,"enemies":"Lots of Slimes","floor":10.0,"turns":5.0},{"damage":23,"enemies":"Slime Boss","floor":16,"turns":6},{"damage":16,"enemies":"Chosen","floor":18,"turns":7},{"damage":23,"enemies":"2 Thieves","floor":19,"turns":4},{"damage":29,"enemies":"Snecko","floor":21,"turns":7},{"damage":8,"enemies":"Chosen and Byrds","floor":22,"turns":1}],"seed_played":"-2970842244127325936","potions_obtained":[{"floor":4.0,"key":"SteroidPotion"},{"floor":5.0,"key":"BloodPotion"},{"floor":8.0,"key":"Block Potion"},{"floor":16,"key":"SpeedPotion"},{"floor":18,"key":"Regen Potion"}],"is_trial":false,"path_per_floor":["M","M","?","M","M","E","R","M","T","M","R","?","R","$","R","B",null,"M","M","$","M","M"],"character_chosen":"IRONCLAD","items_purchased":["Akabeko"],"campfire_rested":2,"item_purchase_floors":[20],"current_hp_per_floor":[64,63,63,56,50,40,40,20,20,14,14,14,40,40,66,43,76,60,37,37,8,0,0],"gold":184,"neow_bonus":"BOSS_RELIC","is_daily":false,"chose_seed":false,"campfire_upgraded":2,"win_rate":0.0,"timestamp":1613496529,"path_taken":["M","M","?","M","M","E","R","M","T","?","R","?","R","?","R","BOSS","M","?","$","M","M"],"items_purchased_type":["Relic"],"build_version":"2020-12-22","purchased_purges":1,"victory":false,"max_hp_per_floor":[80,80,80,80,80,87,87,87,87,87,87,87,87,87,87,87,87,87,87,87,87,87,87],"card_choices":[{"not_picked":[],"picked":"Thunderclap","floor":1.0},{"not_picked":[],"picked":"Shockwave","floor":2.0},{"not_picked":["Thunderclap"],"picked":"SKIP","floor":4.0},{"not_picked":[],"picked":"Ghostly Armor","floor":5.0},{"not_picked":["Clash"],"picked":"SKIP","floor":6.0},{"not_picked":["Havoc"],"picked":"SKIP","floor":8.0},{"not_picked":["Clash"],"picked":"SKIP","floor":10.0},{"not_picked":[],"picked":"Seeing Red+1","floor":12.0},{"not_picked":[],"picked":"Limit Break+1","floor":12.0},{"not_picked":[],"picked":"Double Tap","floor":16},{"not_picked":["Bloodletting+1"],"picked":"SKIP","floor":18},{"not_picked":[],"picked":"Inflame+1","floor":19},{"not_picked":["Wild Strike+1"],"picked":"SKIP","floor":21}],"player_experience":340123,"relics_obtained":[{"floor":6.0,"key":"Strawberry"},{"floor":9.0,"key":"MawBank"},{"floor":17,"key":"Happy Flower"},{"floor":17,"key":"Molten Egg 2"},{"floor":17,"key":"Champion Belt"}],"event_choices":[{"damage_healed":0.0,"max_hp_gain":0.0,"max_hp_loss":0.0,"gold_gain":0.0,"event_name":"The Woman in Blue","player_choice":"Bought 0 Potions","floor":3.0,"gold_loss":0.0,"damage_taken":0.0},{"damage_healed":0.0,"max_hp_gain":0.0,"max_hp_loss":0.0,"gold_gain":0.0,"event_name":"betterMatch:BetterMatch","player_choice":"2","floor":12.0,"gold_loss":0.0,"damage_taken":0.0,"cards_obtained":["betterMatch:UncommonCard","betterMatch:RareCard"]}],"is_beta":false,"boss_relics":[{"not_picked":["Fusion Hammer","Pandora\u0027s Box"],"picked":"Calling Bell"}],"items_purged_floors":[20],"is_endless":false,"potions_floor_spawned":[4,5,8,16,18],"killed_by":"Chosen and Byrds","ascension_level":9}}