{"host":"ctlqibkg0sskiu65","time":1613467380,"event":{"mods":["AchievementEnabler","Aspiration","Astrologer","BaseMod","Better Third Choice","BetterRewards","Colored Map","Colored Powertips","Conspire","Curses Come First","Fiend Mod","Infinite Spire","Minty Spire (QoL Compilation)","Potionbrewer","Quick Restart","Reliquary","Replay The Spire","Robot Space Explorer","Shade Mod","Shop Mod","StSLib","The Blackbeard","The Bladedancer","The Cursed","The Death Knight","The Hierophant","The Jungle","The Kombatant","The Necromancer","The Poker Player","The Servant 0.9.4","TheBandit","Wide Potions","thorton"],"gold_per_floor":[116,126,126,51,65,65,91,91,141,156,183,183,202,219,219,324,324,343,379,392,26,39,39,58,77,77,93,93,93],"floor_reached":28,"language":"ENG","playtime":1360,"items_purged":["DeathKnight:Strike_DeathKnight","DeathKnight:Strike_DeathKnight"],"score":324,"play_id":"0b367f7c-822a-4625-a0de-376dba0032e9","local_time":"20210216032300","is_ascension_mode":false,"campfire_choices":[{"data":"DeathKnight:Pestilence","floor":6,"key":"SMITH"},{"data":"DeathKnight:RuneTap","floor":8,"key":"SMITH"},{"floor":12,"key":"REST"},{"floor":15,"key":"REST"},{"data":"DeathKnight:UnholyPresence","floor":23,"key":"SMITH"}],"circlet_count":0,"master_deck":["DeathKnight:Strike_DeathKnight","DeathKnight:Strike_DeathKnight","DeathKnight:Strike_DeathKnight","DeathKnight:Defend_DeathKnight","DeathKnight:Defend_DeathKnight+1","DeathKnight:Defend_DeathKnight+1","DeathKnight:Defend_DeathKnight","DeathKnight:Defend_DeathKnight","DeathKnight:RuneTap+1","DeathKnight:RuneStrike","DeathKnight:Pestilence+1","DeathKnight:FoulBulwark","Replay:Fractal Strike","DeathKnight:RuneShock","DeathKnight:UnholyFrenzy","DeathKnight:FesteringStrike","DeathKnight:BoneShield","DeathKnight:UnholyPresence+1","DeathKnight:MutagenicPlague","DeathKnight:Contagion"],"relics":["DeathKnight:BrokenRuneblade","Counterbalance","reliquary:BrokenClock","Gremlin Food","Anchor","DeathKnight:Shadowmourne","Centennial Puzzle","Membership Card","Anchor","conspire:DecoderRing"],"acts_visited":["Exordium","TheCity"],"potions_floor_usage":[7,18,19,20,25,28],"damage_taken":[{"damage":0,"enemies":"Cultist","floor":1,"turns":3},{"damage":13,"enemies":"Jaw Worm","floor":2,"turns":4},{"damage":0,"enemies":"Small Slimes","floor":5,"turns":3},{"damage":19,"enemies":"Lagavulin","floor":7,"turns":5},{"damage":13,"enemies":"2 Fungi Beasts","floor":10,"turns":5},{"damage":3,"enemies":"Red Slaver","floor":13,"turns":4},{"damage":10,"enemies":"conspire:2 RoseBushes","floor":14,"turns":5},{"damage":13,"enemies":"Hexaghost","floor":16,"turns":7},{"damage":11,"enemies":"Shell Parasite","floor":18,"turns":3},{"damage":38,"enemies":"conspire:MimicChest","floor":19,"turns":5},{"damage":0,"enemies":"conspire:FuzzyDice","floor":20,"turns":4},{"damage":13,"enemies":"3 Cultists","floor":22,"turns":5},{"damage":11,"enemies":"Cultist and Chosen","floor":24,"turns":5},{"damage":16,"enemies":"Snake Plant","floor":25,"turns":3},{"damage":5,"enemies":"conspire:HollyBat","floor":27,"turns":6},{"damage":11,"enemies":"Colosseum Slavers","floor":28,"turns":2}],"seed_played":"-4045433633047335994","potions_obtained":[{"floor":2,"key":"Languid Potion"},{"floor":10,"key":"Strength Potion"},{"floor":13,"key":"BlessingOfTheForge"},{"floor":14,"key":"SkillPotion"},{"floor":18,"key":"Regen Potion"},{"floor":20,"key":"FearPotion"},{"floor":25,"key":"AttackPotion"},{"floor":27,"key":"potionbrewer:AcidPotion"}],"is_trial":false,"path_per_floor":["M","M","?","$","M","R","E","R","T","M","T","R","M","M","R","B",null,"M","?","M","$","M","R","M","M","T","M","?"],"character_chosen":"DEATH_KNIGHT","items_purchased":["DeathKnight:Pestilence","reliquary:BrokenClock","Membership Card","reliquary:SculptingSteel","DeathKnight:BoneShield"],"campfire_rested":2,"item_purchase_floors":[0,0,21,21,21],"current_hp_per_floor":[75,62,44,44,44,44,25,25,25,12,12,34,31,21,43,30,75,64,41,41,41,28,28,17,12,12,7,0,0],"gold":93,"neow_bonus":"","is_daily":false,"chose_seed":false,"campfire_upgraded":3,"win_rate":0.0,"timestamp":1613467380,"path_taken":["M","M","?","$","M","R","E","R","T","M","?","R","M","M","R","BOSS","M","?","M","$","?","R","M","M","T","M","?"],"items_purchased_type":["Card","Relic","Relic","Relic","Card"],"build_version":"2020-12-22","purchased_purges":2,"victory":false,"max_hp_per_floor":[75,75,75,75,75,75,75,75,75,75,75,75,75,75,75,75,75,75,75,75,75,75,75,75,75,75,75,75,75],"card_choices":[{"not_picked":["DeathKnight:MindFreeze","DeathKnight:RunicCorruption"],"picked":"DeathKnight:FoulBulwark","floor":1},{"not_picked":["DeathKnight:BladedArmor","DeathKnight:BloodTap","DeathKnight:BloodStrike"],"picked":"SKIP","floor":2},{"not_picked":["infinitespire:Punishment","infinitespire:TheBestDefense"],"picked":"Replay:Fractal Strike","floor":3},{"not_picked":["DeathKnight:Parry","DeathKnight:BloodEchoes","DeathKnight:BludPresence"],"picked":"SKIP","floor":5},{"not_picked":["DeathKnight:DeathGrip","DeathKnight:Parry"],"picked":"DeathKnight:RuneShock","floor":7},{"not_picked":["DeathKnight:ShatteringStrikes","DeathKnight:Runeguard"],"picked":"DeathKnight:UnholyFrenzy","floor":10},{"not_picked":["DeathKnight:ScourgeStrike","DeathKnight:UnholyAssault","DeathKnight:Lichborne"],"picked":"SKIP","floor":13},{"not_picked":["DeathKnight:DreadStrike","DeathKnight:DeathStrike","DeathKnight:ShatteringStrikes"],"picked":"SKIP","floor":14},{"not_picked":["DeathKnight:BloodStrike","DeathKnight:IcyTouch","DeathKnight:AntiMagicShell"],"picked":"SKIP","floor":18},{"not_picked":["DeathKnight:DreadStrike","DeathKnight:ChainsOfIce"],"picked":"DeathKnight:FesteringStrike","floor":19},{"not_picked":["DeathKnight:DarkSuccor","DeathKnight:RaiseAlly","DeathKnight:MindFreeze+1"],"picked":"SKIP","floor":20},{"not_picked":["DeathKnight:Rot","DeathKnight:AntiMagicShell"],"picked":"DeathKnight:UnholyPresence","floor":22},{"not_picked":["DeathKnight:DeathCoil","DeathKnight:BoneShield"],"picked":"DeathKnight:MutagenicPlague","floor":24},{"not_picked":["DeathKnight:Parry","DeathKnight:Runeguard"],"picked":"DeathKnight:Contagion","floor":25},{"not_picked":["DeathKnight:DeathGrip","DeathKnight:Marrowrend","DeathKnight:Ossuary"],"picked":"SKIP","floor":27}],"player_experience":312254,"relics_obtained":[{"floor":7,"key":"Gremlin Food"},{"floor":11,"key":"Anchor"},{"floor":19,"key":"Centennial Puzzle"},{"floor":26,"key":"conspire:DecoderRing"}],"event_choices":[{"damage_healed":0,"gold_gain":0,"player_choice":"Fight","damage_taken":0,"max_hp_gain":0,"max_hp_loss":0,"event_name":"Colosseum","floor":28,"gold_loss":0}],"is_beta":false,"boss_relics":[{"not_picked":["Black Star","Replay:Drink Me"],"picked":"DeathKnight:Shadowmourne"}],"items_purged_floors":[4,21],"is_endless":false,"potions_floor_spawned":[2,10,13,14,18,20,25,27],"killed_by":"Colosseum Slavers","ascension_level":0}}