{"host":"nuu0xlk1bpqu5s2n","time":1613518491,"event":{"mods":["AchievementEnabler","BaseMod","Minty Spire (QoL Compilation)","StSLib"],"gold_per_floor":[367,367,381,397,84,84,84,119,167,167,167,167,197,37,37,109,109,119,119,132,150,163,163,163],"floor_reached":23,"language":"ENG","playtime":1219,"items_purged":["Strike_G"],"score":498,"play_id":"2c0a13c7-cf69-4628-8fc3-05b0ca89cc31","local_time":"20210217013451","is_ascension_mode":true,"campfire_choices":[{"data":"A Thousand Cuts","floor":6,"key":"SMITH"},{"floor":10,"key":"REST"},{"data":"Concentrate","floor":12,"key":"SMITH"},{"floor":15,"key":"REST"}],"circlet_count":0,"master_deck":["AscendersBane","Strike_G","Strike_G","Strike_G","Defend_G","Defend_G","Defend_G","Defend_G","Defend_G","Survivor","Neutralize","Slice","Concentrate+1","Backflip","A Thousand Cuts+1","Blade Dance","Wraith Form v2","Predator","Crippling Poison","Backflip"],"relics":["Ring of the Snake","Toolbox","Toy Ornithopter","Snake Skull","Ancient Tea Set","Paper Crane","Bag of Marbles","Snecko Eye"],"acts_visited":["Exordium","TheCity"],"potions_floor_usage":[8,16,23,23],"damage_taken":[{"damage":4,"enemies":"Cultist","floor":1,"turns":4},{"damage":1,"enemies":"2 Louse","floor":3,"turns":3},{"damage":5,"enemies":"Small Slimes","floor":4,"turns":4},{"damage":24,"enemies":"Gremlin Nob","floor":8,"turns":4},{"damage":37,"enemies":"Lagavulin","floor":13,"turns":9},{"damage":0,"enemies":"Slime Boss","floor":16,"turns":5},{"damage":19,"enemies":"2 Thieves","floor":18,"turns":4},{"damage":19,"enemies":"Chosen","floor":20,"turns":5},{"damage":1,"enemies":"Centurion and Healer","floor":21,"turns":3},{"damage":5,"enemies":"Cultist and Chosen","floor":22,"turns":6},{"damage":26,"enemies":"Book of Stabbing","floor":23,"turns":7}],"seed_played":"1196002345330433206","potions_obtained":[{"floor":3,"key":"DuplicationPotion"},{"floor":4,"key":"FearPotion"},{"floor":16,"key":"LiquidMemories"},{"floor":18,"key":"ColorlessPotion"},{"floor":21,"key":"Dexterity Potion"},{"floor":22,"key":"Fire Potion"}],"is_trial":false,"path_per_floor":["M","?","M","M","$","R","?","E","T","R","?","R","E","$","R","B",null,"M","?","M","M","M","E"],"character_chosen":"THE_SILENT","items_purchased":["A Thousand Cuts","Toolbox","Bag of Marbles"],"campfire_rested":2,"item_purchase_floors":[5,5,14],"current_hp_per_floor":[55,55,54,49,49,49,44,25,25,43,48,48,11,11,30,35,58,39,39,20,19,14,0,0],"gold":163,"neow_bonus":"TWO_FIFTY_GOLD","is_daily":false,"chose_seed":false,"campfire_upgraded":2,"win_rate":0.0,"timestamp":1613518491,"path_taken":["M","?","M","M","$","R","?","E","T","R","?","R","E","?","R","BOSS","M","?","M","M","M","E"],"items_purchased_type":["Card","Relic","Relic"],"build_version":"2020-12-22","purchased_purges":1,"victory":false,"max_hp_per_floor":[60,60,60,60,60,60,60,60,60,60,65,65,65,65,65,65,65,65,65,65,65,65,65,65],"card_choices":[{"not_picked":["Deflect","Outmaneuver"],"picked":"Slice","floor":1},{"not_picked":["Dagger Throw","Heel Hook"],"picked":"Backflip","floor":3},{"not_picked":["Backflip","Riddle With Holes","Deflect"],"picked":"SKIP","floor":4},{"not_picked":["Flechettes","Sucker Punch","Blur"],"picked":"SKIP","floor":8},{"not_picked":["Catalyst","Eviscerate"],"picked":"Blade Dance","floor":13},{"not_picked":["Unload","Glass Knife"],"picked":"Wraith Form v2","floor":16},{"not_picked":["Distraction","Underhanded Strike+1"],"picked":"Predator","floor":18},{"not_picked":["Infinite Blades","Riddle With Holes"],"picked":"Crippling Poison","floor":20},{"not_picked":["Outmaneuver","Distraction+1","Dagger Spray+1"],"picked":"SKIP","floor":21},{"not_picked":["Cloak And Dagger","PiercingWail"],"picked":"Backflip","floor":22}],"player_experience":556551,"relics_obtained":[{"floor":8,"key":"Snake Skull"},{"floor":9,"key":"Ancient Tea Set"},{"floor":13,"key":"Paper Crane"}],"event_choices":[{"damage_healed":0,"gold_gain":0,"cards_transformed":["Strike_G"],"player_choice":"Change","damage_taken":0,"max_hp_gain":0,"max_hp_loss":0,"event_name":"Living Wall","floor":2,"gold_loss":0,"cards_obtained":["Concentrate"]},{"damage_healed":0,"gold_gain":0,"player_choice":"Success","damage_taken":5,"relics_obtained":["Toy Ornithopter"],"max_hp_gain":0,"max_hp_loss":0,"event_name":"Scrap Ooze","floor":7,"gold_loss":0},{"damage_healed":0,"gold_gain":0,"player_choice":"Donut","damage_taken":0,"max_hp_gain":5,"max_hp_loss":0,"event_name":"Big Fish","floor":11,"gold_loss":0},{"damage_healed":0,"gold_gain":0,"player_choice":"0 cards matched","damage_taken":0,"max_hp_gain":0,"max_hp_loss":0,"event_name":"Match and Keep!","floor":19,"gold_loss":0,"cards_obtained":[]}],"is_beta":false,"boss_relics":[{"not_picked":["HoveringKite","Empty Cage"],"picked":"Snecko Eye"}],"items_purged_floors":[5],"is_endless":false,"potions_floor_spawned":[3,4,16,18,21,22],"killed_by":"Book of Stabbing","ascension_level":20}}