{"host":"9rehsd5oi9uaydbk","time":1613435518,"event":{"mods":["AchievementEnabler","Act Like it!","Aspiration","BaseMod","Colored Powertips","Curses Come First","Downfall","Hallownest","Hermit","Hubris","Jorbs\u0027s Wanderer Trilogy","Minty Spire (QoL Compilation)","Reliquary","Shop Mod","StSLib","The Bug Knight"],"gold_per_floor":[118,136,136,136,136,136,136,156,156,75,96,114,140,153,153,282,282,300,325,285,285,285],"floor_reached":21,"language":"ENG","playtime":821,"items_purged":[],"score":171,"play_id":"13c4c22d-11ba-4a15-be0a-8a92cd2f9c09","local_time":"20210215193158","is_ascension_mode":false,"campfire_choices":[{"floor":6,"key":"REST"},{"floor":15,"key":"REST"}],"circlet_count":0,"master_deck":["hermit:Strike_Hermit","hermit:Strike_Hermit","hermit:Strike_Hermit","hermit:Strike_Hermit","hermit:Defend_Hermit","hermit:Defend_Hermit","hermit:Defend_Hermit","hermit:Defend_Hermit","hermit:Snapshot","hermit:Covet","hermit:RoundhouseKick","hermit:Feint","hermit:Desperado+1","hermit:PistolWhip","hermit:Maintenance","hermit:Showdown+1","hermit:Quickdraw","hermit:ShadowCloak"],"relics":["hermit:Momento","Golden Idol","Bag of Preparation","Anchor","SacredBark"],"acts_visited":["Exordium","TheCity"],"potions_floor_usage":[8,16,16,19],"damage_taken":[{"damage":5,"enemies":"Cultist","floor":1,"turns":4},{"damage":0,"enemies":"Small Slimes","floor":2,"turns":2},{"damage":0,"enemies":"2 Louse","floor":8,"turns":2},{"damage":0,"enemies":"Blue Slaver","floor":11,"turns":4},{"damage":2,"enemies":"Large Slime","floor":12,"turns":5},{"damage":13,"enemies":"Exordium Wildlife","floor":14,"turns":5},{"damage":37,"enemies":"The Guardian","floor":16,"turns":11},{"damage":30,"enemies":"2 Thieves","floor":18,"turns":5},{"damage":6,"enemies":"3 Byrds","floor":19,"turns":5},{"damage":42,"enemies":"Sentry and Sphere","floor":21,"turns":6}],"seed_played":"-7402843848353978151","potions_obtained":[{"floor":1,"key":"sneckomod:MuddlingPotion"},{"floor":8,"key":"bronze:BurnAndBuffPotion"},{"floor":14,"key":"Strength Potion"},{"floor":18,"key":"DistilledChaos"}],"is_trial":false,"path_per_floor":["M","M","?","?","?","R","$","M","T","$","M","M","T","M","R","B",null,"M","M","?","M"],"character_chosen":"HERMIT","items_purchased":["hermit:Maintenance"],"campfire_rested":2,"item_purchase_floors":[10],"current_hp_per_floor":[70,70,70,70,52,74,74,74,74,74,74,72,72,59,75,38,75,45,39,39,0,0],"gold":285,"neow_bonus":"ONE_RANDOM_RARE_CARD","is_daily":false,"chose_seed":false,"campfire_upgraded":0,"win_rate":0.0,"timestamp":1613435518,"path_taken":["M","?","?","?","?","R","?","?","T","$","M","M","?","?","R","BOSS","M","M","?","?"],"items_purchased_type":["Card"],"build_version":"2020-12-22","purchased_purges":0,"victory":false,"max_hp_per_floor":[75,75,75,75,75,75,75,75,75,75,75,75,75,75,75,75,75,75,75,75,75,75],"card_choices":[{"not_picked":["hermit:Deadeye","hermit:Combo"],"picked":"hermit:Feint","floor":1},{"not_picked":["hermit:Spite","hermit:LuckOfTheDraw"],"picked":"hermit:Desperado","floor":2},{"not_picked":["hermit:ItchyTrigger","hermit:LowProfile"],"picked":"hermit:PistolWhip","floor":8},{"not_picked":["hermit:Enervate","hermit:Scavenge","hermit:HoleUp"],"picked":"SKIP","floor":11},{"not_picked":["hermit:Misfire","hermit:Vantage"],"picked":"hermit:Showdown","floor":12},{"not_picked":["hermit:BodyArmor","hermit:Misfire","hermit:Feint"],"picked":"SKIP","floor":14},{"not_picked":["hermit:Snipe+1","hermit:HighCaliber"],"picked":"hermit:Quickdraw","floor":18},{"not_picked":["hermit:Dive+1","hermit:PistolWhip"],"picked":"hermit:ShadowCloak","floor":19}],"player_experience":214822,"relics_obtained":[{"floor":9,"key":"Bag of Preparation"},{"floor":13,"key":"Anchor"}],"event_choices":[{"damage_healed":0,"gold_gain":0,"player_choice":"Grow","damage_taken":0,"max_hp_gain":0,"max_hp_loss":0,"event_name":"Living Wall","floor":3,"gold_loss":0,"cards_upgraded":["hermit:Desperado"]},{"damage_healed":0,"gold_gain":0,"player_choice":"Leave","damage_taken":0,"max_hp_gain":0,"max_hp_loss":0,"event_name":"The Cleric","floor":4,"gold_loss":0},{"damage_healed":0,"gold_gain":0,"player_choice":"Take Damage","damage_taken":18,"relics_obtained":["Golden Idol"],"max_hp_gain":0,"max_hp_loss":0,"event_name":"Golden Idol","floor":5,"gold_loss":0},{"damage_healed":0,"gold_gain":0,"player_choice":"Upgrade","damage_taken":0,"max_hp_gain":0,"max_hp_loss":0,"event_name":"Designer","floor":20,"gold_loss":40,"cards_upgraded":["hermit:Showdown"]}],"is_beta":false,"boss_relics":[{"not_picked":["Runic Dome","aspiration:WatcherSkillbook"],"picked":"SacredBark"}],"items_purged_floors":[],"is_endless":false,"potions_floor_spawned":[1,8,14,18],"killed_by":"Sentry and Sphere","ascension_level":0}}