{"host":"ftf7rwqr5w72pdsx","time":1613436987,"event":{"mods":["BaseMod","Bestiary","Minty Spire (QoL Compilation)","Relic Stats","Slay the Relics Exporter"],"gold_per_floor":[110,30,30,40,40,40,40,40,40,67,142,158,186,33,33,129,129,147,167,167,202,221,252,252,252,252,252,152,177,33,61,61,157,157,173,173,187,205,427,462,462,489,535,563,563,91,91,110,110,110,110],"floor_reached":50,"language":"ENG","playtime":3440,"items_purged":["Defend_P","Strike_P"],"score":1000,"play_id":"2723c02d-b3ba-4977-853d-acf09195a766","local_time":"20210215185627","is_ascension_mode":true,"campfire_choices":[{"data":"Adaptation","floor":6,"key":"SMITH"},{"data":"Eruption","floor":8,"key":"SMITH"},{"data":"TalkToTheHand","floor":15,"key":"SMITH"},{"data":"MentalFortress","floor":24,"key":"SMITH"},{"data":"CrushJoints","floor":27,"key":"SMITH"},{"floor":32,"key":"REST"},{"floor":49,"key":"RECALL"}],"circlet_count":0,"master_deck":["Strike_P+1","Defend_P","Defend_P+1","Defend_P","Eruption+1","Vigilance","Adaptation+1","BattleHymn+1","FlurryOfBlows+1","FlurryOfBlows+1","ClearTheMind","BowlingBash","TalkToTheHand+1","Vault+1","Crescendo","SashWhip","ThirdEye","LessonLearned+1","FearNoEvil","CrushJoints+1","MentalFortress+1","Necronomicurse","SashWhip+1","Halt","Wireheading+1","FlurryOfBlows","Crescendo+1","CrushJoints","Vault+1","ThirdEye+1","Discovery","Panache+1","Magnetism+1","FlurryOfBlows+1","Parasite","FollowUp+1","TalkToTheHand+1","Vengeance+1","WaveOfTheHand","Tantrum+1"],"relics":["PureWater","NeowsBlessing","Yang","HornCleat","Shuriken","Oddly Smooth Stone","Sozu","Red Mask","Darkstone Periapt","Necronomicon","Frozen Egg 2","Pen Nib","Orrery","Bag of Preparation","Calling Bell","Juzu Bracelet","Meat on the Bone","Pocketwatch","MealTicket","Molten Egg 2","Potion Belt","TheAbacus","TeardropLocket","Gremlin Horn"],"acts_visited":["Exordium","TheCity","TheBeyond"],"potions_floor_usage":[31,50],"damage_taken":[{"damage":0,"enemies":"Small Slimes","floor":1,"turns":1},{"damage":0,"enemies":"2 Louse","floor":4,"turns":1},{"damage":0,"enemies":"Gremlin Nob","floor":10,"turns":1},{"damage":7,"enemies":"Jaw Worm","floor":12,"turns":3},{"damage":0,"enemies":"Lagavulin","floor":13,"turns":4},{"damage":0,"enemies":"Hexaghost","floor":16,"turns":5},{"damage":0,"enemies":"3 Byrds","floor":18,"turns":3},{"damage":0,"enemies":"Spheric Guardian","floor":19,"turns":3},{"damage":0,"enemies":"Masked Bandits","floor":21,"turns":3},{"damage":0,"enemies":"Chosen and Byrds","floor":22,"turns":4},{"damage":0,"enemies":"Gremlin Leader","floor":23,"turns":3},{"damage":16,"enemies":"Slavers","floor":31,"turns":3},{"damage":18,"enemies":"Collector","floor":33,"turns":5},{"damage":0,"enemies":"3 Shapes","floor":35,"turns":3},{"damage":0,"enemies":"3 Darklings","floor":37,"turns":4},{"damage":4,"enemies":"Writhing Mass","floor":38,"turns":7},{"damage":6,"enemies":"Nemesis","floor":40,"turns":7},{"damage":11,"enemies":"Reptomancer","floor":42,"turns":3},{"damage":0,"enemies":"Giant Head","floor":44,"turns":5},{"damage":0,"enemies":"Maw","floor":48,"turns":6},{"damage":84,"enemies":"Time Eater","floor":50,"turns":8}],"seed_played":"8626424019292498453","potions_obtained":[{"floor":4,"key":"EssenceOfSteel"},{"floor":13,"key":"Swift Potion"},{"floor":16,"key":"Weak Potion"}],"is_trial":false,"path_per_floor":["M","$","?","M","?","R","T","R","T","E","?","M","E","$","R","B",null,"M","M","?","?","M","E","R","?","T","R","$","T","$","E","R","B",null,"M","?","M","M","?","E","?","E","T","E","?","$","T","M","R","B"],"character_chosen":"WATCHER","items_purchased":["BattleHymn","TalkToTheHand","Orrery","TheAbacus","TeardropLocket","WaveOfTheHand"],"campfire_rested":1,"item_purchase_floors":[2,14,30,46,46,46],"current_hp_per_floor":[72,72,77,77,77,77,77,77,77,77,66,59,59,59,59,59,73,73,73,73,73,73,73,73,63,63,63,63,63,63,47,71,53,76,76,66,66,68,68,62,62,51,51,51,51,66,66,66,66,0,0],"gold":110,"neow_bonus":"THREE_ENEMY_KILL","is_daily":false,"chose_seed":false,"campfire_upgraded":5,"win_rate":0.0,"timestamp":1613436987,"path_taken":["M","$","?","M","?","R","?","R","T","E","?","M","E","$","R","BOSS","M","M","?","?","M","E","R","?","T","R","?","?","$","E","R","BOSS","M","?","M","M","?","E","?","E","T","E","?","?","?","M","R","BOSS"],"items_purchased_type":["Card","Card","Relic","Relic","Relic","Card"],"build_version":"2020-12-22","purchased_purges":2,"victory":false,"max_hp_per_floor":[72,72,77,77,77,77,77,77,77,77,77,77,77,77,77,77,77,77,77,77,77,77,77,77,83,83,83,83,83,83,83,83,83,83,83,83,83,89,89,89,89,89,89,89,89,89,89,89,89,89,89],"relic_stats":{"Darkstone Periapt":12,"Gremlin Horn":[0,0],"counters":[21,82],"Yang":[257],"Pen Nib":[17],"Bag of Preparation":[18],"Juzu Bracelet":1,"Sozu":6,"TheAbacus":[12],"Shuriken":[57],"MealTicket":15,"Necronomicon":[6],"obtain_stats":[{"Darkstone Periapt":23,"Potion Belt":44,"NeowsBlessing":0,"Gremlin Horn":47,"Oddly Smooth Stone":13,"Yang":7,"Pen Nib":29,"Bag of Preparation":31,"Juzu Bracelet":34,"TeardropLocket":46,"Frozen Egg 2":26,"Sozu":17,"Calling Bell":34,"HornCleat":9,"TheAbacus":46,"Shuriken":10,"Orrery":30,"MealTicket":40,"Molten Egg 2":42,"Red Mask":21,"Necronomicon":25,"PureWater":0,"Meat on the Bone":34,"Pocketwatch":34},{"Darkstone Periapt":11,"Potion Belt":19,"NeowsBlessing":0,"Gremlin Horn":19,"Oddly Smooth Stone":5,"Yang":2,"Pen Nib":11,"Bag of Preparation":12,"Juzu Bracelet":13,"TeardropLocket":19,"Frozen Egg 2":11,"Sozu":6,"Calling Bell":13,"HornCleat":2,"TheAbacus":19,"Shuriken":3,"Orrery":11,"MealTicket":17,"Molten Egg 2":18,"Red Mask":9,"Necronomicon":11,"PureWater":0,"Meat on the Bone":13,"Pocketwatch":13},{"Darkstone Periapt":31,"Potion Belt":68,"NeowsBlessing":0,"Gremlin Horn":68,"Oddly Smooth Stone":10,"Yang":2,"Pen Nib":31,"Bag of Preparation":34,"Juzu Bracelet":39,"TeardropLocket":68,"Frozen Egg 2":31,"Sozu":15,"Calling Bell":39,"HornCleat":2,"TheAbacus":68,"Shuriken":3,"Orrery":31,"MealTicket":60,"Molten Egg 2":63,"Red Mask":24,"Necronomicon":31,"PureWater":0,"Meat on the Bone":39,"Pocketwatch":39}],"Meat on the Bone":0,"Pocketwatch":[4]},"card_choices":[{"not_picked":["Crescendo","CrushJoints"],"picked":"Adaptation","floor":1},{"not_picked":["FollowUp","Consecrate"],"picked":"FlurryOfBlows","floor":4},{"not_picked":["Meditate","Halt"],"picked":"FlurryOfBlows","floor":10},{"not_picked":["Omniscience","PathToVictory"],"picked":"ClearTheMind","floor":12},{"not_picked":["Wireheading","SignatureMove"],"picked":"BowlingBash","floor":13},{"not_picked":["Blasphemy","Devotion"],"picked":"Vault","floor":16},{"not_picked":["Weave","Protect"],"picked":"Crescendo","floor":18},{"not_picked":["ClearTheMind","DeceiveReality"],"picked":"SashWhip","floor":19},{"not_picked":["LessonLearned","ReachHeaven"],"picked":"FearNoEvil","floor":21},{"not_picked":["Consecrate","Weave"],"picked":"CrushJoints","floor":22},{"not_picked":["CrushJoints","BowlingBash"],"picked":"MentalFortress","floor":23},{"not_picked":["FearNoEvil","CrushJoints"],"picked":"SashWhip","floor":30},{"not_picked":["Prostrate","Brilliance"],"picked":"Halt","floor":30},{"not_picked":["Consecrate","SandsOfTime+1"],"picked":"Wireheading+1","floor":30},{"not_picked":["Pray","WheelKick"],"picked":"FlurryOfBlows","floor":30},{"not_picked":["BowlingBash+1","Perseverance"],"picked":"Crescendo","floor":30},{"not_picked":["Consecrate","PathToVictory"],"picked":"CrushJoints","floor":31},{"not_picked":["Devotion+1","Blasphemy"],"picked":"Vault","floor":33},{"not_picked":["Consecrate+1","BowlingBash"],"picked":"ThirdEye+1","floor":35},{"not_picked":["Bandage Up","Violence"],"picked":"Discovery","floor":36},{"not_picked":["Jack Of All Trades","Deep Breath"],"picked":"Panache+1","floor":36},{"not_picked":["Swift Strike","Panache+1"],"picked":"Magnetism+1","floor":36},{"not_picked":["Meditate","FlyingSleeves+1"],"picked":"FlurryOfBlows+1","floor":37},{"not_picked":["FlurryOfBlows","WreathOfFlame","Swivel"],"picked":"SKIP","floor":38},{"not_picked":["EmptyMind+1","WheelKick"],"picked":"FollowUp+1","floor":40},{"not_picked":["Weave+1","ReachHeaven+1"],"picked":"Vengeance+1","floor":42},{"not_picked":["FlurryOfBlows+1","BattleHymn+1","Protect"],"picked":"SKIP","floor":44},{"not_picked":["Crescendo","FollowUp+1"],"picked":"Tantrum+1","floor":48}],"player_experience":818494,"relics_obtained":[{"floor":7,"key":"Yang"},{"floor":9,"key":"HornCleat"},{"floor":10,"key":"Shuriken"},{"floor":13,"key":"Oddly Smooth Stone"},{"floor":21,"key":"Red Mask"},{"floor":23,"key":"Darkstone Periapt"},{"floor":25,"key":"Necronomicon"},{"floor":26,"key":"Frozen Egg 2"},{"floor":29,"key":"Pen Nib"},{"floor":31,"key":"Bag of Preparation"},{"floor":34,"key":"Juzu Bracelet"},{"floor":34,"key":"Meat on the Bone"},{"floor":34,"key":"Pocketwatch"},{"floor":40,"key":"MealTicket"},{"floor":42,"key":"Molten Egg 2"},{"floor":44,"key":"Potion Belt"},{"floor":47,"key":"Gremlin Horn"}],"event_choices":[{"damage_healed":0,"gold_gain":0,"player_choice":"Donut","damage_taken":0,"max_hp_gain":5,"max_hp_loss":0,"event_name":"Big Fish","floor":3,"gold_loss":0},{"damage_healed":0,"gold_gain":0,"player_choice":"Grow","damage_taken":0,"max_hp_gain":0,"max_hp_loss":0,"event_name":"Living Wall","floor":5,"gold_loss":0,"cards_upgraded":["BattleHymn"]},{"damage_healed":0,"gold_gain":75,"player_choice":"Gather Gold","damage_taken":11,"max_hp_gain":0,"max_hp_loss":0,"event_name":"World of Goop","floor":11,"gold_loss":0},{"damage_healed":0,"gold_gain":0,"cards_transformed":["Strike_P","Strike_P"],"player_choice":"Became Test Subject","damage_taken":0,"max_hp_gain":0,"max_hp_loss":0,"event_name":"Drug Dealer","floor":20,"gold_loss":0,"cards_obtained":["ThirdEye","LessonLearned"]},{"damage_healed":0,"gold_gain":0,"player_choice":"Fought Bandits","damage_taken":0,"max_hp_gain":0,"max_hp_loss":0,"event_name":"Masked Bandits","floor":21,"gold_loss":0},{"damage_healed":0,"gold_gain":0,"player_choice":"Obtained Book","damage_taken":16,"max_hp_gain":0,"max_hp_loss":0,"event_name":"Cursed Tome","floor":25,"gold_loss":0},{"damage_healed":0,"gold_gain":0,"player_choice":"Memory 3","damage_taken":10,"max_hp_gain":0,"max_hp_loss":0,"event_name":"SensoryStone","floor":36,"gold_loss":0},{"damage_healed":0,"gold_gain":222,"player_choice":"Wore Mask","damage_taken":0,"max_hp_gain":0,"max_hp_loss":0,"event_name":"Tomb of Lord Red Mask","floor":39,"gold_loss":0},{"damage_healed":0,"gold_gain":0,"player_choice":"Copied","damage_taken":0,"max_hp_gain":0,"max_hp_loss":0,"event_name":"Duplicator","floor":41,"gold_loss":0,"cards_obtained":["TalkToTheHand"]},{"damage_healed":0,"gold_gain":0,"player_choice":"Upgraded","damage_taken":0,"max_hp_gain":0,"max_hp_loss":0,"event_name":"Upgrade Shrine","floor":45,"gold_loss":0,"cards_upgraded":["Vault"]}],"is_beta":false,"boss_relics":[{"not_picked":["Runic Dome","Astrolabe"],"picked":"Sozu"},{"not_picked":["Velvet Choker","SacredBark"],"picked":"Calling Bell"}],"items_purged_floors":[14,28],"is_endless":false,"potions_floor_spawned":[4,13,16,19,21,22,23,37,40,48],"killed_by":"Time Eater","ascension_level":5}}