{"host":"c83fcgyuu74iknko","time":1613467266,"event":{"mods":["BaseMod","BetterRewards","Colored Map","Colored Powertips","Minty Spire (QoL Compilation)","Quick Restart","StSLib","The Animator","The Senshi"],"gold_per_floor":[270,270,292,292,208,208,229,10,33,33,68,68,98,148,148,273,273,290,290,290],"floor_reached":19,"language":"ENG","playtime":1070,"items_purged":[],"score":257,"play_id":"ace25c04-9e2f-4fa9-ba68-84690c1ef8ae","local_time":"20210216012106","is_ascension_mode":false,"campfire_choices":[{"data":"animator:Urushihara","floor":6,"key":"SMITH"},{"floor":10,"key":"REST"},{"floor":15,"key":"REST"}],"circlet_count":0,"master_deck":["animator:Strike_Kancolle","animator:Defend_Kancolle","animator:Strike","animator:Strike","animator:Strike","animator:Defend","animator:Defend","animator:Shimakaze+1","animator:SilverFang","animator:Urushihara+1","animator:Sonic","animator:MumenRider","animator:MetalKnight","animator:FeridBathory"],"relics":["animator:LivingPicture","animator:TheMissingPiece","WingedGreaves","Champion Belt","ClockworkSouvenir","animator:WornHelmet","Dream Catcher","Orichalcum","SlaversCollar"],"acts_visited":["Exordium","TheCity"],"potions_floor_usage":[],"damage_taken":[{"damage":0,"enemies":"2 Louse","floor":1,"turns":4},{"damage":6,"enemies":"Jaw Worm","floor":3,"turns":9},{"damage":10,"enemies":"Cultist","floor":7,"turns":6},{"damage":2,"enemies":"Exordium Wildlife","floor":11,"turns":4},{"damage":1,"enemies":"2 Fungi Beasts","floor":13,"turns":6},{"damage":33,"enemies":"Hexaghost","floor":16,"turns":11},{"damage":14,"enemies":"3 Byrds","floor":18,"turns":6},{"damage":0,"enemies":"2 Thieves","floor":19,"turns":1}],"seed_played":"-8593738877804447492","potions_obtained":[{"floor":11,"key":"SkillPotion"},{"floor":13,"key":"Swift Potion"},{"floor":16,"key":"FairyPotion"}],"is_trial":false,"path_per_floor":["M","?","M","?","$","R","M","$","T","R","M","?","M","T","R","B",null,"M","M"],"character_chosen":"THE_ANIMATOR","items_purchased":["animator:SilverFang","animator:Urushihara","animator:Sonic","ClockworkSouvenir"],"campfire_rested":2,"item_purchase_floors":[0,5,8,8],"current_hp_per_floor":[38,38,32,25,25,25,15,15,15,34,32,32,32,32,52,19,67,53,53,53],"gold":290,"neow_bonus":"","is_daily":false,"chose_seed":false,"campfire_upgraded":1,"win_rate":0.0,"timestamp":1613467266,"path_taken":["M","?","M","?","$","R","M","?","T","R","?","?","?","?","R","BOSS","M","M"],"items_purchased_type":["Card","Card","Card","Relic"],"build_version":"2020-12-22","purchased_purges":0,"victory":false,"max_hp_per_floor":[66,66,66,66,66,66,66,66,66,66,66,66,67,67,67,67,67,67,67,67],"card_choices":[{"not_picked":["animator:Archer","animator:ElricAlphonse","animator:Benimaru"],"picked":"SKIP","floor":1},{"not_picked":["animator:YaoHaDucy","animator:ElricAlphonse","animator:Tyuule"],"picked":"SKIP","floor":3},{"not_picked":["animator:GazelDwargon","animator:Benimaru","animator:NagisaMomoe"],"picked":"SKIP","floor":7},{"not_picked":["animator:SilverFang","animator:Geryuganshoop"],"picked":"animator:MumenRider","floor":11},{"not_picked":["animator:Caster","animator:ElricAlphonse"],"picked":"animator:MetalKnight","floor":13},{"not_picked":["animator:HomuraAkemi","animator:PinaCoLada"],"picked":"animator:FeridBathory","floor":16},{"not_picked":["animator:SayakaMiki","animator:Hakurou+1","animator:Yuuichirou"],"picked":"SKIP","floor":18}],"player_experience":237226,"relics_obtained":[{"floor":9,"key":"animator:WornHelmet"},{"floor":14,"key":"Orichalcum"}],"event_choices":[{"damage_healed":0,"gold_gain":0,"player_choice":"Grow","damage_taken":0,"max_hp_gain":0,"max_hp_loss":0,"event_name":"Living Wall","floor":2,"gold_loss":0,"cards_upgraded":["animator:Shimakaze"]},{"cards_removed":["animator:Defend"],"damage_healed":0,"gold_gain":0,"player_choice":"Card Removal","damage_taken":7,"max_hp_gain":0,"max_hp_loss":0,"event_name":"Golden Wing","floor":4,"gold_loss":0},{"damage_healed":0,"gold_gain":0,"player_choice":"Gave Potion","damage_taken":0,"relics_obtained":["Dream Catcher"],"max_hp_gain":0,"max_hp_loss":0,"event_name":"WeMeetAgain","floor":12,"gold_loss":0}],"is_beta":false,"boss_relics":[{"not_picked":["SacredBark","Tiny House"],"picked":"SlaversCollar"}],"items_purged_floors":[],"is_endless":false,"potions_floor_spawned":[11,13,16],"killed_by":"2 Thieves","ascension_level":0}}