{"host":"2n2g1vowfllvjtvi","time":1613471063,"event":{"mods":["AchievementEnabler","BaseMod","Custom Start","GifTheSpireLib","Keyboard Shortcuts","Minty Spire (QoL Compilation)","Permanent Neow","Quick Restart","StSLib","SuperFastMode"],"gold_per_floor":[118,393,407,427,246,274,274,303,328,342,367,367,383,98,98,175,175,192,50,50,50,69,69,102,201,247,247,328,353,353,353],"floor_reached":30,"language":"KOR","playtime":530,"items_purged":["Regret","Strike_P","Strike_P"],"score":452,"play_id":"bcafbb7a-594e-4e26-b190-8fcf4423a668","local_time":"20210216192423","is_ascension_mode":true,"campfire_choices":[{"data":"Eruption","floor":7.0,"key":"SMITH"},{"floor":12.0,"key":"REST"},{"data":"MentalFortress","floor":15.0,"key":"SMITH"},{"data":"Study","floor":23,"key":"SMITH"},{"data":"Adaptation","floor":27,"key":"SMITH"}],"circlet_count":0,"master_deck":["AscendersBane","Defend_P","Defend_P","Defend_P","Eruption+1","Vigilance+1","CarveReality","MentalFortress+1","Wallop","Halt","EmptyFist","MasterReality","CurseOfTheBell","Study+1","WindmillStrike","Establishment","Adaptation+1","Halt+1","SpiritShield"],"relics":["PureWater","NeowsBlessing","Membership Card","Blood Vial","Whetstone","Centennial Puzzle","Juzu Bracelet","Du-Vu Doll","Happy Flower","Calling Bell","Kunai","Art of War","Incense Burner","Sling","Vajra","War Paint","Bottled Tornado","Smiling Mask"],"acts_visited":["Exordium","TheCity"],"potions_floor_usage":[22],"damage_taken":[{"damage":0.0,"enemies":"Jaw Worm","floor":1.0,"turns":1.0},{"damage":0.0,"enemies":"Cultist","floor":3.0,"turns":1.0},{"damage":0.0,"enemies":"2 Louse","floor":4.0,"turns":1.0},{"damage":8.0,"enemies":"Lagavulin","floor":6.0,"turns":6.0},{"damage":51.0,"enemies":"3 Sentries","floor":8.0,"turns":8.0},{"damage":3.0,"enemies":"Looter","floor":10.0,"turns":3.0},{"damage":0.0,"enemies":"Blue Slaver","floor":13.0,"turns":3.0},{"damage":21.0,"enemies":"The Guardian","floor":16.0,"turns":10.0},{"damage":0,"enemies":"Spheric Guardian","floor":18,"turns":2},{"damage":14,"enemies":"2 Thieves","floor":22,"turns":3},{"damage":11,"enemies":"Book of Stabbing","floor":24,"turns":4},{"damage":30,"enemies":"Slavers","floor":29,"turns":4},{"damage":21,"enemies":"Shelled Parasite and Fungi","floor":30,"turns":2}],"seed_played":"-8957769137936897892","potions_obtained":[{"floor":1.0,"key":"Weak Potion"},{"floor":8.0,"key":"Dexterity Potion"},{"floor":16.0,"key":"Fire Potion"},{"floor":24,"key":"Ancient Potion"}],"is_trial":false,"path_per_floor":["M","?","M","M","$","E","R","E","T","M","T","R","M","$","R","B",null,"M","$","?","?","M","R","E","?","T","R","T","E","M"],"character_chosen":"WATCHER","items_purchased":["Membership Card","Du-Vu Doll","Happy Flower","Sling"],"campfire_rested":1,"item_purchase_floors":[5,14,14,19],"current_hp_per_floor":[65,65,65,65,65,57,57,8,8,7,7,28,30,30,30,11,57,59,59,59,59,47,47,38,38,38,38,38,10,0,0],"gold":353,"neow_bonus":"THREE_ENEMY_KILL","is_daily":false,"chose_seed":false,"campfire_upgraded":4,"win_rate":0.0,"timestamp":1613471063,"path_taken":["M","?","M","?","$","E","R","E","T","M","?","R","M","?","R","BOSS","M","$","?","?","M","R","E","?","T","R","?","E","M"],"items_purchased_type":["Relic","Relic","Relic","Relic"],"build_version":"2020-12-22","purchased_purges":3,"victory":false,"max_hp_per_floor":[72,72,72,72,72,72,72,72,72,72,72,72,72,72,72,72,72,72,72,72,72,72,72,72,72,72,72,72,72,72,72],"card_choices":[{"not_picked":["Conclude","Evaluate"],"picked":"CarveReality","floor":1.0},{"not_picked":["Perseverance","BowlingBash","TalkToTheHand"],"picked":"SKIP","floor":3.0},{"not_picked":["Protect","ClearTheMind"],"picked":"MentalFortress","floor":4.0},{"not_picked":["SashWhip","EmptyBody"],"picked":"Wallop","floor":6.0},{"not_picked":["Crescendo","SandsOfTime"],"picked":"Halt","floor":8.0},{"not_picked":["Sanctity","Wireheading","WindmillStrike"],"picked":"SKIP","floor":10.0},{"not_picked":["ThirdEye","Study","EmptyFist"],"picked":"SKIP","floor":13.0},{"not_picked":["ThirdEye","Study"],"picked":"EmptyFist","floor":13.0},{"not_picked":["Judgement","Wish"],"picked":"MasterReality","floor":16.0},{"not_picked":["WheelKick","FlurryOfBlows"],"picked":"Study","floor":18},{"not_picked":["InnerPeace","SashWhip"],"picked":"Adaptation","floor":22},{"not_picked":["WaveOfTheHand","Prostrate"],"picked":"Halt","floor":24},{"not_picked":["FollowUp","Crescendo"],"picked":"SpiritShield","floor":29}],"player_experience":236289,"relics_obtained":[{"floor":6.0,"key":"Blood Vial"},{"floor":8.0,"key":"Whetstone"},{"floor":9.0,"key":"Centennial Puzzle"},{"floor":11.0,"key":"Juzu Bracelet"},{"floor":17,"key":"Kunai"},{"floor":17,"key":"Art of War"},{"floor":17,"key":"Incense Burner"},{"floor":24,"key":"Vajra"},{"floor":26,"key":"War Paint"},{"floor":28,"key":"Bottled Tornado"},{"floor":29,"key":"Smiling Mask"}],"event_choices":[{"damage_healed":0.0,"max_hp_gain":0.0,"max_hp_loss":0.0,"gold_gain":275.0,"event_name":"Golden Shrine","player_choice":"Desecrate","floor":2.0,"gold_loss":0.0,"damage_taken":0.0,"cards_obtained":["Regret"]},{"damage_healed":0,"gold_gain":0,"cards_transformed":["Strike_P","Defend_P"],"player_choice":"Became Test Subject","damage_taken":0,"max_hp_gain":0,"max_hp_loss":0,"event_name":"Drug Dealer","floor":20,"gold_loss":0,"cards_obtained":["WindmillStrike","Establishment"]},{"cards_removed":["Strike_P"],"damage_healed":0,"gold_gain":0,"player_choice":"Elegance","damage_taken":0,"max_hp_gain":0,"max_hp_loss":0,"event_name":"Back to Basics","floor":21,"gold_loss":0},{"damage_healed":0,"gold_gain":99,"player_choice":"Stole From Cult","damage_taken":0,"max_hp_gain":0,"max_hp_loss":0,"event_name":"Nest","floor":25,"gold_loss":0}],"is_beta":false,"boss_relics":[{"not_picked":["Pandora\u0027s Box","Coffee Dripper"],"picked":"Calling Bell"}],"items_purged_floors":[5,14,19],"is_endless":false,"potions_floor_spawned":[1,8,16,24],"killed_by":"Shelled Parasite and Fungi","ascension_level":13}}