{"host":"9zznonz1olisd4fd","time":1613475226,"event":{"mods":["BaseMod","Keyboard Shortcuts","Minty Spire (QoL Compilation)","StSLib","SuperFastMode"],"gold_per_floor":[115,115,142,67,84,113,113,147,147,160,160,180,180,211,211,307,307,320,320,320,320,320,320,320,320],"floor_reached":24,"language":"KOR","playtime":5618,"items_purged":["Strike_G"],"score":376,"play_id":"b9cd5d93-ac24-458e-92a5-1b2fa1403758","local_time":"20210216203346","is_ascension_mode":true,"campfire_choices":[{"data":"Neutralize","floor":7.0,"key":"SMITH"},{"data":"Dash","floor":11.0,"key":"SMITH"},{"floor":13.0,"key":"REST"},{"data":"Backflip","floor":15.0,"key":"SMITH"},{"floor":23,"key":"REST"}],"circlet_count":0,"master_deck":["Defend_G","Defend_G","Defend_G","Defend_G","Survivor","Neutralize+1","Poisoned Stab+1","Backflip+1","Dash+1","Blur","Bite+1","Bite+1","Bite+1","Bite+1","Bite+1"],"relics":["Ring of the Snake","NeowsBlessing","MealTicket","Regal Pillow","Gremlin Horn","Molten Egg 2","Sundial","Empty Cage","Nilry\u0027s Codex"],"acts_visited":["Exordium","TheCity"],"potions_floor_usage":[],"damage_taken":[{"damage":0.0,"enemies":"Cultist","floor":1.0,"turns":1.0},{"damage":0.0,"enemies":"Jaw Worm","floor":5.0,"turns":1.0},{"damage":0.0,"enemies":"3 Sentries","floor":6.0,"turns":1.0},{"damage":35.0,"enemies":"Lagavulin","floor":8.0,"turns":8.0},{"damage":1.0,"enemies":"Small Slimes","floor":10.0,"turns":2.0},{"damage":0.0,"enemies":"Exordium Wildlife","floor":12.0,"turns":4.0},{"damage":0.0,"enemies":"Gremlin Nob","floor":14.0,"turns":5.0},{"damage":36.0,"enemies":"The Guardian","floor":16.0,"turns":16.0},{"damage":22.0,"enemies":"3 Byrds","floor":18.0,"turns":9.0},{"damage":62,"enemies":"Book of Stabbing","floor":24,"turns":8}],"seed_played":"-55235209813280807","potions_obtained":[{"floor":5.0,"key":"PowerPotion"},{"floor":10.0,"key":"SteroidPotion"},{"floor":14.0,"key":"Ancient Potion"}],"is_trial":false,"path_per_floor":["M","?","T","$","M","E","R","E","T","M","R","M","R","E","R","B",null,"M","?","?","?","?","R","E"],"character_chosen":"THE_SILENT","items_purchased":[],"campfire_rested":2,"item_purchase_floors":[],"current_hp_per_floor":[63,63,63,70,70,70,70,35,35,34,34,34,70,70,70,34,61,39,39,39,23,23,49,0,0],"gold":320,"neow_bonus":"THREE_ENEMY_KILL","is_daily":false,"chose_seed":false,"campfire_upgraded":3,"win_rate":0.0,"timestamp":1613475226,"path_taken":["M","?","?","$","?","E","R","E","T","M","R","M","R","E","R","BOSS","BOSS","M","?","?","?","?","R","E"],"items_purchased_type":[],"build_version":"2020-12-22","purchased_purges":1,"victory":false,"max_hp_per_floor":[70,70,70,70,70,70,70,70,70,70,70,70,70,70,70,70,70,70,70,70,70,49,49,49,49],"card_choices":[{"not_picked":["Flechettes","Sucker Punch"],"picked":"Poisoned Stab","floor":1.0},{"not_picked":["Quick Slash","Riddle With Holes","PiercingWail"],"picked":"SKIP","floor":5.0},{"not_picked":["Sucker Punch","Cloak And Dagger"],"picked":"Backflip","floor":6.0},{"not_picked":["Outmaneuver","Infinite Blades"],"picked":"Dash","floor":8.0},{"not_picked":["Poisoned Stab+1","Blur","Footwork"],"picked":"SKIP","floor":10.0},{"not_picked":["Slice+1","Deflect","Wraith Form v2"],"picked":"SKIP","floor":12.0},{"not_picked":["Underhanded Strike+1","Well Laid Plans"],"picked":"Blur","floor":14.0},{"not_picked":["PiercingWail+1","Deadly Poison","Choke+1"],"picked":"SKIP","floor":18.0}],"player_experience":546053,"relics_obtained":[{"floor":3.0,"key":"MealTicket"},{"floor":6.0,"key":"Regal Pillow"},{"floor":8.0,"key":"Gremlin Horn"},{"floor":9.0,"key":"Molten Egg 2"},{"floor":14.0,"key":"Sundial"},{"floor":21,"key":"Nilry\u0027s Codex"}],"event_choices":[{"damage_healed":0.0,"max_hp_gain":0.0,"max_hp_loss":0.0,"gold_gain":0.0,"event_name":"Living Wall","player_choice":"Grow","floor":2.0,"gold_loss":0.0,"damage_taken":0.0,"cards_upgraded":["Poisoned Stab"]},{"damage_healed":0.0,"max_hp_gain":0.0,"max_hp_loss":0.0,"gold_gain":0.0,"event_name":"Ghosts","player_choice":"Ignored","floor":19.0,"gold_loss":0.0,"damage_taken":0.0},{"damage_healed":0,"gold_gain":0,"player_choice":"Ignored","damage_taken":0,"max_hp_gain":0,"max_hp_loss":0,"event_name":"The Mausoleum","floor":20,"gold_loss":0},{"damage_healed":0,"gold_gain":0,"player_choice":"Obtained Book","damage_taken":16,"max_hp_gain":0,"max_hp_loss":0,"event_name":"Cursed Tome","floor":21,"gold_loss":0},{"damage_healed":0,"gold_gain":0,"player_choice":"Became a vampire","damage_taken":0,"max_hp_gain":0,"max_hp_loss":21,"event_name":"Vampires","floor":22,"gold_loss":0,"cards_obtained":["Bite","Bite","Bite","Bite","Bite"]}],"is_beta":false,"boss_relics":[{"not_picked":["Fusion Hammer","Calling Bell"],"picked":"Empty Cage"}],"items_purged_floors":[4],"is_endless":false,"potions_floor_spawned":[5,10,14,16],"killed_by":"Book of Stabbing","ascension_level":7}}