{"host":"v3uiz0f6o9fje2a8","time":1613518564,"event":{"mods":["AchievementEnabler","Act Like it!","BaseMod","Block Reminder","Colored Map","Colored Powertips","Downfall","Infinite Spire","Jorbs\u0027s Wanderer Trilogy","Minty Spire (QoL Compilation)","Rare Cards Sparkle","Robot Space Explorer","StSLib","The Hierophant","The Marked","The Runesmith"],"gold_per_floor":[112,287,287,73,73,107,127,146,146,146,159,159,159,177,177,276,276,288,288,288,288,300,314,314,44,71,91,91,91,91],"floor_reached":29,"language":"ENG","playtime":1773,"items_purged":[],"score":248,"play_id":"30dcc4de-04c2-4f95-8c67-140987e67cff","local_time":"20210216233604","is_ascension_mode":false,"campfire_choices":[{"data":"White Noise","floor":10,"key":"SMITH"},{"data":"Machine Learning","floor":15,"key":"SMITH"},{"floor":24,"key":"REST"}],"circlet_count":0,"master_deck":["Strike_B","Strike_B","Strike_B","Strike_B","Defend_B","Defend_B","Defend_B","Defend_B","Zap","Dualcast","Hologram","Defragment","White Noise+1","Conserve Battery","Machine Learning+1","Hologram","Defragment","Creative AI+1","Compile Driver","Hello World","Melter+1","Ball Lightning","Loop","Sunder","White Noise+1","Go for the Eyes","Writhe"],"relics":["Cracked Core","Sling","Bird Faced Urn","Ornamental Fan","Happy Flower","Sozu","infinitespire:Satchel","DollysMirror","Dream Catcher","Pear"],"acts_visited":["Exordium","TheCity"],"potions_floor_usage":[6,14,16,16],"damage_taken":[{"damage":1,"enemies":"Jaw Worm","floor":1,"turns":3},{"damage":19,"enemies":"Gremlin Nob","floor":6,"turns":4},{"damage":1,"enemies":"Cultist","floor":7,"turns":3},{"damage":7,"enemies":"Small Slimes","floor":8,"turns":4},{"damage":12,"enemies":"Blue Slaver","floor":11,"turns":4},{"damage":10,"enemies":"Red Slaver","floor":14,"turns":4},{"damage":37,"enemies":"The Guardian","floor":16,"turns":10},{"damage":14,"enemies":"Chosen","floor":18,"turns":5},{"damage":73,"enemies":"Spheric Guardian","floor":22,"turns":8},{"damage":54,"enemies":"Centurion and Healer","floor":23,"turns":7},{"damage":20,"enemies":"Chosen and Byrds","floor":27,"turns":4},{"damage":69,"enemies":"3 Cultists","floor":29,"turns":5}],"seed_played":"-4573823878582867106","potions_obtained":[{"floor":0,"key":"hexamod:SoulburnPotion"},{"floor":0,"key":"Weak Potion"},{"floor":0,"key":"Slimebound:ThreeZeroPotion"},{"floor":1,"key":"SpeedPotion"},{"floor":6,"key":"Fire Potion"},{"floor":14,"key":"Fruit Juice"}],"is_trial":false,"path_per_floor":["M","?","?","$","?","E","M","M","T","R","M","?","?","M","R","B",null,"M","?","?","AVR","M","M","R","$","T","M","?","M"],"character_chosen":"DEFECT","items_purchased":["Defragment","Sling","Loop","Sunder","DollysMirror"],"campfire_rested":1,"item_purchase_floors":[4,4,25,25,25],"current_hp_per_floor":[74,74,74,74,74,55,60,57,57,57,51,39,61,62,62,33,80,70,70,70,70,41,17,41,41,41,37,47,0,0],"gold":91,"neow_bonus":"THREE_SMALL_POTIONS","is_daily":false,"chose_seed":false,"campfire_upgraded":2,"win_rate":0.0,"timestamp":1613518564,"path_taken":["M","?","?","$","?","E","?","M","T","R","M","?","?","M","R","BOSS","M","?","?","AVR","?","M","R","$","T","M","?","M"],"items_purchased_type":["Card","Relic","Card","Card","Relic"],"build_version":"2020-12-22","purchased_purges":0,"victory":false,"max_hp_per_floor":[75,75,75,75,75,75,75,75,75,75,75,75,75,80,80,80,80,80,80,80,80,80,80,80,80,80,80,90,90,90],"card_choices":[{"not_picked":["Reinforced Body","Stack"],"picked":"Hologram","floor":1},{"not_picked":["Capacitor","Hologram"],"picked":"White Noise","floor":6},{"not_picked":["Doom and Gloom","Barrage"],"picked":"Conserve Battery","floor":7},{"not_picked":["Melter","Gash"],"picked":"Machine Learning","floor":8},{"not_picked":["Compile Driver","Stack"],"picked":"Hologram","floor":11},{"not_picked":["Barrage","Hologram"],"picked":"Defragment","floor":14},{"not_picked":["Machine Learning","Reboot"],"picked":"Creative AI","floor":16},{"not_picked":["Stack+1","Coolheaded"],"picked":"Compile Driver","floor":18},{"not_picked":["Conserve Battery","Barrage+1"],"picked":"Melter+1","floor":22},{"not_picked":["Barrage+1","Streamline"],"picked":"Ball Lightning","floor":23},{"not_picked":["Glacier","Gash"],"picked":"Go for the Eyes","floor":27}],"player_experience":72704,"relics_obtained":[{"floor":6,"key":"Bird Faced Urn"},{"floor":9,"key":"Ornamental Fan"},{"floor":26,"key":"Dream Catcher"}],"event_choices":[{"damage_healed":0,"gold_gain":175,"player_choice":"AGREE","damage_taken":0,"max_hp_gain":0,"max_hp_loss":0,"event_name":"Liars Game","floor":2,"gold_loss":0,"cards_obtained":["Doubt"]},{"cards_removed":["Doubt"],"damage_healed":0,"gold_gain":0,"player_choice":"Removed Curses","damage_taken":0,"max_hp_gain":0,"max_hp_loss":0,"event_name":"Fountain of Cleansing","floor":5,"gold_loss":0},{"damage_healed":0,"gold_gain":0,"player_choice":"Success","damage_taken":12,"relics_obtained":["Happy Flower"],"max_hp_gain":0,"max_hp_loss":0,"event_name":"Scrap Ooze","floor":12,"gold_loss":0},{"damage_healed":0,"gold_gain":0,"player_choice":"Read","damage_taken":0,"max_hp_gain":0,"max_hp_loss":0,"event_name":"The Library","floor":19,"gold_loss":0,"cards_obtained":["Hello World"]},{"damage_healed":0,"gold_gain":0,"player_choice":"Forge","damage_taken":0,"max_hp_gain":0,"max_hp_loss":0,"event_name":"Accursed Blacksmith","floor":20,"gold_loss":0,"cards_upgraded":["Creative AI"]},{"damage_healed":0,"gold_gain":0,"player_choice":"Opened","damage_taken":0,"relics_obtained":["Pear"],"max_hp_gain":0,"max_hp_loss":0,"event_name":"The Mausoleum","floor":28,"gold_loss":0,"cards_obtained":["Writhe"]}],"is_beta":false,"boss_relics":[{"not_picked":["Busted Crown","Philosopher\u0027s Stone"],"picked":"Sozu"}],"items_purged_floors":[],"is_endless":false,"potions_floor_spawned":[1,6,14,23,27],"killed_by":"3 Cultists","ascension_level":0}}