{"host":"ggy1mjjy92c62u6a","time":1613488472,"event":{"mods":["10 clothes from DAL","ATMod(阿瑾Mod)","Act Like it!","BaseMod","Colored Powertips","GifTheSpireLib","Infinite Spire","Library of Ruina","Library of Ruina Extra","Lobotomy","LobotomyExtend","Minty Spire (QoL Compilation)","Quick Restart","Relic Filter Mod","Relic Stats","Reliquary","Replay The Spire","RumiaBox-露米娅的神秘盒子","Shop Mod","Spicy Shops","StSLib","SuperFastMode","TestMod","[功能]功能增强和修复MOD","【功能Mod】混沌之环修复补丁","【遗物Mod】死灵法师NEW","【遗物卡牌】REMEMod"],"gold_per_floor":[115,115,127,147,147,147,147,165,165,165,165,180,196,212,212,212,212],"floor_reached":16,"language":"ZHS","playtime":661,"items_purged":[],"score":122,"play_id":"549eaf33-8ebf-4df7-a83a-9c0c363bca92","local_time":"20210216231432","is_ascension_mode":true,"campfire_choices":[{"data":"AT_SoftenMuscles","floor":6,"key":"SMITH"},{"data":"Tactician","floor":10,"key":"SMITH"},{"floor":15,"key":"REST"}],"circlet_count":0,"master_deck":["Strike_G","Strike_G","Strike_G","Strike_G","Strike_G","Defend_G","Defend_G","Defend_G","Defend_G","Survivor","Neutralize","AT_SoftenMuscles+1","Sneak Up","AT_TwilightShroud","Quick Slash","Voices","Tactician+1","Strike_G","Backflip"],"relics":["Ring of the Snake","REME_ComplimentaryCards","AT_ATBox","testmod-TestBox","CogitoBucket","testmod-CardMagician","Baka","LetterFromLob","Thread and Needle","Thread and Needle","Ring of Fangs","ReplayTheSpireMod:Ring of Collecting","Ring of Hypnosis","Matryoshka","Ring of Fury","Smiling Mask","The Courier"],"acts_visited":["Exordium"],"potions_floor_usage":[16,16],"damage_taken":[{"damage":6.0,"enemies":"Jaw Worm","floor":1.0,"turns":4.0},{"damage":0,"enemies":"Small Slimes","floor":3,"turns":4},{"damage":4,"enemies":"2 Louse","floor":4,"turns":5},{"damage":7,"enemies":"Gremlin Gang","floor":8,"turns":20},{"damage":0,"enemies":"Red Slaver","floor":12,"turns":4},{"damage":0,"enemies":"Large Slime","floor":13,"turns":4},{"damage":42,"enemies":"Blue Slaver","floor":14,"turns":8},{"damage":58,"enemies":"Slime Boss","floor":16,"turns":13}],"seed_played":"-5037906842959107016","potions_obtained":[{"floor":1,"key":"Fire Potion"},{"floor":8,"key":"SkillPotion"}],"is_trial":false,"path_per_floor":["M","?","M","M","?","R","T","M","T","R","?","M","M","M","R","B"],"character_chosen":"THE_SILENT","items_purchased":[],"campfire_rested":1,"item_purchase_floors":[],"current_hp_per_floor":[57,57,57,53,53,53,53,46,46,46,46,46,46,19,40,0,0],"gold":212,"neow_bonus":"","is_daily":false,"chose_seed":false,"campfire_upgraded":2,"win_rate":0.0,"timestamp":1613488472,"path_taken":["M","?","M","M","?","R","?","M","T","R","?","?","M","M","R","BOSS"],"items_purchased_type":[],"build_version":"2020-12-22","purchased_purges":0,"victory":false,"max_hp_per_floor":[70,70,70,70,70,70,70,70,70,70,70,70,70,70,70,70,70],"relic_stats":{"counters":[9,63],"Smiling Mask":0,"obtain_stats":[{"AT_ATBox":0,"testmod-TestBox":0,"Ring of Hypnosis":7,"testmod-CardMagician":0,"Thread and Needle":3,"The Courier":9,"Baka":1,"Smiling Mask":9,"CogitoBucket":0,"Ring of Fangs":5,"Matryoshka":7,"ReplayTheSpireMod:Ring of Collecting":5,"Ring of Fury":9,"LetterFromLob":1,"Ring of the Snake":0,"REME_ComplimentaryCards":0},{"AT_ATBox":0,"testmod-TestBox":0,"Ring of Hypnosis":3,"testmod-CardMagician":0,"Thread and Needle":2,"The Courier":4,"Baka":1,"Smiling Mask":4,"CogitoBucket":0,"Ring of Fangs":3,"Matryoshka":3,"ReplayTheSpireMod:Ring of Collecting":3,"Ring of Fury":4,"LetterFromLob":1,"Ring of the Snake":0,"REME_ComplimentaryCards":0},{"AT_ATBox":0,"testmod-TestBox":0,"Ring of Hypnosis":13,"testmod-CardMagician":0,"Thread and Needle":8,"The Courier":33,"Baka":4,"Smiling Mask":33,"CogitoBucket":0,"Ring of Fangs":13,"Matryoshka":13,"ReplayTheSpireMod:Ring of Collecting":13,"Ring of Fury":33,"LetterFromLob":4,"Ring of the Snake":0,"REME_ComplimentaryCards":0}],"Ring of the Snake":[18]},"card_choices":[{"not_picked":["Deadly Poison","ReplayTheSpireMod:Tripwire"],"picked":"Sneak Up","floor":1},{"not_picked":["AT_WindFlip","Deadly Poison"],"picked":"AT_TwilightShroud","floor":3},{"not_picked":["Underhanded Strike","Masterful Stab"],"picked":"Quick Slash","floor":4},{"not_picked":["Flechettes","Poisoned Stab"],"picked":"Tactician","floor":8},{"not_picked":["Deadly Poison","Draining Mist","Blade Dance"],"picked":"SKIP","floor":12},{"not_picked":["Masterful Stab","Finisher","Outmaneuver"],"picked":"SKIP","floor":13},{"not_picked":["Outmaneuver","AT_ThistleTea"],"picked":"Backflip","floor":14}],"player_experience":146654,"relics_obtained":[{"floor":1,"key":"Baka"},{"floor":1,"key":"LetterFromLob"},{"floor":3,"key":"Thread and Needle"},{"floor":3,"key":"Thread and Needle"},{"floor":5,"key":"Ring of Fangs"},{"floor":5,"key":"ReplayTheSpireMod:Ring of Collecting"},{"floor":7,"key":"Ring of Hypnosis"},{"floor":7,"key":"Matryoshka"},{"floor":9,"key":"Ring of Fury"},{"floor":9,"key":"Smiling Mask"},{"floor":9,"key":"The Courier"}],"event_choices":[],"is_beta":false,"boss_relics":[],"items_purged_floors":[],"is_endless":false,"potions_floor_spawned":[1,8],"killed_by":"Slime Boss","ascension_level":6}}