{"host":"xp27heuvanyklt0b","time":1613475421,"event":{"mods":["100% Spire Juice","BaseMod","CapriCore","Koishi","Lobotomy","Minty Spire (QoL Compilation)","StSLib","The Immortal"],"gold_per_floor":[115,115,126,145,162,190,190,190,190,190,190,216,28,62,62,163,163,174,174,273,273,0,0,0],"floor_reached":23,"language":"KOR","playtime":914,"items_purged":[],"score":226,"play_id":"0f99732e-1ba7-499a-9f87-1bae5a6cef6b","local_time":"20210216203701","is_ascension_mode":true,"campfire_choices":[{"data":"Koishi:EmbryosDream","floor":7,"key":"SMITH"},{"data":"Koishi:HeartStoppingHorror","floor":11,"key":"SMITH"},{"floor":15,"key":"REST"}],"circlet_count":0,"master_deck":["Koishi:BasicStrike","Koishi:BasicStrike","Koishi:BasicStrike","Koishi:BasicDefend","Koishi:BasicDefend","Koishi:BasicDefend","Koishi:BasicDefend","Koishi:Provoke","Koishi:HauntingSlash","Koishi:EmbryosDream+1","Koishi:CatchAndRose","Koishi:DreadfulBlow","Koishi:GeneticsOfTheUnconscious","Koishi:HeartStoppingHorror+1","Koishi:SilentAndRestless","Koishi:YoukaiPolygraph","Koishi:SpiritedAway","Koishi:MindStellarRelief","Koishi:JumpScare"],"relics":["Koishi:ImaginaryFriend","Regal Pillow","Juzu Bracelet","Eternal Feather","WingedGreaves","Sling","Ice Cream","Black Star"],"acts_visited":["Exordium","TheCity"],"potions_floor_usage":[14,23,23,23,23],"damage_taken":[{"damage":7,"enemies":"2 Louse","floor":1,"turns":5},{"damage":4,"enemies":"Cultist","floor":3,"turns":5},{"damage":0,"enemies":"Small Slimes","floor":4,"turns":5},{"damage":7,"enemies":"Looter","floor":5,"turns":5},{"damage":24,"enemies":"3 Sentries","floor":6,"turns":10},{"damage":19,"enemies":"Gremlin Nob","floor":12,"turns":6},{"damage":8,"enemies":"Lagavulin","floor":14,"turns":5},{"damage":15,"enemies":"The Guardian","floor":16,"turns":11},{"damage":26,"enemies":"Chosen","floor":18,"turns":6},{"damage":37,"enemies":"Gremlin Leader","floor":23,"turns":5}],"seed_played":"8299820105723669036","potions_obtained":[{"floor":4,"key":"SkillPotion"},{"floor":12,"key":"EntropicBrew"},{"floor":14,"key":"GamblersBrew"},{"floor":16,"key":"Swift Potion"}],"is_trial":false,"path_per_floor":["M","?","M","M","M","E","R","?","T","?","R","E","$","E","R","B",null,"M","?","?","?","?","E"],"character_chosen":"KOISHI","items_purchased":["Koishi:YoukaiPolygraph","Sling"],"campfire_rested":1,"item_purchase_floors":[13,13],"current_hp_per_floor":[55,60,58,60,55,33,33,33,33,33,39,22,22,16,58,51,60,38,38,38,28,28,0,0],"gold":0,"neow_bonus":"RANDOM_COMMON_RELIC","is_daily":false,"chose_seed":false,"campfire_upgraded":2,"win_rate":0.0,"timestamp":1613475421,"path_taken":["M","?","M","M","M","E","R","?","T","?","R","E","$","E","R","BOSS","M","?","?","?","?","E"],"items_purchased_type":["Card","Relic"],"build_version":"2020-12-22","purchased_purges":0,"victory":false,"max_hp_per_floor":[60,60,60,60,60,60,60,60,60,60,60,60,60,60,60,60,60,60,60,60,65,65,65,65],"card_choices":[{"not_picked":["Koishi:EmbersOfLove","Koishi:FourthEye"],"picked":"Koishi:SubterraneanRose","floor":1},{"not_picked":["Koishi:SubconsciousSweep","Koishi:SpiritedAway"],"picked":"Koishi:EmbryosDream","floor":3},{"not_picked":["Koishi:ReleaseOfTheId","Koishi:Possession"],"picked":"Koishi:CatchAndRose","floor":4},{"not_picked":["Koishi:StingingMind","Koishi:Bloodlust"],"picked":"Koishi:DreadfulBlow","floor":5},{"not_picked":["Koishi:DreadfulBlow","Koishi:Possession"],"picked":"Koishi:GeneticsOfTheUnconscious","floor":6},{"not_picked":["Koishi:LastRemote","Koishi:EmbryosDream"],"picked":"Koishi:SilentAndRestless","floor":12},{"not_picked":["Koishi:UnconsciousUprising","Koishi:RorschachInDanmaku"],"picked":"Koishi:SpiritedAway","floor":14},{"not_picked":["Koishi:FormlessExistence","Koishi:PerfectMindControl"],"picked":"Koishi:MindStellarRelief","floor":16},{"not_picked":["Koishi:ParalyzingFear+1","Koishi:SubconsciousSweep"],"picked":"Koishi:JumpScare","floor":18}],"player_experience":306362,"relics_obtained":[{"floor":6,"key":"Juzu Bracelet"},{"floor":9,"key":"Eternal Feather"},{"floor":12,"key":"WingedGreaves"},{"floor":14,"key":"Ice Cream"}],"event_choices":[{"cards_removed":["Koishi:SubterraneanRose"],"damage_healed":5,"gold_gain":0,"player_choice":"Offered Common","damage_taken":0,"max_hp_gain":0,"max_hp_loss":0,"event_name":"Bonfire Elementals","floor":2,"gold_loss":0},{"cards_removed":["Koishi:SubterraneanRose"],"damage_healed":5,"gold_gain":0,"player_choice":"Offered Special","damage_taken":0,"max_hp_gain":0,"max_hp_loss":0,"event_name":"Bonfire Elementals","floor":2,"gold_loss":0},{"damage_healed":0,"gold_gain":0,"cards_transformed":["Koishi:BasicStrike"],"player_choice":"Change","damage_taken":0,"max_hp_gain":0,"max_hp_loss":0,"event_name":"Living Wall","floor":8,"gold_loss":0,"cards_obtained":["Koishi:HeartStoppingHorror"]},{"damage_healed":0,"gold_gain":0,"player_choice":"Ignored","damage_taken":0,"max_hp_gain":0,"max_hp_loss":0,"event_name":"Liars Game","floor":10,"gold_loss":0},{"damage_healed":0,"gold_gain":0,"player_choice":"Ignored","damage_taken":0,"max_hp_gain":0,"max_hp_loss":0,"event_name":"The Mausoleum","floor":19,"gold_loss":0},{"damage_healed":0,"gold_gain":99,"player_choice":"Stole From Cult","damage_taken":0,"max_hp_gain":0,"max_hp_loss":0,"event_name":"Nest","floor":20,"gold_loss":0},{"damage_healed":0,"gold_gain":0,"player_choice":"Shed Blood","damage_taken":15,"max_hp_gain":5,"max_hp_loss":0,"event_name":"Forgotten Altar","floor":21,"gold_loss":0},{"damage_healed":0,"gold_gain":0,"player_choice":"Paid Fearfully","damage_taken":0,"max_hp_gain":0,"max_hp_loss":0,"event_name":"Masked Bandits","floor":22,"gold_loss":273}],"is_beta":false,"boss_relics":[{"not_picked":["Fusion Hammer","Sozu"],"picked":"Black Star"}],"items_purged_floors":[],"is_endless":false,"potions_floor_spawned":[4,12,14,16],"killed_by":"Gremlin Leader","ascension_level":2}}