{"host":"clcuy39u5sybassp","time":1613438810,"event":{"mods":["AchievementEnabler","BaseMod","Challenge The Spire","Lobotomy","LobotomyExtend","Minty Spire (QoL Compilation)","Quick Restart","Replay The Spire","StSLib"],"gold_per_floor":[117,117,137,137,149,186,186,314,339,365,428,474,484,509,509,409,409],"floor_reached":16,"language":"ZHS","playtime":554,"items_purged":[],"score":240,"play_id":"6607a2b1-089c-4392-a134-74ad02f7aae4","local_time":"20210216092650","is_ascension_mode":true,"campfire_choices":[{"floor":7.0,"key":"REST"},{"floor":15,"key":"REST"}],"circlet_count":0,"master_deck":["Strike_R","Strike_R","Strike_R","Strike_R","Strike_R","Defend_R","Defend_R","Defend_R","Bash","UniverseFragment","Pommel Strike","CrumblingArmor","Delirium","OldLady","Rampage","Cleave","Scorched","Writhe","Replay:Hysterical Blindness","ReplayTheSpireMod:Faulty Equipment","ReplayTheSpireMod:Splinters","ReplayTheSpireMod:Splinters"],"relics":["Burning Blood","CogitoBucket","LetterFromLob","ReplayTheSpireMod:Ring of Addiction","Potion Belt","SacredBark","ReplayTheSpireMod:Ring of Collecting","CeramicFish","Ring of Greed","The Courier","Replay:Wax Seal","Ring of Hypnosis","Akabeko","Ancient Tea Set","HellTrain","Replay:Mystery Machine"],"acts_visited":["Exordium"],"potions_floor_usage":[12,16],"damage_taken":[{"damage":0.0,"enemies":"2 Louse","floor":1.0,"turns":3.0},{"damage":12.0,"enemies":"Jaw Worm","floor":3.0,"turns":2.0},{"damage":6.0,"enemies":"Cultist","floor":5.0,"turns":3.0},{"damage":41.0,"enemies":"Gremlin Nob","floor":6.0,"turns":5.0},{"damage":0.0,"enemies":"Gremlin Gang","floor":10.0,"turns":4.0},{"damage":32.0,"enemies":"3 Sentries","floor":11.0,"turns":5.0},{"damage":24,"enemies":"Blue Slaver","floor":12,"turns":3},{"damage":0,"enemies":"3 Louse","floor":13,"turns":2},{"damage":23,"enemies":"Gremlin Nob","floor":14,"turns":3},{"damage":66,"enemies":"Hexaghost","floor":16,"turns":5}],"seed_played":"-1270179901010554382","potions_obtained":[{"floor":1.0,"key":"Toxic Potion"},{"floor":4.0,"key":"EntropicBrew"},{"floor":4.0,"key":"SpeedPotion"},{"floor":4.0,"key":"BlessingOfTheForge"},{"floor":10.0,"key":"LifebloodPotion"},{"floor":11.0,"key":"Explosive Potion"},{"floor":13,"key":"Regen Potion"}],"is_trial":false,"path_per_floor":["M","?","M","?","M","E","R","T","T","M","E","M","M","E","R","B"],"character_chosen":"IRONCLAD","items_purchased":[],"campfire_rested":2,"item_purchase_floors":[],"current_hp_per_floor":[80,80,74,74,74,39,63,63,63,69,43,25,31,14,37,0,0],"gold":409,"neow_bonus":"","is_daily":false,"chose_seed":false,"campfire_upgraded":0,"win_rate":0.0,"timestamp":1613438810,"path_taken":["M","?","M","?","M","E","R","?","T","?","E","M","M","E","R","BOSS"],"items_purchased_type":[],"build_version":"2020-12-22","purchased_purges":0,"victory":false,"max_hp_per_floor":[80,80,80,80,80,80,80,78,78,78,78,78,78,78,78,76,76],"card_choices":[{"not_picked":["Murderer","Wellcheers","NakedNest"],"picked":"Singing Bowl","floor":1.0},{"not_picked":["SpiderBud","VoidDream"],"picked":"UniverseFragment","floor":1.0},{"not_picked":["Evolve","Havoc"],"picked":"Pommel Strike","floor":1.0},{"not_picked":["Murderer","ShyLook"],"picked":"CrumblingArmor","floor":3.0},{"not_picked":["Headbutt","Run Through","Massacre"],"picked":"SKIP","floor":3.0},{"not_picked":["Alriune","Wellcheers","CherryBlossoms"],"picked":"Singing Bowl","floor":5.0},{"not_picked":["Uppercut","Spot Weakness","Carnage"],"picked":"SKIP","floor":5.0},{"not_picked":["MHz","MeatLantern"],"picked":"OldLady","floor":6.0},{"not_picked":["Abandon","ReplayTheSpireMod:Strike From Hell"],"picked":"Rampage","floor":6.0},{"not_picked":["MeatLantern","Variant","OSAHOGD"],"picked":"Singing Bowl","floor":10.0},{"not_picked":["Metallicize","Flex"],"picked":"Cleave","floor":10.0},{"not_picked":["Murderer","Yin","FieryBird"],"picked":"Singing Bowl","floor":11.0},{"not_picked":["BeautyBeast","WhiteNight"],"picked":"Scorched","floor":11.0},{"not_picked":["Iron Wave","Intimidate","Blood for Blood"],"picked":"SKIP","floor":11.0},{"not_picked":["BigBadWolf","Wellcheers","MHz"],"picked":"Singing Bowl","floor":12},{"not_picked":["Carnage","Hemokinesis","Ghostly Armor"],"picked":"SKIP","floor":12},{"not_picked":["BeautyBeast","PunishingBird","Bloodbath"],"picked":"Singing Bowl","floor":13},{"not_picked":["Whirlwind","Warcry","Thunderclap"],"picked":"SKIP","floor":13},{"not_picked":["Rudolta","MHz","BeautyBeast"],"picked":"Singing Bowl","floor":14},{"not_picked":["Carnage","Headbutt","Replay:Undeath\u0027s Touch"],"picked":"SKIP","floor":14}],"player_experience":191578,"relics_obtained":[{"floor":1.0,"key":"LetterFromLob"},{"floor":4.0,"key":"ReplayTheSpireMod:Ring of Addiction"},{"floor":4.0,"key":"Potion Belt"},{"floor":4.0,"key":"SacredBark"},{"floor":4.0,"key":"ReplayTheSpireMod:Ring of Collecting"},{"floor":6.0,"key":"CeramicFish"},{"floor":8.0,"key":"Ring of Greed"},{"floor":8.0,"key":"The Courier"},{"floor":8.0,"key":"Replay:Wax Seal"},{"floor":9.0,"key":"Ring of Hypnosis"},{"floor":9.0,"key":"Akabeko"},{"floor":11.0,"key":"Ancient Tea Set"},{"floor":14,"key":"Replay:Mystery Machine"}],"event_choices":[],"is_beta":false,"boss_relics":[],"items_purged_floors":[],"is_endless":false,"potions_floor_spawned":[1,10,11,13],"killed_by":"Hexaghost","ascension_level":3}}