{"host":"11728qvdvolffudn","time":1613470909,"event":{"mods":["BaseMod","Block Reminder","Colored Powertips","Curses Come First","Custom Start","Displayed Cursed Tome","Highlight Path","Minty Spire (QoL Compilation)","Permanent Neow","Quick Restart","Rare Cards Sparkle","Relic Stats","StSLib","Weighted Paths"],"gold_per_floor":[115,134,84,84,96,129,129,147,173,27,53,66,66,101,101,197,247,266,118,131,46,46,46,46,46],"floor_reached":24,"language":"ENG","playtime":1236,"items_purged":[],"score":245,"play_id":"005b5487-ce8b-45fa-b809-79065f3fa4f8","local_time":"20210216102149","is_ascension_mode":true,"campfire_choices":[{"data":"Cleave","floor":7,"key":"SMITH"},{"data":"Immolate","floor":13,"key":"SMITH"},{"data":"Flex","floor":15,"key":"SMITH"},{"data":"Limit Break","floor":23,"key":"SMITH"}],"circlet_count":0,"master_deck":["Strike_R","Strike_R","Strike_R","Defend_R","Defend_R","Defend_R","Defend_R","Bash+1","Cleave+1","Flex+1","Immolate+1","Limit Break+1","Flex"],"relics":["Burning Blood","Anchor","PreservedInsect","Tiny Chest","Red Skull","Ancient Tea Set","Tiny House","Chemical X","Nunchaku"],"acts_visited":["Exordium","TheCity"],"potions_floor_usage":[6,14,14,16],"damage_taken":[{"damage":2,"enemies":"Jaw Worm","floor":1,"turns":3},{"damage":6,"enemies":"Cultist","floor":2,"turns":3},{"damage":2,"enemies":"Small Slimes","floor":5,"turns":3},{"damage":25,"enemies":"3 Sentries","floor":6,"turns":6},{"damage":10,"enemies":"2 Fungi Beasts","floor":8,"turns":4},{"damage":1,"enemies":"Looter","floor":12,"turns":2},{"damage":5,"enemies":"Lagavulin","floor":14,"turns":3},{"damage":54,"enemies":"The Guardian","floor":16,"turns":8},{"damage":23,"enemies":"Spheric Guardian","floor":18,"turns":4},{"damage":0,"enemies":"3 Byrds","floor":20,"turns":3},{"damage":103,"enemies":"Book of Stabbing","floor":24,"turns":6}],"seed_played":"8081195955137626118","potions_obtained":[{"floor":2,"key":"Regen Potion"},{"floor":5,"key":"Explosive Potion"},{"floor":6,"key":"Block Potion"},{"floor":8,"key":"DistilledChaos"},{"floor":17,"key":"FairyPotion"}],"is_trial":false,"path_per_floor":["M","M","?","?","M","E","R","M","T","$","T","M","R","E","R","B",null,"M","$","M","?","?","R","E"],"character_chosen":"IRONCLAD","items_purchased":["Immolate","Chemical X"],"campfire_rested":0,"item_purchase_floors":[10,19],"current_hp_per_floor":[80,80,80,80,80,61,61,57,57,57,57,62,62,72,72,24,85,68,68,74,74,74,74,0,0],"gold":46,"neow_bonus":"RANDOM_COMMON_RELIC","is_daily":false,"chose_seed":false,"campfire_upgraded":4,"win_rate":0.0,"timestamp":1613470909,"path_taken":["M","M","?","?","?","E","R","M","T","$","?","M","R","E","R","BOSS","M","$","M","?","?","R","E"],"items_purchased_type":["Card","Relic"],"build_version":"2020-12-22","purchased_purges":0,"victory":false,"max_hp_per_floor":[80,80,80,80,80,80,80,80,80,80,80,80,80,80,80,80,85,85,85,85,85,85,85,85,85],"relic_stats":{"Nunchaku":[0],"counters":[11,45],"Tiny Chest":0,"PreservedInsect":69,"Chemical X":[1],"obtain_stats":[{"Anchor":0,"Nunchaku":21,"Tiny House":17,"Tiny Chest":9,"PreservedInsect":6,"Chemical X":19,"Ancient Tea Set":14,"Burning Blood":0,"Red Skull":11},{"Anchor":0,"Nunchaku":10,"Tiny House":8,"Tiny Chest":5,"PreservedInsect":4,"Chemical X":9,"Ancient Tea Set":7,"Burning Blood":0,"Red Skull":5},{"Anchor":0,"Nunchaku":39,"Tiny House":32,"Tiny Chest":19,"PreservedInsect":15,"Chemical X":36,"Ancient Tea Set":24,"Burning Blood":0,"Red Skull":19}],"Burning Blood":52},"card_choices":[{"not_picked":["Headbutt","Rupture"],"picked":"Cleave","floor":1},{"not_picked":["True Grit","Thunderclap","Cleave"],"picked":"SKIP","floor":2},{"not_picked":["Rage","Seeing Red","Brutality"],"picked":"SKIP","floor":5},{"not_picked":["Disarm","Armaments"],"picked":"Flex","floor":6},{"not_picked":["Thunderclap","Armaments","Uppercut"],"picked":"SKIP","floor":8},{"not_picked":["Shockwave","Twin Strike","Clash"],"picked":"SKIP","floor":12},{"not_picked":["Evolve","Reaper","True Grit"],"picked":"SKIP","floor":14},{"not_picked":["Corruption","Exhume"],"picked":"Limit Break","floor":16},{"not_picked":["Clothesline","Twin Strike","Body Slam+1"],"picked":"SKIP","floor":18},{"not_picked":["Wild Strike+1","Pommel Strike","Rupture+1"],"picked":"SKIP","floor":20}],"player_experience":213596,"relics_obtained":[{"floor":6,"key":"PreservedInsect"},{"floor":9,"key":"Tiny Chest"},{"floor":11,"key":"Red Skull"},{"floor":14,"key":"Ancient Tea Set"}],"event_choices":[{"cards_removed":["Strike_R"],"damage_healed":0,"gold_gain":0,"player_choice":"Card Removal","damage_taken":0,"max_hp_gain":0,"max_hp_loss":0,"event_name":"The Cleric","floor":3,"gold_loss":50},{"cards_removed":["Strike_R"],"damage_healed":0,"gold_gain":0,"player_choice":"Offered Basic","damage_taken":0,"max_hp_gain":0,"max_hp_loss":0,"event_name":"Bonfire Elementals","floor":4,"gold_loss":0},{"damage_healed":0,"gold_gain":0,"player_choice":"Obtained Relic","damage_taken":0,"relics_obtained":["Nunchaku"],"max_hp_gain":0,"max_hp_loss":0,"event_name":"Addict","floor":21,"gold_loss":85},{"damage_healed":0,"gold_gain":0,"player_choice":"Read","damage_taken":0,"max_hp_gain":0,"max_hp_loss":0,"event_name":"The Library","floor":22,"gold_loss":0,"cards_obtained":["Flex"]}],"is_beta":false,"boss_relics":[{"not_picked":["Fusion Hammer","SacredBark"],"picked":"Tiny House"}],"items_purged_floors":[],"is_endless":false,"potions_floor_spawned":[2,5,6,8],"killed_by":"Book of Stabbing","ascension_level":4}}