{"host":"w14xfy17z3c5mpoi","time":1613518523,"event":{"mods":["AchievementEnabler","BaseMod","Minty Spire (QoL Compilation)","Relic Stats"],"gold_per_floor":[111,186,361,36,49,80,80,80,104,120,139,139,153,179,179,282,282,301,576,331,4,20,54,54,18,42,42,71,88,120,140,140,140,140],"floor_reached":33,"language":"ENG","playtime":1157,"items_purged":["Doubt","Regret"],"score":498,"play_id":"a0b19457-7699-4487-86d7-8e7c2e15090f","local_time":"20210216183523","is_ascension_mode":true,"campfire_choices":[{"floor":8,"key":"REST"},{"data":"Inflame","floor":12,"key":"SMITH"},{"data":"Spot Weakness","floor":15,"key":"SMITH"},{"data":"Heavy Blade","floor":24,"key":"SMITH"},{"floor":27,"key":"REST"},{"floor":32,"key":"REST"}],"circlet_count":0,"master_deck":["Strike_R","Strike_R","Strike_R","Strike_R","Strike_R+1","Defend_R","Defend_R","Defend_R","Defend_R","Bash","Pummel","Iron Wave","Uppercut+1","Dropkick","Flame Barrier","Inflame+1","Headbutt","Spot Weakness+1","Immolate","Heavy Blade+1","Sword Boomerang","Cleave","Iron Wave+1","Pommel Strike"],"relics":["Burning Blood","Whetstone","Champion Belt","Kunai","Nunchaku","Happy Flower","Philosopher\u0027s Stone","Akabeko","Membership Card","StrikeDummy","PreservedInsect","Omamori","Frozen Egg 2","Blue Candle"],"acts_visited":["Exordium","TheCity"],"potions_floor_usage":[6,6,14,16,16,23,28,29,31],"damage_taken":[{"damage":10,"enemies":"Small Slimes","floor":1,"turns":3},{"damage":2,"enemies":"Jaw Worm","floor":5,"turns":3},{"damage":35,"enemies":"3 Sentries","floor":6,"turns":10},{"damage":8,"enemies":"2 Louse","floor":10,"turns":3},{"damage":14,"enemies":"Exordium Thugs","floor":11,"turns":5},{"damage":5,"enemies":"2 Fungi Beasts","floor":13,"turns":3},{"damage":0,"enemies":"Lagavulin","floor":14,"turns":4},{"damage":25,"enemies":"Hexaghost","floor":16,"turns":5},{"damage":15,"enemies":"Shell Parasite","floor":18,"turns":4},{"damage":12,"enemies":"2 Thieves","floor":22,"turns":2},{"damage":46,"enemies":"Book of Stabbing","floor":23,"turns":4},{"damage":22,"enemies":"Slavers","floor":28,"turns":3},{"damage":19,"enemies":"Shelled Parasite and Fungi","floor":29,"turns":2},{"damage":23,"enemies":"Book of Stabbing","floor":30,"turns":3},{"damage":5,"enemies":"Centurion and Healer","floor":31,"turns":4},{"damage":90,"enemies":"Automaton","floor":33,"turns":6}],"seed_played":"1008084521014409828","potions_obtained":[{"floor":1,"key":"SteroidPotion"},{"floor":5,"key":"EntropicBrew"},{"floor":13,"key":"FearPotion"},{"floor":18,"key":"Explosive Potion"},{"floor":29,"key":"Swift Potion"}],"is_trial":false,"path_per_floor":["M","?","?","$","M","E","?","R","T","M","M","R","M","E","R","B",null,"M","?","$","$","M","E","R","$","T","R","E","M","E","M","R","B"],"character_chosen":"IRONCLAD","items_purchased":["Iron Wave","Uppercut","Whetstone","Akabeko","Membership Card","StrikeDummy","Sword Boomerang","BloodPotion","DuplicationPotion"],"campfire_rested":3,"item_purchase_floors":[4,4,4,20,21,21,21,21,25],"current_hp_per_floor":[76,65,65,65,69,40,28,54,54,52,44,44,45,51,51,32,74,65,65,65,65,59,36,36,36,36,62,46,33,16,17,43,0,0],"gold":140,"neow_bonus":"TEN_PERCENT_HP_BONUS","is_daily":false,"chose_seed":false,"campfire_upgraded":3,"win_rate":0.0,"timestamp":1613518523,"path_taken":["M","?","?","$","M","E","?","R","T","M","M","R","?","E","R","BOSS","M","?","?","$","M","E","R","$","T","R","E","M","E","M","R","BOSS"],"items_purchased_type":["Card","Card","Relic","Relic","Relic","Relic","Card","Potion","Potion"],"build_version":"2020-12-22","purchased_purges":2,"victory":false,"max_hp_per_floor":[88,88,88,88,88,88,88,88,88,88,88,88,88,88,88,88,88,88,88,88,88,88,88,88,88,88,88,88,88,88,88,88,88,88],"relic_stats":{"Nunchaku":[10],"Happy Flower":[11],"counters":[16,64],"Blue Candle":[0],"PreservedInsect":83,"Whetstone":["Uppercut","Strike_R"],"Champion Belt":[13],"Kunai":[21],"obtain_stats":[{"Happy Flower":14,"Blue Candle":30,"PreservedInsect":23,"Omamori":26,"Whetstone":4,"Frozen Egg 2":28,"Burning Blood":0,"Akabeko":20,"Nunchaku":9,"Philosopher\u0027s Stone":17,"Champion Belt":6,"Kunai":7,"Membership Card":21,"StrikeDummy":21},{"Happy Flower":7,"Blue Candle":14,"PreservedInsect":11,"Omamori":11,"Whetstone":1,"Frozen Egg 2":12,"Burning Blood":0,"Akabeko":9,"Nunchaku":3,"Philosopher\u0027s Stone":8,"Champion Belt":3,"Kunai":3,"Membership Card":9,"StrikeDummy":9},{"Happy Flower":31,"Blue Candle":54,"PreservedInsect":46,"Omamori":46,"Whetstone":3,"Frozen Egg 2":49,"Burning Blood":0,"Akabeko":40,"Nunchaku":16,"Philosopher\u0027s Stone":36,"Champion Belt":16,"Kunai":16,"Membership Card":40,"StrikeDummy":40}],"Burning Blood":90},"card_choices":[{"not_picked":["Rupture","Feel No Pain"],"picked":"Pummel","floor":1},{"not_picked":["Cleave","Flame Barrier"],"picked":"Dropkick","floor":5},{"not_picked":["Dark Embrace","Havoc"],"picked":"Flame Barrier","floor":6},{"not_picked":["Body Slam","Havoc","Blood for Blood"],"picked":"SKIP","floor":10},{"not_picked":["True Grit","Blood for Blood"],"picked":"Inflame","floor":11},{"not_picked":["Searing Blow","Rage"],"picked":"Headbutt","floor":13},{"not_picked":["Wild Strike","Armaments"],"picked":"Spot Weakness","floor":14},{"not_picked":["Juggernaut","Barricade"],"picked":"Immolate","floor":16},{"not_picked":["Infernal Blade","Pummel"],"picked":"Heavy Blade","floor":18},{"not_picked":["Ghostly Armor","Armaments"],"picked":"Cleave","floor":22},{"not_picked":["Bloodletting","Berserk","Hemokinesis"],"picked":"SKIP","floor":23},{"not_picked":["Clothesline","Rage","Wild Strike"],"picked":"SKIP","floor":28},{"not_picked":["Body Slam","Rage+1"],"picked":"Iron Wave+1","floor":29},{"not_picked":["Blood for Blood","Fire Breathing+1"],"picked":"Pommel Strike","floor":30},{"not_picked":["Havoc","Flex","Second Wind"],"picked":"SKIP","floor":31}],"player_experience":679961,"relics_obtained":[{"floor":6,"key":"Champion Belt"},{"floor":9,"key":"Nunchaku"},{"floor":14,"key":"Happy Flower"},{"floor":23,"key":"PreservedInsect"},{"floor":26,"key":"Omamori"},{"floor":28,"key":"Frozen Egg 2"},{"floor":30,"key":"Blue Candle"}],"event_choices":[{"damage_healed":0,"gold_gain":75,"player_choice":"Gather Gold","damage_taken":11,"max_hp_gain":0,"max_hp_loss":0,"event_name":"World of Goop","floor":2,"gold_loss":0},{"damage_healed":0,"gold_gain":175,"player_choice":"AGREE","damage_taken":0,"max_hp_gain":0,"max_hp_loss":0,"event_name":"Liars Game","floor":3,"gold_loss":0,"cards_obtained":["Doubt"]},{"damage_healed":0,"gold_gain":0,"player_choice":"Success","damage_taken":12,"relics_obtained":["Kunai"],"max_hp_gain":0,"max_hp_loss":0,"event_name":"Scrap Ooze","floor":7,"gold_loss":0},{"damage_healed":0,"gold_gain":275,"player_choice":"Desecrate","damage_taken":0,"max_hp_gain":0,"max_hp_loss":0,"event_name":"Golden Shrine","floor":19,"gold_loss":0,"cards_obtained":["Regret"]}],"is_beta":false,"boss_relics":[{"not_picked":["Runic Pyramid","Mark of Pain"],"picked":"Philosopher\u0027s Stone"}],"items_purged_floors":[4,20],"is_endless":false,"potions_floor_spawned":[1,5,11,13,18,29],"killed_by":"Automaton","ascension_level":8}}