{"host":"bxzomvt4ag86nh1n","time":1613500845,"event":{"mods":["BaseMod","Bestiary","Colored Map","Highlight Path","Minty Spire (QoL Compilation)","Relic Stats"],"gold_per_floor":[159,178,189,114,130,155,155,172,195,230,243,258,59,79,79,178,178,196,196,215,229,240,268,165,165,190,200,200,180,211,228,228,332,377,395,405,432,226,241,241,253,253,253],"floor_reached":42,"language":"ENG","playtime":5203,"items_purged":["Strike_P","Strike_P","Defend_P","Ragnarok"],"score":560,"play_id":"9f1f97e2-fac6-4773-beb2-7cac266dfce4","local_time":"20210216194045","is_ascension_mode":true,"campfire_choices":[{"data":"Wallop","floor":7.0,"key":"SMITH"},{"data":"PathToVictory","floor":15.0,"key":"SMITH"},{"data":"Establishment","floor":25.0,"key":"SMITH"},{"data":"Meditate","floor":28.0,"key":"SMITH"},{"data":"Conclude","floor":32.0,"key":"SMITH"},{"data":"PathToVictory","floor":40.0,"key":"SMITH"}],"circlet_count":0,"master_deck":["Eruption+1","Vigilance","PathToVictory+1","Wallop+1","Meditate+1","ThirdEye+1","WindmillStrike","Conclude+1","Establishment+1","PathToVictory+1","Protect+1","CutThroughFate","Judgement","SashWhip","Nirvana","SandsOfTime","DeusExMachina","Protect"],"relics":["Tiny House","Smiling Mask","War Paint","Damaru","Bag of Preparation","Busted Crown","Nunchaku","CeramicFish","Happy Flower","Pandora\u0027s Box","PreservedInsect"],"acts_visited":["Exordium","TheCity","TheBeyond"],"potions_floor_usage":[42],"damage_taken":[{"damage":0.0,"enemies":"Cultist","floor":1.0,"turns":2.0},{"damage":1.0,"enemies":"Small Slimes","floor":2.0,"turns":3.0},{"damage":0.0,"enemies":"2 Louse","floor":3.0,"turns":3.0},{"damage":13.0,"enemies":"Lots of Slimes","floor":5.0,"turns":5.0},{"damage":0.0,"enemies":"3 Sentries","floor":6.0,"turns":11.0},{"damage":0.0,"enemies":"Blue Slaver","floor":8.0,"turns":3.0},{"damage":8.0,"enemies":"Gremlin Nob","floor":10.0,"turns":3.0},{"damage":1.0,"enemies":"2 Fungi Beasts","floor":11.0,"turns":3.0},{"damage":0.0,"enemies":"Red Slaver","floor":12.0,"turns":2.0},{"damage":0.0,"enemies":"Gremlin Gang","floor":14.0,"turns":2.0},{"damage":0.0,"enemies":"Slime Boss","floor":16.0,"turns":5.0},{"damage":7.0,"enemies":"2 Thieves","floor":18.0,"turns":4.0},{"damage":3.0,"enemies":"Shell Parasite","floor":20.0,"turns":5.0},{"damage":0.0,"enemies":"3 Cultists","floor":21.0,"turns":3.0},{"damage":0.0,"enemies":"Centurion and Healer","floor":22.0,"turns":4.0},{"damage":17.0,"enemies":"Slavers","floor":23.0,"turns":5.0},{"damage":1.0,"enemies":"Chosen and Byrds","floor":27.0,"turns":3.0},{"damage":1.0,"enemies":"Gremlin Leader","floor":30.0,"turns":6.0},{"damage":3.0,"enemies":"Snake Plant","floor":31.0,"turns":3.0},{"damage":39.0,"enemies":"Champ","floor":33.0,"turns":9.0},{"damage":23.0,"enemies":"3 Darklings","floor":35.0,"turns":3.0},{"damage":0.0,"enemies":"Orb Walker","floor":36.0,"turns":4.0},{"damage":8.0,"enemies":"Spire Growth","floor":37.0,"turns":3.0},{"damage":20.0,"enemies":"Jaw Worm Horde","floor":39.0,"turns":4.0},{"damage":0.0,"enemies":"Transient","floor":41.0,"turns":5.0},{"damage":32,"enemies":"Nemesis","floor":42,"turns":2}],"seed_played":"3825407131346504190","potions_obtained":[{"floor":0.0,"key":"EssenceOfSteel"},{"floor":3.0,"key":"EssenceOfSteel"},{"floor":5.0,"key":"Regen Potion"},{"floor":8.0,"key":"DuplicationPotion"},{"floor":10.0,"key":"SkillPotion"},{"floor":12.0,"key":"LiquidBronze"},{"floor":18.0,"key":"Block Potion"},{"floor":20.0,"key":"FearPotion"},{"floor":22.0,"key":"FearPotion"},{"floor":23.0,"key":"Energy Potion"},{"floor":29.0,"key":"EssenceOfSteel"},{"floor":39.0,"key":"FearPotion"}],"is_trial":false,"path_per_floor":["M","M","M","$","M","E","R","M","T","E","M","M","$","M","R","B",null,"M","?","M","M","M","E","$","R","T","M","R","?","E","M","R","B",null,"M","M","M","$","M","R","M","E"],"character_chosen":"WATCHER","items_purchased":["Bag of Preparation","CutThroughFate","PreservedInsect"],"campfire_rested":0,"item_purchase_floors":[13,24,38],"current_hp_per_floor":[77,76,76,76,63,63,63,63,63,55,63,63,63,63,63,63,77,70,70,67,67,67,50,50,50,50,49,49,49,48,45,45,6,77,54,54,46,46,26,26,26,0,0],"gold":253,"neow_bonus":"BOSS_RELIC","is_daily":false,"chose_seed":false,"campfire_upgraded":6,"win_rate":0.0,"timestamp":1613500845,"path_taken":["M","M","?","$","M","E","R","M","T","E","M","M","$","M","R","BOSS","M","?","M","M","M","E","$","R","T","M","R","?","E","M","R","BOSS","M","M","M","$","M","R","?","E"],"items_purchased_type":["Relic","Card","Relic"],"build_version":"2020-12-22","purchased_purges":4,"victory":false,"max_hp_per_floor":[77,77,77,77,77,77,77,77,77,77,77,77,77,77,77,77,77,77,77,77,77,77,77,77,77,77,77,77,77,77,77,77,77,77,77,77,77,77,77,77,77,77,77],"relic_stats":{"Nunchaku":[6],"Busted Crown":28,"Happy Flower":[11],"counters":[26,105],"CeramicFish":63,"Pandora\u0027s Box":["SashWhip","Nirvana","Ragnarok","SandsOfTime","DeusExMachina"],"PreservedInsect":47,"Bag of Preparation":[34],"War Paint":["ThirdEye","Defend_P"],"Smiling Mask":225,"obtain_stats":[{"Nunchaku":23,"Tiny House":0,"Busted Crown":17,"Happy Flower":30,"CeramicFish":26,"Damaru":10,"Pandora\u0027s Box":34,"PreservedInsect":38,"Bag of Preparation":13,"PureWater":0,"War Paint":9,"Smiling Mask":6},{"Nunchaku":16,"Tiny House":0,"Busted Crown":11,"Happy Flower":18,"CeramicFish":16,"Damaru":7,"Pandora\u0027s Box":20,"PreservedInsect":23,"Bag of Preparation":9,"PureWater":0,"War Paint":6,"Smiling Mask":5},{"Nunchaku":63,"Tiny House":0,"Busted Crown":42,"Happy Flower":72,"CeramicFish":63,"Damaru":30,"Pandora\u0027s Box":84,"PreservedInsect":94,"Bag of Preparation":35,"PureWater":0,"War Paint":27,"Smiling Mask":24}]},"card_choices":[{"not_picked":["FlurryOfBlows","CutThroughFate"],"picked":"PathToVictory","floor":0.0},{"not_picked":["SashWhip","Protect"],"picked":"Wallop","floor":1.0},{"not_picked":["Sanctity","CrushJoints"],"picked":"Meditate","floor":2.0},{"not_picked":["FlyingSleeves","Study"],"picked":"ThirdEye","floor":3.0},{"not_picked":["EmptyBody","EmptyFist","CrushJoints"],"picked":"SKIP","floor":5.0},{"not_picked":["Evaluate","Omniscience","SignatureMove"],"picked":"SKIP","floor":6.0},{"not_picked":["Evaluate","BattleHymn","Tantrum"],"picked":"SKIP","floor":8.0},{"not_picked":["Tantrum","FollowUp"],"picked":"WindmillStrike","floor":10.0},{"not_picked":["WheelKick","ClearTheMind","FlyingSleeves"],"picked":"SKIP","floor":11.0},{"not_picked":["WreathOfFlame","CutThroughFate"],"picked":"Conclude","floor":12.0},{"not_picked":["Protect","Prostrate","Halt"],"picked":"SKIP","floor":14.0},{"not_picked":["DevaForm","Vault"],"picked":"Establishment","floor":16.0},{"not_picked":["JustLucky"],"picked":"SKIP","floor":18.0},{"not_picked":["FlyingSleeves+1"],"picked":"SKIP","floor":20.0},{"not_picked":[],"picked":"PathToVictory","floor":21.0},{"not_picked":[],"picked":"Protect+1","floor":22.0},{"not_picked":["ClearTheMind"],"picked":"SKIP","floor":23.0},{"not_picked":["TalkToTheHand"],"picked":"SKIP","floor":27.0},{"not_picked":["EmptyFist"],"picked":"SKIP","floor":30.0},{"not_picked":["SashWhip"],"picked":"SKIP","floor":31.0},{"not_picked":[],"picked":"Judgement","floor":33.0},{"not_picked":["JustLucky"],"picked":"SKIP","floor":35.0},{"not_picked":["Worship"],"picked":"SKIP","floor":36.0},{"not_picked":[],"picked":"Protect","floor":37.0},{"not_picked":["EmptyBody+1"],"picked":"SKIP","floor":39.0},{"not_picked":["ThirdEye+1"],"picked":"SKIP","floor":41.0}],"player_experience":296335,"relics_obtained":[{"floor":6.0,"key":"Smiling Mask"},{"floor":9.0,"key":"War Paint"},{"floor":10.0,"key":"Damaru"},{"floor":23.0,"key":"Nunchaku"},{"floor":26.0,"key":"CeramicFish"},{"floor":30.0,"key":"Happy Flower"}],"event_choices":[{"damage_healed":0.0,"max_hp_gain":0.0,"max_hp_loss":0.0,"gold_gain":0.0,"event_name":"Beggar","player_choice":"Ignored","floor":19.0,"gold_loss":0.0,"damage_taken":0.0},{"damage_healed":0.0,"max_hp_gain":0.0,"max_hp_loss":0.0,"gold_gain":0.0,"event_name":"The Woman in Blue","player_choice":"Bought 1 Potion","floor":29.0,"gold_loss":0.0,"damage_taken":0.0}],"is_beta":false,"boss_relics":[{"not_picked":["Philosopher\u0027s Stone","VioletLotus"],"picked":"Busted Crown"},{"not_picked":["Cursed Key","Velvet Choker"],"picked":"Pandora\u0027s Box"}],"items_purged_floors":[4,13,24,38],"is_endless":false,"potions_floor_spawned":[3,5,8,10,12,18,20,22,23,39],"killed_by":"Nemesis","ascension_level":1}}