{"host":"rggj2ko407d9tv95","time":1613512630,"event":{"mods":["BaseMod","BetterRewards","Colored Map","Conspire","Energized Spire","GifTheSpireLib","Highlight Path","Hubris","Infinite Spire","Minty Spire (QoL Compilation)","Rare Cards Sparkle","Relic Sorter","Replay The Spire","StSLib","The Animator","The Saiyan"],"gold_per_floor":[5011,5011,4788,4822,4822,4822,4822,4017,4017,4045,4045,4045,4045,4045,4045,4192,4192,4214,4233,3717,3717,3717,3793,3799,3799],"floor_reached":24,"language":"ENG","playtime":5619,"items_purged":["Delirium","Pain"],"score":325,"play_id":"959783b1-7120-49f3-b86c-322e56851f23","local_time":"20210216145710","is_ascension_mode":false,"campfire_choices":[{"data":"animator:Darkness","floor":6,"key":"SMITH"},{"data":"animator:Chris","floor":11,"key":"SMITH"},{"data":"animator:HououinKyouma","floor":13,"key":"SMITH"},{"data":"animator:Aqua","floor":15,"key":"SMITH"}],"circlet_count":0,"master_deck":["animator:Strike_Konosuba","animator:Kazuma","animator:Aqua+1","animator:Megumin+6","animator:Darkness+1","animator:GuildGirl","animator:DolaRiku","animator:YunYun","animator:Albedo","animator:Shuna","animator:HououinKyouma+1","animator:Chris+1","animator:Tatsumaki+1","animator:DolaCouronne","animator:Genos","animator:DolaStephanie+1","animator:Sebas","animator:FielNirvalen","animator:Shiro"],"relics":["animator:LivingPicture","SaiyanHeart","Lizard Tail","animator:TheMissingPiece","infinitespire:FocusingShard","Anchor","Ring of Hypnosis","Blood Vial","hubris:Towel","WarpedTongs","Runic Capacitor","animator:Hoodie"],"acts_visited":["Exordium","TheCity"],"potions_floor_usage":[],"damage_taken":[{"damage":0,"enemies":"conspire:RoseBush","floor":1,"turns":7},{"damage":16,"enemies":"Small Slimes","floor":4,"turns":5},{"damage":0,"enemies":"Jaw Worm","floor":10,"turns":4},{"damage":6,"enemies":"The Guardian","floor":16,"turns":11},{"damage":4,"enemies":"Spheric Guardian","floor":18,"turns":4},{"damage":18,"enemies":"2 Thieves","floor":19,"turns":3},{"damage":81,"enemies":"Nightmare","floor":23,"turns":9},{"damage":6,"enemies":"Centurion and Healer","floor":24,"turns":3}],"seed_played":"3156091563942824540","potions_obtained":[{"floor":4,"key":"PowerPotion"},{"floor":10,"key":"SneckoOil"},{"floor":18,"key":"Block Potion"},{"floor":23,"key":"LiquidMemories"}],"is_trial":false,"path_per_floor":["M","?","$","M","?","R","?","$","T","M","R","?","R","?","R","B",null,"M","M","$","?","?","NM","M"],"character_chosen":"THE_ANIMATOR","items_purchased":["Blood Vial","animator:GuildGirl","infinitespire:FocusingShard","animator:YunYun","animator:Albedo","animator:Shuna","animator:HououinKyouma","LiquidMemories","animator:Genos","animator:DolaStephanie+1","animator:Sebas","animator:FielNirvalen","Runic Capacitor"],"campfire_rested":0,"item_purchase_floors":[3,3,8,8,8,8,8,8,20,20,20,20,20],"current_hp_per_floor":[100,100,100,86,86,86,86,86,86,90,90,90,90,90,90,92,100,97,85,85,85,85,9,8,8],"gold":3799,"neow_bonus":"","is_daily":false,"chose_seed":false,"campfire_upgraded":4,"win_rate":0.0,"timestamp":1613512630,"path_taken":["M","?","$","M","?","R","?","$","T","?","R","?","R","?","R","BOSS","M","?","$","?","?","NM","M"],"items_purchased_type":["Relic","Card","Relic","Card","Card","Card","Card","Potion","Card","Card","Card","Card","Relic"],"build_version":"2020-12-22","purchased_purges":2,"victory":false,"max_hp_per_floor":[100,100,100,100,100,100,100,100,100,100,100,100,100,100,100,100,100,101,102,102,102,102,102,102,102],"card_choices":[{"not_picked":["animator:Yoichi","animator:MamiTomoe","animator:Kuribayashi"],"picked":"SKIP","floor":1},{"not_picked":["animator:MetalKnight","animator:GazelDwargon"],"picked":"animator:DolaRiku","floor":4},{"not_picked":["animator:Saitama","animator:Kuribayashi"],"picked":"animator:Chris","floor":10},{"not_picked":["animator:Cocytus","animator:Mikaela+1"],"picked":"animator:Tatsumaki+1","floor":18},{"not_picked":["animator:CrowleyEusford","animator:Chris"],"picked":"animator:DolaCouronne","floor":19},{"not_picked":["animator:Shuna","animator:MetalKnight"],"picked":"animator:Shiro","floor":23}],"player_experience":47042,"relics_obtained":[{"floor":2,"key":"Ring of Searing"},{"floor":2,"key":"Ring of Hypnosis"},{"floor":9,"key":"Lizard Tail"},{"floor":23,"key":"animator:Hoodie"}],"event_choices":[{"damage_healed":0,"gold_gain":0,"player_choice":"Leave","damage_taken":0,"max_hp_gain":0,"max_hp_loss":0,"event_name":"conspire:Investor","floor":12,"gold_loss":0},{"damage_healed":0,"gold_gain":0,"player_choice":"Rummage","damage_taken":0,"relics_obtained":["WarpedTongs"],"max_hp_gain":0,"max_hp_loss":0,"event_name":"Accursed Blacksmith","floor":14,"gold_loss":0,"cards_obtained":["Pain"]},{"cards_removed":["animator:Defend_Konosuba"],"damage_healed":0,"gold_gain":0,"player_choice":"Elegance","damage_taken":0,"max_hp_gain":0,"max_hp_loss":0,"event_name":"Back to Basics","floor":21,"gold_loss":0}],"is_beta":false,"boss_relics":[{"not_picked":["SacredBark","Empty Cage"],"picked":"hubris:Backtick"}],"items_purged_floors":[8,20],"is_endless":true,"potions_floor_spawned":[4,10,18,23],"killed_by":"Centurion and Healer","ascension_level":0}}