{"host":"0ueeacaatm8t6jyh","time":1613471695,"event":{"mods":["AchievementEnabler","BaseMod","Colored Powertips","Minty Spire (QoL Compilation)","Quick Restart","Rare Cards Sparkle","Shop Mod","StSLib"],"gold_per_floor":[119,138,138,313,71,71,91,107,186,261,280,280,294,325,84,94,94,167,167,184,184,47,47,62,62,77,97,97,97,12,12,37,51,71,71,71,71],"floor_reached":36,"language":"ZHS","playtime":1249,"items_purged":["Doubt","Strike_B","Defend_B"],"score":554,"play_id":"9204e39a-b503-4ab0-adf8-2a0bde672539","local_time":"20210216183455","is_ascension_mode":true,"campfire_choices":[{"data":"White Noise","floor":6.0,"key":"SMITH"},{"data":"Genetic Algorithm","floor":12.0,"key":"SMITH"},{"data":"Skim","floor":17.0,"key":"SMITH"},{"data":"Coolheaded","floor":25.0,"key":"SMITH"},{"data":"Buffer","floor":31.0,"key":"SMITH"},{"data":"Hologram","floor":35.0,"key":"SMITH"}],"circlet_count":0,"master_deck":["AscendersBane","Strike_B","Strike_B","Strike_B","Defend_B","Defend_B","Defend_B+1","Zap+1","Dualcast+1","White Noise+1","Ball Lightning","Glacier","Genetic Algorithm+1","Hologram+1","Skim+1","Buffer+1","Coolheaded+1"],"relics":["Cracked Core","DataDisk","Membership Card","Cables","PreservedInsect","Lee\u0027s Waffle","Omamori","Calling Bell","Eternal Feather","Mango","War Paint","Bag of Preparation","Potion Belt","MealTicket","Singing Bowl","Vajra"],"acts_visited":["Exordium","TheCity"],"potions_floor_usage":[36],"damage_taken":[{"damage":1.0,"enemies":"Cultist","floor":1.0,"turns":3.0},{"damage":0.0,"enemies":"Small Slimes","floor":2.0,"turns":3.0},{"damage":0.0,"enemies":"2 Louse","floor":7.0,"turns":2.0},{"damage":7.0,"enemies":"Exordium Wildlife","floor":8.0,"turns":4.0},{"damage":7.0,"enemies":"3 Louse","floor":11.0,"turns":4.0},{"damage":0.0,"enemies":"Large Slime","floor":13.0,"turns":5.0},{"damage":0.0,"enemies":"Lagavulin","floor":14.0,"turns":7.0},{"damage":1.0,"enemies":"Exordium Wildlife","floor":16.0,"turns":4.0},{"damage":2.0,"enemies":"The Guardian","floor":18.0,"turns":13.0},{"damage":7.0,"enemies":"Chosen","floor":20.0,"turns":4.0},{"damage":2.0,"enemies":"3 Byrds","floor":24.0,"turns":6.0},{"damage":26.0,"enemies":"Cultist and Chosen","floor":26.0,"turns":7.0},{"damage":1.0,"enemies":"3 Cultists","floor":27.0,"turns":3.0},{"damage":33.0,"enemies":"Book of Stabbing","floor":32.0,"turns":6.0},{"damage":10.0,"enemies":"Snake Plant","floor":33.0,"turns":5.0},{"damage":0.0,"enemies":"Snecko","floor":34.0,"turns":5.0},{"damage":54,"enemies":"Collector","floor":36,"turns":10}],"seed_played":"-3297418182388427747","potions_obtained":[{"floor":7.0,"key":"Swift Potion"},{"floor":8.0,"key":"Weak Potion"},{"floor":13.0,"key":"PowerPotion"},{"floor":26.0,"key":"SteroidPotion"}],"is_trial":false,"path_per_floor":["M","M","?","?","$","R","M","M","T","?","M","R","M","E","$","M","R","B",null,"M","?","$","?","M","R","M","M","T","T","?","R","E","M","M","R","B"],"character_chosen":"DEFECT","items_purchased":["Membership Card","Ball Lightning","Glacier","Skim","Lee\u0027s Waffle","Omamori","Bag of Preparation"],"campfire_rested":0,"item_purchase_floors":[5,5,5,15,15,15,22],"current_hp_per_floor":[63,63,56,56,56,56,56,49,49,38,31,31,31,31,78,77,77,75,91,84,84,84,84,82,91,65,64,64,64,64,73,42,34,36,45,0,0],"gold":71,"neow_bonus":"UPGRADE_CARD","is_daily":false,"chose_seed":false,"campfire_upgraded":6,"win_rate":0.0,"timestamp":1613471695,"path_taken":["M","?","?","?","?","R","M","M","T","?","M","R","?","E","$","M","R","BOSS","M","?","$","?","M","R","M","?","T","T","?","R","E","M","M","R","BOSS"],"items_purchased_type":["Relic","Card","Card","Card","Relic","Relic","Relic"],"build_version":"2020-12-22","purchased_purges":3,"victory":false,"max_hp_per_floor":[71,71,71,71,71,71,71,71,71,71,71,71,71,71,78,78,78,78,92,92,92,92,92,92,92,92,92,92,92,92,92,94,96,98,98,98,98],"card_choices":[{"not_picked":["Conserve Battery","Fusion","Cold Snap"],"picked":"SKIP","floor":1.0},{"not_picked":["Leap","Coolheaded"],"picked":"White Noise","floor":2.0},{"not_picked":["Rip and Tear","Steam","FTL"],"picked":"SKIP","floor":7.0},{"not_picked":["Doom and Gloom","Leap"],"picked":"Genetic Algorithm","floor":8.0},{"not_picked":["Tempest","Leap","Streamline"],"picked":"SKIP","floor":11.0},{"not_picked":["Stack","Go for the Eyes"],"picked":"Hologram","floor":13.0},{"not_picked":["Stack","Undo","All For One"],"picked":"SKIP","floor":14.0},{"not_picked":["Cold Snap","Barrage","Gash"],"picked":"SKIP","floor":16.0},{"not_picked":["Reboot","Core Surge"],"picked":"Buffer","floor":18.0},{"not_picked":["Fusion","Double Energy","Doom and Gloom+1"],"picked":"SKIP","floor":20.0},{"not_picked":["Beam Cell","Ball Lightning","Chaos"],"picked":"SKIP","floor":24.0},{"not_picked":["Glacier","Steam","Ball Lightning"],"picked":"SKIP","floor":26.0},{"not_picked":["Rebound","Go for the Eyes","Steam"],"picked":"SKIP","floor":27.0},{"not_picked":["Go for the Eyes","Machine Learning","Hologram"],"picked":"Singing Bowl","floor":32.0},{"not_picked":["Loop","Storm","Redo"],"picked":"Singing Bowl","floor":33.0},{"not_picked":["Hologram","Gash","Steam Power"],"picked":"Singing Bowl","floor":34.0}],"player_experience":546578,"relics_obtained":[{"floor":9.0,"key":"Cables"},{"floor":14.0,"key":"PreservedInsect"},{"floor":19.0,"key":"Eternal Feather"},{"floor":19.0,"key":"Mango"},{"floor":19.0,"key":"War Paint"},{"floor":28.0,"key":"Potion Belt"},{"floor":29.0,"key":"MealTicket"},{"floor":32.0,"key":"Vajra"}],"event_choices":[{"damage_healed":0.0,"max_hp_gain":0.0,"max_hp_loss":0.0,"gold_gain":0.0,"event_name":"Scrap Ooze","player_choice":"Success","floor":3.0,"gold_loss":0.0,"damage_taken":7.0,"relics_obtained":["DataDisk"]},{"damage_healed":0.0,"max_hp_gain":0.0,"max_hp_loss":0.0,"gold_gain":175.0,"event_name":"Liars Game","player_choice":"AGREE","floor":4.0,"gold_loss":0.0,"damage_taken":0.0,"cards_obtained":["Doubt"]},{"damage_healed":0.0,"max_hp_gain":0.0,"max_hp_loss":0.0,"gold_gain":75.0,"event_name":"World of Goop","player_choice":"Gather Gold","floor":10.0,"gold_loss":0.0,"damage_taken":11.0},{"damage_healed":0.0,"max_hp_gain":0.0,"max_hp_loss":0.0,"gold_gain":0.0,"event_name":"The Library","player_choice":"Read","floor":21.0,"gold_loss":0.0,"damage_taken":0.0,"cards_obtained":["Coolheaded"]},{"damage_healed":0.0,"max_hp_gain":0.0,"max_hp_loss":0.0,"gold_gain":0.0,"event_name":"N\u0027loth","player_choice":"Ignored","floor":23.0,"gold_loss":0.0,"damage_taken":0.0},{"damage_healed":0.0,"max_hp_gain":0.0,"max_hp_loss":0.0,"gold_gain":0.0,"event_name":"Addict","player_choice":"Obtained Relic","floor":30.0,"gold_loss":85.0,"damage_taken":0.0,"relics_obtained":["Singing Bowl"]}],"is_beta":false,"boss_relics":[{"not_picked":["Busted Crown","SacredBark"],"picked":"Calling Bell"}],"items_purged_floors":[5,15,22],"is_endless":false,"potions_floor_spawned":[7,8,13,14,18,26,27],"killed_by":"Collector","ascension_level":14}}