{"host":"mz7jk4rsv9z8n2me","time":1613491130,"event":{"mods":["100% Spire Juice","AchievementEnabler","Aspiration","BaseMod","Bestiary","Better Synergies","Better Third Choice","Better-Laid Plans","Bossed Relics","Challenge The Spire","Colored Map","Colored Powertips","Conspire","DeckTracker","Defuse TimeMaze Blight","Energized Spire","Evolution","Hermit","Hubris","Humility","Infinite Spire","Jorbs\u0027s Wanderer Trilogy","Luminous","Minty Spire (QoL Compilation)","Permanent Neow","Quick Restart","Relic Stats","Reliquary","Replay The Spire","Smile Girya","Spicy Shops","StS++","StSLib","The Construct","The Dragon Tamer","TheSwordswoman","Together in Spire"],"gold_per_floor":[405,351,361,361],"floor_reached":3,"language":"ENG","playtime":236,"items_purged":[],"score":15,"play_id":"33ca3a50-cfde-4bcd-abbd-6d13f79c3156","local_time":"20210216165850","daily_mods":["challengethespire:Bronze Difficulty","challengethespire:Modded Elite Rush","Uncertain Future"],"is_ascension_mode":false,"campfire_choices":[],"circlet_count":0,"master_deck":["Luminous:Light_Flash_Shower+1","Luminous:Light_Flash_Shower","Luminous:Light_Flash_Shower","Luminous:Dark_Abyssal_Drop","Luminous:Dark_Abyssal_Drop","Luminous:Dark_Abyssal_Drop","Luminous:Defend_Luminous","Luminous:Defend_Luminous","Luminous:Defend_Luminous","Luminous:Defend_Luminous","Luminous:Switch_Luminous","Luminous:Magic_Guard_Luminous+1","Luminous:Fast_Spell_Luminous"],"relics":["Luminous:MirrorRelic","Black Star","Sling","PreservedInsect","EVO:Axolotl","Replay:Bandana","StSpp:XCola","Guide Book"],"acts_visited":["Exordium"],"potions_floor_usage":[],"damage_taken":[{"damage":17,"enemies":"Replay:BlueRogue","floor":3,"turns":4}],"seed_played":"-6609007510842953815","potions_obtained":[],"is_trial":true,"path_per_floor":["$","$","E"],"character_chosen":"LuminousClass","items_purchased":["Replay:Bandana","StSpp:XCola","Luminous:Magic_Guard_Luminous","Guide Book","Luminous:Fast_Spell_Luminous"],"campfire_rested":0,"item_purchase_floors":[1,1,1,1,2],"current_hp_per_floor":[75,75,58,58],"gold":361,"neow_bonus":"","is_daily":false,"chose_seed":false,"campfire_upgraded":0,"win_rate":0.0,"timestamp":1613491130,"path_taken":["$","$","E"],"items_purchased_type":["Relic","Relic","Card","Relic","Card"],"build_version":"2020-12-22","purchased_purges":0,"victory":false,"max_hp_per_floor":[75,75,75,75],"relic_stats":{"counters":[1,4],"PreservedInsect":22,"Black Star":0,"obtain_stats":[{"Replay:Bandana":1,"Guide Book":1,"PreservedInsect":0,"Luminous:MirrorRelic":0,"Black Star":0,"EVO:Axolotl":0,"Sling":0,"StSpp:XCola":1},{"Replay:Bandana":0,"Guide Book":0,"PreservedInsect":0,"Luminous:MirrorRelic":0,"Black Star":0,"EVO:Axolotl":0,"Sling":0,"StSpp:XCola":0},{"Replay:Bandana":0,"Guide Book":0,"PreservedInsect":0,"Luminous:MirrorRelic":0,"Black Star":0,"EVO:Axolotl":0,"Sling":0,"StSpp:XCola":0}]},"card_choices":[],"player_experience":84032,"relics_obtained":[],"event_choices":[],"is_beta":false,"boss_relics":[],"items_purged_floors":[],"is_endless":false,"potions_floor_spawned":[],"killed_by":"Replay:BlueRogue","ascension_level":0,"is_humility":true}}