{"host":"bx54wbx1b8s5cm4v","time":1613459882,"event":{"mods":["BaseMod","Beaked The Cultist","GifTheSpireLib","Hubris","Marisa????????","Minty Spire (QoL Compilation)","StSLib","The Blackbeard","The Bladedancer","The Cursed","The Disciple","The Druid","The Forsaken","The Necromancer","The Runesmith","The Servant 0.9.4","TheBandit"],"gold_per_floor":[109,59,76,76,1,26,49,89,142,142,142],"floor_reached":10,"language":"ENG","playtime":269,"items_purged":["Defend_B"],"score":71,"play_id":"57635d89-bcfe-40f3-a825-5de0649118ab","local_time":"20210216041802","is_ascension_mode":true,"campfire_choices":[],"circlet_count":0,"master_deck":["Strike_B","Strike_B","Strike_B","Defend_B","Defend_B","Defend_B","Zap","Dualcast","Buffer","Sweeping Beam","Go for the Eyes","Conserve Battery","Beam Cell","hubris:PowerSurge"],"relics":["Cracked Core","Golden Idol","Bronze Scales","Runesmith:AutoHammer"],"acts_visited":["Exordium"],"potions_floor_usage":[8],"damage_taken":[{"damage":1,"enemies":"2 Louse","floor":1,"turns":2},{"damage":2,"enemies":"Small Slimes","floor":3,"turns":2},{"damage":0,"enemies":"Jaw Worm","floor":6,"turns":3},{"damage":0,"enemies":"3 Louse","floor":7,"turns":3},{"damage":33,"enemies":"Gremlin Nob","floor":8,"turns":5},{"damage":11,"enemies":"3 Sentries","floor":10,"turns":4}],"seed_played":"-8664031058772135237","potions_obtained":[{"floor":3,"key":"Fire Potion"}],"is_trial":false,"path_per_floor":["M","?","M","?","$","M","M","E","T","E"],"character_chosen":"DEFECT","items_purchased":[],"campfire_rested":0,"item_purchase_floors":[],"current_hp_per_floor":[74,74,72,54,54,54,54,21,21,10,10],"gold":142,"neow_bonus":"ONE_RANDOM_RARE_CARD","is_daily":false,"chose_seed":false,"campfire_upgraded":0,"win_rate":0.0,"timestamp":1613459882,"path_taken":["M","?","M","?","$","M","M","E","T","E"],"items_purchased_type":[],"build_version":"2020-12-22","purchased_purges":1,"victory":false,"max_hp_per_floor":[75,75,75,75,75,75,75,75,75,75,75],"card_choices":[{"not_picked":["Storm","Tempest"],"picked":"Sweeping Beam","floor":1},{"not_picked":["Stack","Buffer"],"picked":"Go for the Eyes","floor":3},{"not_picked":["Turbo","Leap"],"picked":"Conserve Battery","floor":6},{"not_picked":["Coolheaded","Turbo"],"picked":"Beam Cell","floor":7},{"not_picked":["Turbo","Buffer"],"picked":"hubris:PowerSurge","floor":8}],"player_experience":52623,"relics_obtained":[{"floor":8,"key":"Bronze Scales"},{"floor":9,"key":"Runesmith:AutoHammer"}],"event_choices":[{"cards_removed":["Strike_B"],"damage_healed":0,"gold_gain":0,"player_choice":"Card Removal","damage_taken":0,"max_hp_gain":0,"max_hp_loss":0,"event_name":"The Cleric","floor":2,"gold_loss":50},{"damage_healed":0,"gold_gain":0,"player_choice":"Take Damage","damage_taken":18,"relics_obtained":["Golden Idol"],"max_hp_gain":0,"max_hp_loss":0,"event_name":"Golden Idol","floor":4,"gold_loss":0}],"is_beta":false,"boss_relics":[],"items_purged_floors":[5],"is_endless":false,"potions_floor_spawned":[3],"killed_by":"3 Sentries","ascension_level":1}}