{"host":"xe7vird6mhwsic73","time":1613509037,"event":{"mods":["BaseMod","Minty Spire (QoL Compilation)","Relic Stats","StSLib"],"gold_per_floor":[109,109,109,109,34,72,91,105,130,173,187,235,310,340,340,469,469,491,416,416,425,448,497,531,141,141,141,162,191,216,260,260,260,260],"floor_reached":33,"language":"ENG","playtime":2031,"items_purged":["Strike_P","Defend_P+1"],"score":375,"play_id":"0cbfb501-2779-480c-944e-558d079cc1d9","local_time":"20210216155717","is_ascension_mode":true,"campfire_choices":[{"data":"Eruption","floor":15,"key":"SMITH"},{"floor":27,"key":"REST"},{"floor":32,"key":"REST"}],"circlet_count":0,"master_deck":["Strike_P+1","Strike_P+1","Defend_P+1","Defend_P+1","Defend_P+1","Eruption+1","Vigilance+1","FollowUp","Crescendo","Consecrate+1","Tantrum","FlurryOfBlows","SashWhip","CutThroughFate","DeusExMachina","CarveReality+1","Vigilance+1","Wireheading","PathToVictory","ClearTheMind","CutThroughFate","TalkToTheHand"],"relics":["PureWater","Bronze Scales","Mango","Golden Idol","FossilizedHelix","CeramicFish","Happy Flower","Whetstone","Black Star","MawBank","Anchor","PreservedInsect","Medical Kit","Mercury Hourglass","Sundial","Omamori"],"acts_visited":["Exordium","TheCity"],"potions_floor_usage":[6,12,16,16,24,29,31,33],"damage_taken":[{"damage":2,"enemies":"2 Louse","floor":1,"turns":3},{"damage":18,"enemies":"3 Sentries","floor":6,"turns":11},{"damage":0,"enemies":"Jaw Worm","floor":7,"turns":4},{"damage":0,"enemies":"Cultist","floor":8,"turns":4},{"damage":0,"enemies":"Gremlin Nob","floor":10,"turns":3},{"damage":0,"enemies":"Looter","floor":11,"turns":3},{"damage":0,"enemies":"3 Sentries","floor":12,"turns":3},{"damage":0,"enemies":"2 Fungi Beasts","floor":14,"turns":3},{"damage":1,"enemies":"The Guardian","floor":16,"turns":7},{"damage":20,"enemies":"2 Thieves","floor":18,"turns":3},{"damage":0,"enemies":"Chosen","floor":22,"turns":2},{"damage":32,"enemies":"Slavers","floor":23,"turns":5},{"damage":7,"enemies":"Snake Plant","floor":24,"turns":4},{"damage":0,"enemies":"Snecko","floor":28,"turns":2},{"damage":0,"enemies":"3 Cultists","floor":29,"turns":4},{"damage":0,"enemies":"Chosen and Byrds","floor":30,"turns":4},{"damage":9,"enemies":"Gremlin Leader","floor":31,"turns":4},{"damage":69,"enemies":"Automaton","floor":33,"turns":8}],"seed_played":"-2827697703306777100","potions_obtained":[{"floor":1,"key":"StancePotion"},{"floor":8,"key":"SteroidPotion"},{"floor":10,"key":"PowerPotion"},{"floor":12,"key":"SmokeBomb"},{"floor":14,"key":"Swift Potion"},{"floor":22,"key":"SneckoOil"},{"floor":28,"key":"LiquidBronze"},{"floor":29,"key":"Block Potion"},{"floor":30,"key":"SteroidPotion"}],"is_trial":false,"path_per_floor":["M","?","T","?","$","E","M","M","T","E","M","E","?","M","R","B",null,"M","?","?","?","M","E","M","$","T","R","M","M","M","E","R","B"],"character_chosen":"WATCHER","items_purchased":["PreservedInsect","Medical Kit"],"campfire_rested":2,"item_purchase_floors":[25,25],"current_hp_per_floor":[70,70,84,80,80,62,62,62,62,62,62,62,51,51,51,50,80,60,60,60,60,60,28,21,21,21,45,45,45,45,36,60,0,0],"gold":260,"neow_bonus":"RANDOM_COMMON_RELIC","is_daily":false,"chose_seed":false,"campfire_upgraded":1,"win_rate":0.0,"timestamp":1613509037,"path_taken":["M","?","?","?","?","E","M","?","T","E","?","E","?","M","R","BOSS","M","?","?","?","?","E","M","$","T","R","M","M","M","E","R","BOSS"],"items_purchased_type":["Relic","Relic"],"build_version":"2020-12-22","purchased_purges":2,"victory":false,"max_hp_per_floor":[72,72,86,80,80,80,80,80,80,80,80,80,80,80,80,80,80,80,80,80,80,80,80,80,80,80,80,80,80,80,80,80,80,80],"relic_stats":{"Happy Flower":[17],"counters":[18,77],"Golden Idol":98,"CeramicFish":99,"PreservedInsect":47,"Whetstone":["Consecrate","Strike_P"],"MawBank":24,"Medical Kit":[0],"Mercury Hourglass":[108],"Sundial":[2],"Bronze Scales":[223],"Black Star":2,"obtain_stats":[{"Happy Flower":10,"Golden Idol":4,"CeramicFish":9,"Mango":3,"PreservedInsect":25,"Omamori":31,"Whetstone":12,"MawBank":23,"Medical Kit":25,"Mercury Hourglass":26,"Anchor":23,"Sundial":31,"Bronze Scales":0,"Black Star":17,"PureWater":0,"FossilizedHelix":6},{"Happy Flower":5,"Golden Idol":1,"CeramicFish":4,"Mango":1,"PreservedInsect":13,"Omamori":17,"Whetstone":7,"MawBank":12,"Medical Kit":13,"Mercury Hourglass":13,"Anchor":12,"Sundial":17,"Bronze Scales":0,"Black Star":9,"PureWater":0,"FossilizedHelix":2},{"Happy Flower":25,"Golden Idol":3,"CeramicFish":22,"Mango":3,"PreservedInsect":55,"Omamori":69,"Whetstone":31,"MawBank":51,"Medical Kit":55,"Mercury Hourglass":55,"Anchor":51,"Sundial":69,"Bronze Scales":0,"Black Star":41,"PureWater":0,"FossilizedHelix":14}]},"card_choices":[{"not_picked":["Swivel","Evaluate"],"picked":"FollowUp","floor":1},{"not_picked":["Vengeance","WheelKick"],"picked":"Crescendo","floor":6},{"not_picked":["Prostrate","LikeWater"],"picked":"Consecrate","floor":7},{"not_picked":["Evaluate","Prostrate"],"picked":"Tantrum","floor":8},{"not_picked":["Alpha","Indignation"],"picked":"FlurryOfBlows","floor":10},{"not_picked":["Evaluate","Vengeance","EmptyMind"],"picked":"SKIP","floor":11},{"not_picked":["Prostrate","WheelKick"],"picked":"SashWhip","floor":12},{"not_picked":["Crescendo","Perseverance"],"picked":"CutThroughFate","floor":14},{"not_picked":["Blasphemy","Scrawl"],"picked":"DeusExMachina","floor":16},{"not_picked":["SashWhip","ReachHeaven"],"picked":"CarveReality+1","floor":18},{"not_picked":["Meditate","ClearTheMind"],"picked":"Wireheading","floor":22},{"not_picked":["EmptyMind","ForeignInfluence+1"],"picked":"PathToVictory","floor":23},{"not_picked":["EmptyFist","FlyingSleeves"],"picked":"ClearTheMind","floor":24},{"not_picked":["Swivel+1","JustLucky","BowlingBash"],"picked":"SKIP","floor":28},{"not_picked":["Conclude+1","ThirdEye+1"],"picked":"CutThroughFate","floor":29},{"not_picked":["FlyingSleeves+1","Consecrate"],"picked":"TalkToTheHand","floor":30},{"not_picked":["BowlingBash","Weave","Crescendo+1"],"picked":"SKIP","floor":31}],"player_experience":176496,"relics_obtained":[{"floor":3,"key":"Mango"},{"floor":6,"key":"FossilizedHelix"},{"floor":9,"key":"CeramicFish"},{"floor":10,"key":"Happy Flower"},{"floor":12,"key":"Whetstone"},{"floor":23,"key":"MawBank"},{"floor":23,"key":"Anchor"},{"floor":26,"key":"Mercury Hourglass"},{"floor":31,"key":"Sundial"},{"floor":31,"key":"Omamori"}],"event_choices":[{"damage_healed":0,"gold_gain":0,"player_choice":"Grow","damage_taken":0,"max_hp_gain":0,"max_hp_loss":0,"event_name":"Living Wall","floor":2,"gold_loss":0,"cards_upgraded":["Vigilance"]},{"damage_healed":0,"gold_gain":0,"player_choice":"Lose Max HP","damage_taken":0,"relics_obtained":["Golden Idol"],"max_hp_gain":0,"max_hp_loss":6,"event_name":"Golden Idol","floor":4,"gold_loss":0},{"damage_healed":0,"gold_gain":75,"player_choice":"Gather Gold","damage_taken":11,"max_hp_gain":0,"max_hp_loss":0,"event_name":"World of Goop","floor":13,"gold_loss":0},{"cards_removed":["Strike_P"],"damage_healed":0,"gold_gain":0,"player_choice":"Gave Gold","damage_taken":0,"max_hp_gain":0,"max_hp_loss":0,"event_name":"Beggar","floor":19,"gold_loss":75},{"damage_healed":0,"gold_gain":0,"player_choice":"Simplicity","damage_taken":0,"max_hp_gain":0,"max_hp_loss":0,"event_name":"Back to Basics","floor":20,"gold_loss":0,"cards_upgraded":["Strike_P","Defend_P","Defend_P","Defend_P","Defend_P"]},{"damage_healed":0,"gold_gain":0,"player_choice":"Copied","damage_taken":0,"max_hp_gain":0,"max_hp_loss":0,"event_name":"Duplicator","floor":21,"gold_loss":0,"cards_obtained":["Vigilance"]}],"is_beta":false,"boss_relics":[{"not_picked":["VioletLotus","Cursed Key"],"picked":"Black Star"}],"items_purged_floors":[5,25],"is_endless":false,"potions_floor_spawned":[1,8,10,12,14,22,28,29,30],"killed_by":"Automaton","ascension_level":1}}