{"host":"gdo3pwpqmgk4cf6b","time":1613442772,"event":{"mods":["Act Like it!","BaseMod","Better Match","Better Note","Hubris","Minty Spire (QoL Compilation)","Replay The Spire","StSLib","Swap Starting Deck Mod"],"gold_per_floor":[114,39,4,17,17,17,52,67,67,87,133,133,152,152,152,247,247,363,453,453,470,470,470,284,296,296,326,74,93,103,203,203,302,402,421,471,471,481,481,501,511,511,511,511,511],"floor_reached":44,"language":"ENG","playtime":5892,"items_purged":["Entrench","Entrench"],"score":713,"play_id":"3a716701-84ae-44c8-8179-5f74bc6684a0","local_time":"20210215183252","is_ascension_mode":true,"campfire_choices":[{"data":"Barricade","floor":6,"key":"SMITH"},{"floor":15,"key":"REST"},{"floor":23,"key":"RECALL"},{"floor":32,"key":"REST"},{"floor":42,"key":"REST"}],"circlet_count":0,"master_deck":["Iron Wave","Iron Wave","Iron Wave","Iron Wave","Iron Wave","Entrench","Entrench","Barricade+1","Carnage+1","Run Through","Replay:Undeath\u0027s Touch","Battle Trance","Demon Form+1","Pommel Strike+1","Dark Shackles","Ghostly Armor","Spot Weakness+1","Body Slam","Shrug It Off","Metallicize","Rampage+1","Massacre+1","Blood for Blood+1"],"relics":["Burning Blood","hubris:Towel","Replay:Baseball","hubris:Icosahedron","hubris:HollowSoul","hubris:GlazedTorus","ReplayTheSpireMod:Shallot","Self Forming Clay","Counterbalance","Molten Egg 2","Replay:Wanted Poster","Turnip","Pear"],"acts_visited":["Exordium","TheCity","TheBeyond"],"potions_floor_usage":[11,16,18,27,30,35,36,36,40,44],"damage_taken":[{"damage":2,"enemies":"Jaw Worm","floor":1,"turns":4},{"damage":0,"enemies":"2 Louse","floor":4,"turns":2},{"damage":25,"enemies":"Gremlin Nob","floor":7,"turns":6},{"damage":3,"enemies":"Small Slimes","floor":8,"turns":4},{"damage":13,"enemies":"Exordium Wildlife","floor":10,"turns":3},{"damage":10,"enemies":"Large Slime","floor":13,"turns":5},{"damage":16,"enemies":"Fading Forest","floor":16,"turns":11},{"damage":34,"enemies":"3 Byrds","floor":18,"turns":7},{"damage":2,"enemies":"Chosen","floor":21,"turns":3},{"damage":24,"enemies":"Sentry and Sphere","floor":25,"turns":4},{"damage":17,"enemies":"Replay:Snechameleon","floor":27,"turns":6},{"damage":0,"enemies":"Snake Plant","floor":29,"turns":4},{"damage":10,"enemies":"Shelled Parasite and Fungi","floor":30,"turns":5},{"damage":2,"enemies":"Colosseum Slavers","floor":31,"turns":4},{"damage":4,"enemies":"Colosseum Nobs","floor":31,"turns":4},{"damage":19,"enemies":"Pondfish","floor":33,"turns":14},{"damage":4,"enemies":"Orb Walker","floor":35,"turns":3},{"damage":60,"enemies":"2 Orb Walkers","floor":36,"turns":7},{"damage":13,"enemies":"3 Darklings","floor":38,"turns":4},{"damage":13,"enemies":"Sphere and 2 Shapes","floor":40,"turns":6},{"damage":11,"enemies":"Jaw Worm Horde","floor":41,"turns":6},{"damage":22,"enemies":"Transient","floor":44,"turns":5}],"seed_played":"-119791744930544917","potions_obtained":[{"floor":1,"key":"SteroidPotion"},{"floor":8,"key":"Doom Potion"},{"floor":10,"key":"Flashbang"},{"floor":11,"key":"Fruit Juice"},{"floor":11,"key":"Elixir"},{"floor":11,"key":"Languid Potion"},{"floor":25,"key":"AttackPotion"},{"floor":30,"key":"Languid Potion"},{"floor":33,"key":"PowerPotion"},{"floor":35,"key":"Fruit Juice"},{"floor":38,"key":"SkillPotion"},{"floor":41,"key":"ColorlessPotion"}],"is_trial":false,"path_per_floor":["M","$","?","M","?","R","E","M","T","M","?","?","M","?","R","B",null,"M","?","?","M","?","R","$","M","T","E","$","M","M","?","R","B",null,"M","?","$","M","?","M","M","R","T","M"],"character_chosen":"IRONCLAD","items_purchased":["Dark Shackles","Self Forming Clay"],"campfire_rested":3,"item_purchase_floors":[24,28],"current_hp_per_floor":[44,44,64,70,70,70,51,54,54,47,32,32,28,28,53,67,85,57,45,45,49,49,49,49,31,31,20,20,26,22,28,53,40,85,90,36,36,29,29,22,17,44,54,0,0],"gold":511,"neow_bonus":"","is_daily":false,"chose_seed":false,"campfire_upgraded":1,"win_rate":0.0,"timestamp":1613442772,"path_taken":["M","$","?","M","?","R","E","M","T","?","?","?","?","?","R","BOSS","M","?","?","M","?","R","$","M","T","E","$","M","M","?","R","BOSS","M","?","$","M","?","M","M","R","T","?"],"items_purchased_type":["Card","Relic"],"build_version":"2020-12-22","purchased_purges":2,"victory":false,"max_hp_per_floor":[80,80,80,80,80,80,80,80,80,80,85,85,85,85,85,85,85,85,85,85,85,85,85,85,85,85,85,85,85,85,85,85,85,85,90,90,90,90,90,90,90,90,100,100,100],"card_choices":[{"not_picked":["Infernal Blade","ReplayTheSpireMod:LeadingStrike"],"picked":"Carnage","floor":1},{"not_picked":["Pommel Strike","Headbutt"],"picked":"Run Through","floor":4},{"not_picked":["Clothesline","Headbutt","Corruption"],"picked":"SKIP","floor":7},{"not_picked":["Wild Strike","Fire Breathing"],"picked":"Replay:Undeath\u0027s Touch","floor":8},{"not_picked":["Rampage","Impervious"],"picked":"Battle Trance","floor":10},{"not_picked":["Sever Soul","Warcry","Headbutt"],"picked":"SKIP","floor":13},{"not_picked":["Eclipse","hubris:StunningStrike"],"picked":"Demon Form","floor":16},{"not_picked":["Battle Trance","Clothesline"],"picked":"Pommel Strike+1","floor":18},{"not_picked":["Corruption","Replay:Undeath\u0027s Touch","Anger"],"picked":"SKIP","floor":21},{"not_picked":["Abandon","Flex"],"picked":"Ghostly Armor","floor":25},{"not_picked":["Whirlwind","ReplayTheSpireMod:Muscle Training"],"picked":"Spot Weakness+1","floor":27},{"not_picked":["Flex","Blood for Blood"],"picked":"Body Slam","floor":29},{"not_picked":["Reckless Charge","Wild Strike"],"picked":"Shrug It Off","floor":30},{"not_picked":["Warcry","Headbutt+1"],"picked":"Metallicize","floor":31},{"not_picked":["Sentinel+1","Flex","Havoc+1"],"picked":"SKIP","floor":35},{"not_picked":["Combust","hubris:CleavingFinish+1"],"picked":"Rampage+1","floor":36},{"not_picked":["ReplayTheSpireMod:Strike From Hell+1","Flex+1","Perfected Strike+1"],"picked":"SKIP","floor":38},{"not_picked":["Replay:Undeath\u0027s Touch+1","Replay:Many Hands"],"picked":"Massacre+1","floor":40},{"not_picked":["Infernal Blade","Feel No Pain"],"picked":"Blood for Blood+1","floor":41}],"player_experience":712866,"relics_obtained":[{"floor":7,"key":"Replay:Baseball"},{"floor":26,"key":"hubris:GlazedTorus"},{"floor":27,"key":"ReplayTheSpireMod:Shallot"},{"floor":31,"key":"Counterbalance"},{"floor":31,"key":"Molten Egg 2"},{"floor":36,"key":"Turnip"},{"floor":43,"key":"Pear"}],"event_choices":[{"damage_healed":20,"gold_gain":0,"player_choice":"Healed","damage_taken":0,"max_hp_gain":0,"max_hp_loss":0,"event_name":"The Cleric","floor":3,"gold_loss":35},{"damage_healed":0,"gold_gain":0,"player_choice":"Bought 0 Potions","damage_taken":0,"max_hp_gain":0,"max_hp_loss":0,"event_name":"The Woman in Blue","floor":12,"gold_loss":0},{"damage_healed":0,"gold_gain":90,"player_choice":"GOLD ","damage_taken":12,"max_hp_gain":0,"max_hp_loss":0,"event_name":"Knowing Skull","floor":19,"potions_obtained":[],"gold_loss":0,"cards_obtained":[]},{"damage_healed":0,"gold_gain":0,"player_choice":"Forge","damage_taken":0,"max_hp_gain":0,"max_hp_loss":0,"event_name":"Accursed Blacksmith","floor":20,"gold_loss":0,"cards_upgraded":["Carnage"]},{"damage_healed":0,"gold_gain":0,"player_choice":"Upgraded","damage_taken":0,"max_hp_gain":0,"max_hp_loss":0,"event_name":"Upgrade Shrine","floor":22,"gold_loss":0,"cards_upgraded":["Demon Form"]},{"damage_healed":0,"gold_gain":0,"player_choice":"Fight","damage_taken":0,"max_hp_gain":0,"max_hp_loss":0,"event_name":"Colosseum","floor":31,"gold_loss":0},{"damage_healed":0,"gold_gain":0,"player_choice":"Fought Nobs","damage_taken":0,"max_hp_gain":0,"max_hp_loss":0,"event_name":"Colosseum","floor":31,"gold_loss":0},{"damage_healed":0,"gold_gain":0,"player_choice":"Fight","damage_taken":0,"max_hp_gain":0,"max_hp_loss":0,"event_name":"Mysterious Sphere","floor":36,"gold_loss":0},{"damage_healed":0,"gold_gain":0,"player_choice":"Ignored","damage_taken":0,"max_hp_gain":0,"max_hp_loss":0,"event_name":"Transmorgrifier","floor":39,"gold_loss":0}],"is_beta":false,"boss_relics":[{"not_picked":["Ectoplasm","SacredBark"],"picked":"hubris:HollowSoul"},{"not_picked":["Replay:Ancient Bell","Runic Dome"],"picked":"Replay:Wanted Poster"}],"items_purged_floors":[2,24],"is_endless":false,"potions_floor_spawned":[1,8,10,25,30,33,35,38,41],"killed_by":"Transient","ascension_level":2}}