{"host":"9rehsd5oi9uaydbk","time":1613459304,"event":{"mods":["AchievementEnabler","Act Like it!","Aspiration","BaseMod","Better Third Choice","Colored Powertips","Curses Come First","Downfall","Hermit","Hubris","Jorbs\u0027s Wanderer Trilogy","Minty Spire (QoL Compilation)","StSLib","The Marked","The Runesmith"],"gold_per_floor":[109,109,176,24,24,24,24,24,24,41,41,41,41,54,54,184,184,198,238,337,337,186,186,212,224,236,248,260,73,92,92,92,212,212,225,195,209,209,62,62,62,62,62,62,62,80,80,80,80,80,80],"floor_reached":50,"language":"ENG","playtime":1501,"items_purged":[],"score":641,"play_id":"c7ee88eb-c3a4-45aa-9f72-2567830e785a","local_time":"20210216020824","daily_mods":["Heirloom","Time Dilation","Flight"],"is_ascension_mode":false,"campfire_choices":[{"data":"hermit:Maintenance","floor":6,"key":"SMITH"},{"data":"hermit:Snapshot","floor":8,"key":"SMITH"},{"data":"hermit:Maintenance","floor":15,"key":"SMITH"},{"floor":23,"key":"REST"},{"data":"hermit:Strike_Hermit","floor":27,"key":"SMITH"},{"floor":32,"key":"REST"},{"data":"hermit:HighCaliber","floor":40,"key":"SMITH"},{"data":"hermit:HighCaliber","floor":41,"key":"SMITH"},{"floor":49,"key":"REST"}],"circlet_count":0,"master_deck":["hermit:Strike_Hermit","hermit:Strike_Hermit","hermit:Strike_Hermit","hermit:Strike_Hermit+1","hermit:Defend_Hermit","hermit:Defend_Hermit","hermit:Defend_Hermit","hermit:Defend_Hermit","hermit:Snapshot+1","hermit:Covet","hermit:Maintenance+1","hermit:Maintenance+1","hermit:EternalForm","hermit:HighCaliber+1","hermit:Quickdraw","hermit:HighCaliber+1"],"relics":["hermit:Momento","Lizard Tail","hubris:Towel","hubris:SlimyHat","Blue Candle","hubris:BottledRain","Golden Idol","hubris:Icosahedron","hubris:ScarierMask","Red Mask","hubris:PeanutButter","Regal Pillow","MawBank","bronze:DecasWashers","Happy Flower","Enchiridion","hubris:VirtuousBlindfold","Lantern","Pen Nib","Pear"],"acts_visited":["Exordium","TheCity","TheBeyond"],"potions_floor_usage":[16,19,30,33,37,46,50,50,50,50],"damage_taken":[{"damage":0,"enemies":"Cultist","floor":1,"turns":3},{"damage":0,"enemies":"2 Louse","floor":10,"turns":1},{"damage":9,"enemies":"Small Slimes","floor":14,"turns":5},{"damage":0,"enemies":"Hexaghost","floor":16,"turns":9},{"damage":4,"enemies":"Shell Parasite","floor":18,"turns":5},{"damage":19,"enemies":"Masked Bandits","floor":19,"turns":5},{"damage":0,"enemies":"Chosen","floor":30,"turns":3},{"damage":38,"enemies":"Automaton","floor":33,"turns":12},{"damage":9,"enemies":"3 Shapes","floor":35,"turns":4},{"damage":4,"enemies":"Orb Walker","floor":37,"turns":4},{"damage":0,"enemies":"3 Darklings","floor":46,"turns":3},{"damage":137,"enemies":"hubris:GrandSnecko","floor":50,"turns":14}],"seed_played":"3716934674337334606","potions_obtained":[{"floor":1,"key":"DuplicationPotion"},{"floor":18,"key":"GamblersBrew"},{"floor":33,"key":"Dexterity Potion"},{"floor":36,"key":"SkillPotion"},{"floor":36,"key":"hermit:Tonic"},{"floor":37,"key":"Explosive Potion"},{"floor":46,"key":"sneckomod:MuddlingPotion"}],"is_trial":true,"path_per_floor":["M","?","?","$","?","R","?","R","T","M","?","?","$","M","R","B",null,"M","?","?","?","$","R","T","?","T","R","$","$","M","?","R","B",null,"M","?","M","$","$","R","R","T","T","$","?","M","?","$","R","B"],"character_chosen":"HERMIT","items_purchased":["hubris:SlimyHat","Regal Pillow","hermit:HighCaliber","Happy Flower","Lantern"],"campfire_rested":3,"item_purchase_floors":[4,22,29,29,39],"current_hp_per_floor":[75,75,75,75,80,80,75,75,75,75,74,74,74,65,65,74,74,70,51,51,51,51,74,74,74,74,74,74,74,74,58,74,36,74,65,65,61,61,61,61,61,61,71,71,71,71,71,71,84,0,0],"gold":80,"neow_bonus":"","is_daily":false,"chose_seed":false,"campfire_upgraded":6,"win_rate":0.0,"timestamp":1613459304,"path_taken":["M","?","?","$","?","R","?","R","T","?","?","?","$","M","R","BOSS","M","?","?","?","$","R","?","?","T","R","$","$","?","?","R","BOSS","M","?","?","?","$","R","R","?","T","$","?","M","?","$","R","BOSS"],"items_purchased_type":["Relic","Relic","Card","Relic","Relic"],"build_version":"2020-12-22","purchased_purges":0,"victory":false,"max_hp_per_floor":[75,75,75,75,80,80,80,80,80,80,74,74,74,74,74,74,74,74,74,74,74,74,74,74,74,74,74,74,74,74,74,74,74,74,74,74,74,74,74,74,74,74,84,84,84,84,84,84,84,84,84],"card_choices":[{"not_picked":["hermit:Feint","hermit:LowProfile"],"picked":"hermit:Maintenance","floor":1},{"not_picked":["hermit:Misfire","hermit:Cheat","hermit:ItchyTrigger"],"picked":"SKIP","floor":10},{"not_picked":["hermit:Coalescence","hermit:Manifest"],"picked":"hermit:Maintenance","floor":14},{"not_picked":["hermit:OverwhelmingPower","hermit:Gambit"],"picked":"hermit:EternalForm","floor":16},{"not_picked":["hermit:LowProfile","hermit:Coalescence","hermit:Desperado"],"picked":"SKIP","floor":18},{"not_picked":["hermit:CalledShot","hermit:Malice","hermit:Roulette"],"picked":"SKIP","floor":30},{"not_picked":["hermit:Ricochet+1","hermit:TrackingShot"],"picked":"hermit:Quickdraw","floor":35},{"not_picked":["hermit:Vantage","hermit:CursedWeapon+1"],"picked":"hermit:HighCaliber","floor":37},{"not_picked":["hermit:SprayPray","hermit:LuckOfTheDraw","hermit:HoleUp"],"picked":"SKIP","floor":46}],"player_experience":212696,"relics_obtained":[{"floor":9,"key":"hubris:BottledRain"},{"floor":19,"key":"Red Mask"},{"floor":24,"key":"MawBank"},{"floor":26,"key":"bronze:DecasWashers"},{"floor":31,"key":"Enchiridion"},{"floor":42,"key":"Pen Nib"},{"floor":43,"key":"Pear"}],"event_choices":[{"damage_healed":0,"gold_gain":67,"player_choice":"Gained Gold","damage_taken":0,"max_hp_gain":0,"max_hp_loss":0,"event_name":"Golden Wing","floor":3,"gold_loss":0},{"damage_healed":0,"gold_gain":0,"player_choice":"Donut","damage_taken":0,"max_hp_gain":5,"max_hp_loss":0,"event_name":"Big Fish","floor":5,"gold_loss":0},{"damage_healed":0,"gold_gain":0,"player_choice":"Lose Max HP","damage_taken":0,"relics_obtained":["Golden Idol"],"max_hp_gain":0,"max_hp_loss":6,"event_name":"Golden Idol","floor":11,"gold_loss":0},{"damage_healed":0,"gold_gain":0,"player_choice":"Fought Bandits","damage_taken":0,"max_hp_gain":0,"max_hp_loss":0,"event_name":"Masked Bandits","floor":19,"gold_loss":0},{"damage_healed":0,"gold_gain":99,"player_choice":"Steal","damage_taken":0,"max_hp_gain":0,"max_hp_loss":0,"event_name":"betterThird:BetterNest","floor":20,"gold_loss":0},{"damage_healed":0,"gold_gain":0,"player_choice":"Opened","damage_taken":0,"relics_obtained":["hubris:PeanutButter"],"max_hp_gain":0,"max_hp_loss":0,"event_name":"The Mausoleum","floor":21,"gold_loss":0,"cards_obtained":["Writhe"]},{"cards_removed":["Writhe"],"damage_healed":0,"gold_gain":0,"player_choice":"Purged","damage_taken":0,"max_hp_gain":0,"max_hp_loss":0,"event_name":"Purifier","floor":25,"gold_loss":0},{"damage_healed":0,"gold_gain":0,"player_choice":"Obtained Book","damage_taken":16,"max_hp_gain":0,"max_hp_loss":0,"event_name":"Cursed Tome","floor":31,"gold_loss":0},{"damage_healed":0,"gold_gain":0,"player_choice":"Bought 2 Potions","damage_taken":0,"max_hp_gain":0,"max_hp_loss":0,"event_name":"The Woman in Blue","floor":36,"gold_loss":0},{"damage_healed":0,"gold_gain":0,"player_choice":"Ignored","damage_taken":0,"max_hp_gain":0,"max_hp_loss":0,"event_name":"Transmorgrifier","floor":47,"gold_loss":0}],"is_beta":false,"boss_relics":[{"not_picked":["Coffee Dripper","hubris:BlackHole"],"picked":"hubris:ScarierMask"},{"not_picked":["Runesmith:UraniumAnvil","aspiration:PoetsPen_weak"],"picked":"hubris:VirtuousBlindfold"}],"items_purged_floors":[],"is_endless":true,"potions_floor_spawned":[1,18,33,37,46],"killed_by":"hubris:GrandSnecko","ascension_level":0}}