{"host":"t9zjxed0utvsfjwc","time":1613461942,"event":{"mods":["2.2 Compatiblity","Act Like it!","Aspiration","BaseMod","Better Altar","Better Match","Better Note","Better Sensory Stone","Better Skull","Better Third Choice","Block Reminder","Colored Map","Colored Powertips","Conspire","Defuse TimeMaze Blight","Energized Spire","GifTheSpireLib","Hermit","Highlight Path","Hubris","Infinite Spire","Marked Mod","Minty Spire (QoL Compilation)","Quick Restart","Rare Cards Sparkle","Relic Sorter","Relic Stats","Reliquary","Replay The Spire","Ruina","StSLib","Stuff the Spire","The Blue Laboratory","The Jungle","The Marked","Unceasing Turn Reminder","Wandering Minibosses","everything is the same but u backflip on backflip"],"gold_per_floor":[110,110,120,137,28,59,59,45,69,80,91,91,106,140,140,243,243,207,207,221,171,171],"floor_reached":21,"language":"ENG","playtime":1060,"items_purged":["Strike_R"],"score":229,"play_id":"fee3a009-12c9-49b0-9bea-4178e17c769c","local_time":"20210216075222","is_ascension_mode":true,"campfire_choices":[{"floor":7,"key":"REST"},{"data":"hubris:ReadiedAction","floor":12,"key":"SMITH"},{"data":"Mirror Shield","floor":15,"key":"SMITH"}],"circlet_count":0,"master_deck":["Strike_R","Strike_R","Strike_R","Defend_R","Bash","Twin Strike","Cleave","hubris:ReadiedAction+1","True Grit+1","Cleave","Shrug It Off","Mirror Shield+1","Barricade","Limit Break+1","Entrench+1","ReplayTheSpireMod:Muscle Training+1","Iron Wave","StuffTheSpire:Pyroclast+1"],"relics":["aspiration:Nostalgia","Iron Core","Durian","Astrolabe"],"acts_visited":["Exordium","Exordium"],"potions_floor_usage":[6,13,14,14],"damage_taken":[{"damage":13,"enemies":"Jaw Worm","floor":1,"turns":4},{"damage":0,"enemies":"Cultist","floor":3,"turns":4},{"damage":3,"enemies":"Small Slimes","floor":4,"turns":3},{"damage":45,"enemies":"Lagavulin","floor":6,"turns":6},{"damage":11,"enemies":"2 Fungi Beasts","floor":8,"turns":6},{"damage":6,"enemies":"Exordium Wildlife","floor":10,"turns":4},{"damage":10,"enemies":"Looter","floor":11,"turns":2},{"damage":9,"enemies":"Blue Slaver","floor":13,"turns":3},{"damage":0,"enemies":"3 Sentries","floor":14,"turns":4},{"damage":34,"enemies":"The Guardian","floor":16,"turns":14},{"damage":48,"enemies":"theJungle:Flameango_and_Byrd","floor":18,"turns":7},{"damage":5,"enemies":"theJungle:GiantWrat","floor":20,"turns":8},{"damage":36,"enemies":"Snake Plant","floor":21,"turns":4}],"seed_played":"6888368386050786278","potions_obtained":[{"floor":4,"key":"blueLaboratory:SmithPotion"},{"floor":8,"key":"blueLaboratory:BottleOfRum"},{"floor":10,"key":"Weak Potion"},{"floor":11,"key":"Cursed Concoction"}],"is_trial":false,"path_per_floor":["M","?","M","M","$","E","R","M","T","M","M","R","M","E","R","B",null,"M","?","M","M"],"character_chosen":"IRONCLAD","items_purchased":["True Grit+1"],"campfire_rested":1,"item_purchase_floors":[5],"current_hp_per_floor":[73,73,79,80,80,41,65,60,60,60,56,56,53,64,64,36,85,37,37,32,0,0],"gold":171,"neow_bonus":"NOSTALGIA","is_daily":false,"chose_seed":false,"campfire_upgraded":2,"win_rate":0.0,"timestamp":1613461942,"path_taken":["M","?","?","M","?","E","R","M","T","?","M","R","M","E","R","BOSS","M","?","M","M"],"items_purchased_type":["Card"],"build_version":"2020-12-22","purchased_purges":1,"victory":false,"max_hp_per_floor":[80,80,80,80,80,80,80,80,80,80,80,80,80,85,85,85,85,85,85,85,85,85],"relic_stats":{"counters":[13,69],"Astrolabe":["Limit Break","Entrench","ReplayTheSpireMod:Muscle Training"],"obtain_stats":[{"Iron Core":0,"reliquary:PorcupineQuills":9,"aspiration:Nostalgia":0,"Astrolabe":17,"hubris:TenFootPole":6,"Durian":14,"Burning Blood":0},{"Iron Core":0,"reliquary:PorcupineQuills":5,"aspiration:Nostalgia":0,"Astrolabe":10,"hubris:TenFootPole":4,"Durian":9,"Burning Blood":0},{"Iron Core":0,"reliquary:PorcupineQuills":23,"aspiration:Nostalgia":0,"Astrolabe":50,"hubris:TenFootPole":17,"Durian":36,"Burning Blood":0}]},"card_choices":[{"not_picked":["Havoc","Entrench"],"picked":"Twin Strike","floor":1},{"not_picked":["Turbo","Anger"],"picked":"Cleave","floor":3},{"not_picked":["Rip and Tear","Clothesline"],"picked":"hubris:ReadiedAction","floor":4},{"not_picked":["ReplayTheSpireMod:Stacked","Turbo"],"picked":"Cleave","floor":6},{"not_picked":["Fiend Fire","Clothesline","Replay:Undeath\u0027s Touch"],"picked":"SKIP","floor":8},{"not_picked":["conspire:ExplosiveBarrier","Defy Death","Armaments"],"picked":"SKIP","floor":10},{"not_picked":["hubris:ReadiedAction","StuffTheSpire:Resist","Hologram"],"picked":"SKIP","floor":11},{"not_picked":["Rebound","Second Wind"],"picked":"Shrug It Off","floor":13},{"not_picked":["ReplayTheSpireMod:GoodbyeWorld","Dual Wield"],"picked":"Mirror Shield","floor":14},{"not_picked":["conspire:HitWhereItHurts","Limit Break"],"picked":"Barricade","floor":16},{"not_picked":["Run Through","Metallicize"],"picked":"Iron Wave","floor":18},{"not_picked":["Defy Death","Headbutt"],"picked":"StuffTheSpire:Pyroclast+1","floor":20}],"player_experience":474776,"relics_obtained":[{"floor":6,"key":"hubris:TenFootPole"},{"floor":9,"key":"reliquary:PorcupineQuills"},{"floor":14,"key":"Durian"}],"event_choices":[{"cards_removed":["Strike_R"],"damage_healed":0,"gold_gain":0,"player_choice":"Purged","damage_taken":0,"max_hp_gain":0,"max_hp_loss":0,"event_name":"Purifier","floor":2,"gold_loss":0},{"cards_removed":["Barricade"],"damage_healed":0,"gold_gain":0,"player_choice":"Give","damage_taken":0,"max_hp_gain":0,"max_hp_loss":0,"event_name":"betterNote:BetterNote","floor":19,"gold_loss":0,"cards_obtained":["None"]}],"is_beta":false,"boss_relics":[{"not_picked":["Electric Blood","energizedSpire:TabascoSauce"],"picked":"Astrolabe"}],"items_purged_floors":[5],"is_endless":false,"potions_floor_spawned":[4,8,10,11],"killed_by":"Snake Plant","ascension_level":1}}