{"host":"wxz7488rqrwl2v46","time":1613450128,"event":{"mods":["BaseMod","Minty Spire (QoL Compilation)","Quick Restart","Replay The Spire","StSLib"],"gold_per_floor":[111,127,144,144,160,188,188,188,188,206,230,255,271,271,271,396,396,416,88,88,111,111,111,126,126,126,139,154,178,178,203,203,334,334,349,349,364,364,383,383,49,72,72,97,161,224,224,224,224,124],"floor_reached":51,"language":"ZHS","playtime":3362,"items_purged":["Strike_R","Demon Form"],"score":955,"play_id":"3b9dd5ae-68ae-4a2b-8c7b-25ce11c5ca34","local_time":"20210216123528","is_ascension_mode":false,"campfire_choices":[{"floor":7,"key":"REST"},{"floor":15,"key":"DIG"},{"data":"Heavy Blade","floor":23,"key":"SMITH"},{"data":"Flex","floor":25,"key":"SMITH"},{"data":"Trip","floor":32,"key":"SMITH"},{"data":"Reaper","floor":40,"key":"SMITH"}],"circlet_count":0,"master_deck":["Defend_R","Defend_R","Defend_R","Defend_R","Inflame","Rage","Shockwave","Carnage","Sword Boomerang","Shrug It Off","Cleave","True Grit+1","Demon Form","Thunderclap+1","Flex+1","Anger+1","Secret Weapon","Panacea","ReplayTheSpireMod:Uncanny Aura","Heavy Blade+1","Trip+1","Headbutt","Headbutt+1","Carnage+1","Inflame","True Grit+1","Reaper+1","Feed+1","Shrug It Off+1","Berserk+1","Sword Boomerang+1","Voices","Hemokinesis+1","Replay:Undeath\u0027s Touch","Hemokinesis+1","ReplayTheSpireMod:Private Reserves","Armaments","Parasite","Flex+1","Twin Strike+1","Rage+1","Madness","Madness"],"relics":["Burning Blood","NeowsBlessing","Replay:Ringing Soul","Golden Idol","Magic Flower","Durian","Replay:Grab Bag","ChewingGum","Cursed Key","Honey Jar","ReplayTheSpireMod:ShopPack","Bag of Preparation","Chameleon Ring","Astrolabe","Ring of Peace","ReplayTheSpireMod:Ring of Exchange","Toolbox","Juzu Bracelet","Replay:Arrowhead","Torii","Quantum Egg"],"acts_visited":["Exordium","TheCity","TheBeyond"],"potions_floor_usage":[18,45,50,50,50,50],"damage_taken":[{"damage":0,"enemies":"Small Slimes","floor":1,"turns":1},{"damage":0,"enemies":"Cultist","floor":2,"turns":1},{"damage":0,"enemies":"Jaw Worm","floor":3,"turns":1},{"damage":21,"enemies":"3 Louse","floor":5,"turns":5},{"damage":48,"enemies":"Gremlin Nob","floor":6,"turns":5},{"damage":8,"enemies":"2 Fungi Beasts","floor":10,"turns":5},{"damage":17,"enemies":"Gremlin Gang","floor":11,"turns":4},{"damage":6,"enemies":"Exordium Wildlife","floor":12,"turns":3},{"damage":16,"enemies":"Red Slaver","floor":13,"turns":7},{"damage":15,"enemies":"Hexaghost","floor":16,"turns":9},{"damage":20,"enemies":"3 Byrds","floor":18,"turns":5},{"damage":14,"enemies":"Spheric Guardian","floor":21,"turns":4},{"damage":3,"enemies":"3 Cultists","floor":24,"turns":4},{"damage":10,"enemies":"Snake Plant","floor":27,"turns":3},{"damage":0,"enemies":"Cultist and Chosen","floor":28,"turns":4},{"damage":15,"enemies":"Shelled Parasite and Fungi","floor":29,"turns":4},{"damage":0,"enemies":"Centurion and Healer","floor":31,"turns":3},{"damage":30,"enemies":"Pondfish","floor":33,"turns":9},{"damage":10,"enemies":"Orb Walker","floor":35,"turns":3},{"damage":7,"enemies":"3 Shapes","floor":37,"turns":4},{"damage":9,"enemies":"3 Darklings","floor":39,"turns":5},{"damage":28,"enemies":"4 Shapes","floor":42,"turns":3},{"damage":56,"enemies":"Transient","floor":44,"turns":5},{"damage":102,"enemies":"2 Orb Walkers","floor":45,"turns":7},{"damage":2,"enemies":"Mind Bloom Boss Battle","floor":46,"turns":6},{"damage":162,"enemies":"Time Eater","floor":50,"turns":13}],"seed_played":"150776183460064416","potions_obtained":[{"floor":2,"key":"Block Potion"},{"floor":3,"key":"FearPotion"},{"floor":10,"key":"PowerPotion"},{"floor":18,"key":"ColorlessPotion"},{"floor":21,"key":"Strength Potion"},{"floor":24,"key":"Weak Potion"},{"floor":31,"key":"Fire Potion"},{"floor":35,"key":"Strength Potion"},{"floor":45,"key":"ColorlessPotion"}],"is_trial":false,"path_per_floor":["M","M","M","?","M","E","R","?","T","M","M","M","M","?","R","B",null,"M","$","?","M","?","R","M","R","T","M","M","M","?","M","R","B",null,"M","?","M","?","M","R","$","M","T","M","?","?","T","?","R","B",null],"character_chosen":"IRONCLAD","items_purchased":["Flex","ReplayTheSpireMod:ShopPack","BloodPotion","Anger","ReplayTheSpireMod:Private Reserves","Toolbox"],"campfire_rested":1,"item_purchase_floors":[19,19,19,19,41,41],"current_hp_per_floor":[80,80,80,80,65,26,50,30,30,34,29,35,31,34,39,36,106,98,101,104,102,93,93,102,102,105,107,119,116,116,128,128,110,145,152,155,162,165,168,168,171,166,169,133,106,131,134,113,170,25],"gold":124,"neow_bonus":"THREE_ENEMY_KILL","is_daily":false,"chose_seed":false,"campfire_upgraded":4,"win_rate":0.0,"timestamp":1613450128,"path_taken":["M","M","M","?","?","E","R","?","T","M","M","M","M","?","R","BOSS","M","$","?","M","?","R","M","R","T","?","M","M","?","?","R","BOSS","M","?","M","?","M","R","$","M","T","M","?","?","?","?","R","BOSS"],"items_purchased_type":["Card","Relic","Potion","Card","Card","Relic"],"build_version":"2020-12-22","purchased_purges":2,"victory":true,"max_hp_per_floor":[80,80,80,80,80,83,83,83,83,86,89,92,95,98,103,106,106,109,112,115,118,121,121,124,124,127,130,133,136,136,139,139,142,145,152,155,162,165,168,168,171,174,177,180,183,186,189,192,192,192],"card_choices":[{"not_picked":["Twin Strike","Abandon"],"picked":"Inflame","floor":1},{"not_picked":["Iron Wave","Sentinel"],"picked":"Rage","floor":2},{"not_picked":["Life Link","ReplayTheSpireMod:Strike From Hell"],"picked":"Flex","floor":3},{"not_picked":["Hemokinesis","Burning Pact"],"picked":"Demon Form","floor":5},{"not_picked":["Feel No Pain","Body Slam"],"picked":"Shockwave","floor":6},{"not_picked":["Havoc","Thunderclap"],"picked":"Carnage","floor":10},{"not_picked":["Perfected Strike","Massacre"],"picked":"Sword Boomerang","floor":11},{"not_picked":["Reckless Charge","Second Wind"],"picked":"Shrug It Off","floor":12},{"not_picked":["Defy Death","Power Through"],"picked":"Cleave","floor":13},{"not_picked":["Feed","Eclipse"],"picked":"Demon Form","floor":16},{"not_picked":["Replay:Undeath\u0027s Touch","Evolve+1","Havoc"],"picked":"Thunderclap+1","floor":18},{"not_picked":["Transmutation","Thinking Ahead","ReplayTheSpireMod:Brewmster"],"picked":"Secret Weapon","floor":19},{"not_picked":["Bandage Up","Poisoned Strike","Blind"],"picked":"Panacea","floor":19},{"not_picked":["Forethought","Swift Strike","Replay:Sssssssssshield"],"picked":"ReplayTheSpireMod:Uncanny Aura","floor":19},{"not_picked":["Disarm+1","Rage","Rupture"],"picked":"Heavy Blade","floor":21},{"not_picked":["Wild Strike","Shrug It Off","Body Slam"],"picked":"Headbutt","floor":24},{"not_picked":["Body Slam+1","Iron Wave","Dual Wield"],"picked":"Headbutt+1","floor":27},{"not_picked":["Uppercut","Reckless Charge","Shockwave"],"picked":"Carnage+1","floor":28},{"not_picked":["Brutality","Disarm","Havoc"],"picked":"Inflame","floor":29},{"not_picked":["Rage","Body Slam","Iron Wave"],"picked":"True Grit+1","floor":31},{"not_picked":["Bludgeon","Immolate","Replay:Many Hands"],"picked":"Reaper","floor":33},{"not_picked":["Cleave","Bloodletting+1","Searing Blow"],"picked":"Sword Boomerang+1","floor":35},{"not_picked":["Second Wind","Havoc","Power Through"],"picked":"Hemokinesis+1","floor":37},{"not_picked":["ReplayTheSpireMod:Strike From Hell","Wild Strike","Clash+1"],"picked":"Hemokinesis+1","floor":39},{"not_picked":["Feed","Shrug It Off","Perfected Strike"],"picked":"Armaments","floor":42},{"not_picked":["Second Wind+1","Inflame","Massacre+1"],"picked":"Flex+1","floor":44},{"not_picked":["Thunderclap","Sword Boomerang","Replay:Undeath\u0027s Touch"],"picked":"Twin Strike+1","floor":45},{"not_picked":["Sword Boomerang+1","Eclipse","Searing Blow"],"picked":"Rage+1","floor":46}],"player_experience":31467,"relics_obtained":[{"floor":6,"key":"Replay:Ringing Soul"},{"floor":9,"key":"Magic Flower"},{"floor":15,"key":"Durian"},{"floor":26,"key":"Chameleon Ring"},{"floor":36,"key":"Ring of Peace"},{"floor":36,"key":"ReplayTheSpireMod:Ring of Exchange"},{"floor":43,"key":"Juzu Bracelet"},{"floor":45,"key":"Replay:Arrowhead"},{"floor":46,"key":"Torii"},{"floor":47,"key":"Quantum Egg"}],"event_choices":[{"cards_removed":["Strike_R"],"damage_healed":0,"gold_gain":0,"player_choice":"Purged","damage_taken":0,"max_hp_gain":0,"max_hp_loss":0,"event_name":"Purifier","floor":4,"gold_loss":0},{"damage_healed":0,"gold_gain":0,"player_choice":"Take Damage","damage_taken":20,"relics_obtained":["Golden Idol"],"max_hp_gain":0,"max_hp_loss":0,"event_name":"Golden Idol","floor":8,"gold_loss":0},{"damage_healed":0,"gold_gain":0,"player_choice":"Stole Relic","damage_taken":0,"relics_obtained":["Bag of Preparation"],"max_hp_gain":0,"max_hp_loss":0,"event_name":"Addict","floor":20,"gold_loss":0,"cards_obtained":["Shame"]},{"damage_healed":0,"gold_gain":0,"player_choice":"CARD ","damage_taken":12,"max_hp_gain":0,"max_hp_loss":0,"event_name":"Knowing Skull","floor":22,"potions_obtained":[],"gold_loss":0,"cards_obtained":["Trip"]},{"cards_removed":["Writhe","Shame"],"damage_healed":0,"gold_gain":0,"player_choice":"Removed Curses","damage_taken":0,"max_hp_gain":0,"max_hp_loss":0,"event_name":"Fountain of Cleansing","floor":30,"gold_loss":0},{"damage_healed":0,"gold_gain":0,"cards_transformed":["Bash"],"player_choice":"Transformed","damage_taken":0,"max_hp_gain":0,"max_hp_loss":0,"event_name":"Transmorgrifier","floor":38,"gold_loss":0,"cards_obtained":["Replay:Undeath\u0027s Touch"]},{"damage_healed":0,"gold_gain":0,"player_choice":"Fight","damage_taken":0,"max_hp_gain":0,"max_hp_loss":0,"event_name":"Mysterious Sphere","floor":45,"gold_loss":0},{"damage_healed":0,"gold_gain":0,"player_choice":"Fight","damage_taken":0,"max_hp_gain":0,"max_hp_loss":0,"event_name":"MindBloom","floor":46,"gold_loss":0},{"damage_healed":0,"gold_gain":0,"player_choice":"Embrace Madness","damage_taken":24,"max_hp_gain":0,"max_hp_loss":0,"event_name":"Winding Halls","floor":48,"gold_loss":0,"cards_obtained":["Madness","Madness"]}],"is_beta":false,"boss_relics":[{"not_picked":["Electric Blood","Empty Cage"],"picked":"Replay:Grab Bag"},{"not_picked":["SlaversCollar","Philosopher\u0027s Stone"],"picked":"ChewingGum"},{"not_picked":["Coffee Dripper","Fusion Hammer"],"picked":"Cursed Key"},{"not_picked":["Calling Bell","Black Blood"],"picked":"Honey Jar"},{"not_picked":["Kintsugi","Tiny House"],"picked":"Astrolabe"}],"items_purged_floors":[19,41],"is_endless":false,"potions_floor_spawned":[2,3,10,18,21,24,31,35,45],"ascension_level":0}}