{"host":"wmojtwekh6s3tor5","time":1613493932,"event":{"mods":["BaseMod","Colored Map","Colored Powertips","DeckTracker","Highlight Path","Minty Spire (QoL Compilation)","StSLib"],"gold_per_floor":[116,116,66,16,27,27,47,47,47,67,67,87,97,97,97,202,202,217,231,120,45,58,58,76,76,158,158,158,175,189,209,209,209,209],"floor_reached":33,"language":"ZHS","playtime":1761,"items_purged":["Strike_G"],"score":313,"play_id":"60a70a66-d5c9-4360-8a91-43fd2af5669c","local_time":"20210217004532","is_ascension_mode":true,"campfire_choices":[{"data":"Acrobatics","floor":6.0,"key":"SMITH"},{"data":"Blade Dance","floor":8.0,"key":"SMITH"},{"floor":15.0,"key":"REST"},{"floor":23.0,"key":"REST"},{"floor":27.0,"key":"REST"},{"floor":32,"key":"REST"}],"circlet_count":0,"master_deck":["Strike_G","Defend_G","Defend_G","Defend_G","Survivor","Neutralize","Blade Dance+1","Acrobatics+1","Infinite Blades","Accuracy"],"relics":["Ring of the Snake","Centennial Puzzle","Letter Opener","Ninja Scroll","Empty Cage","Lantern","Pear"],"acts_visited":["Exordium","TheCity"],"potions_floor_usage":[33,33],"damage_taken":[{"damage":7.0,"enemies":"Small Slimes","floor":1.0,"turns":3.0},{"damage":3.0,"enemies":"2 Louse","floor":5.0,"turns":2.0},{"damage":1.0,"enemies":"Cultist","floor":7.0,"turns":3.0},{"damage":3.0,"enemies":"Large Slime","floor":10.0,"turns":7.0},{"damage":7.0,"enemies":"Exordium Thugs","floor":12.0,"turns":5.0},{"damage":0.0,"enemies":"Looter","floor":13.0,"turns":3.0},{"damage":39.0,"enemies":"Slime Boss","floor":16.0,"turns":11.0},{"damage":19.0,"enemies":"Spheric Guardian","floor":18.0,"turns":4.0},{"damage":11.0,"enemies":"Shell Parasite","floor":19.0,"turns":6.0},{"damage":3.0,"enemies":"Chosen and Byrds","floor":22.0,"turns":3.0},{"damage":34.0,"enemies":"Snake Plant","floor":24.0,"turns":5.0},{"damage":1.0,"enemies":"3 Cultists","floor":29.0,"turns":3.0},{"damage":9.0,"enemies":"Snecko","floor":30.0,"turns":5.0},{"damage":8,"enemies":"Cultist and Chosen","floor":31,"turns":3},{"damage":72,"enemies":"Collector","floor":33,"turns":11}],"seed_played":"-7067257396698708817","potions_obtained":[{"floor":1.0,"key":"PowerPotion"},{"floor":12.0,"key":"DuplicationPotion"},{"floor":13.0,"key":"SpeedPotion"},{"floor":22.0,"key":"LiquidMemories"},{"floor":29.0,"key":"Dexterity Potion"},{"floor":31,"key":"Swift Potion"}],"is_trial":false,"path_per_floor":["M","?","?","$","M","R","M","R","T","M","?","M","M","T","R","B",null,"M","M","$","?","M","R","M","T","T","R","?","M","M","M","R","B"],"character_chosen":"THE_SILENT","items_purchased":["Acrobatics","Accuracy"],"campfire_rested":4,"item_purchase_floors":[4,20],"current_hp_per_floor":[56,56,56,56,53,53,52,52,52,49,42,35,35,35,56,17,57,38,27,27,27,24,45,11,11,21,45,45,44,35,27,51,0,0],"gold":209,"neow_bonus":"RANDOM_COMMON_RELIC","is_daily":false,"chose_seed":false,"campfire_upgraded":2,"win_rate":0.0,"timestamp":1613493932,"path_taken":["M","?","?","$","M","R","M","R","T","M","?","M","M","?","R","BOSS","M","M","?","?","?","R","M","?","T","R","?","M","?","M","R","BOSS"],"items_purchased_type":["Card","Card"],"build_version":"2020-12-22","purchased_purges":1,"victory":false,"max_hp_per_floor":[70,70,70,70,70,70,70,70,70,70,70,70,70,70,70,70,70,70,70,70,70,70,70,70,70,80,80,80,80,80,80,80,80,80],"card_choices":[{"not_picked":["Leg Sweep","Prepared"],"picked":"Blade Dance","floor":1.0},{"not_picked":["Acrobatics","Quick Slash","Catalyst"],"picked":"SKIP","floor":5.0},{"not_picked":["Sucker Punch","Acrobatics","Flying Knee"],"picked":"SKIP","floor":7.0},{"not_picked":["Choke","Outmaneuver","Bane"],"picked":"SKIP","floor":10.0},{"not_picked":["Heel Hook","Crippling Poison"],"picked":"Infinite Blades","floor":12.0},{"not_picked":["Dash","Flying Knee","Dagger Throw"],"picked":"SKIP","floor":13.0},{"not_picked":["Riddle With Holes","Noxious Fumes","Bane"],"picked":"SKIP","floor":18.0},{"not_picked":["Prepared","Flechettes+1","Dagger Spray"],"picked":"SKIP","floor":19.0},{"not_picked":["Leg Sweep","Dagger Spray+1","Poisoned Stab"],"picked":"SKIP","floor":22.0},{"not_picked":["Sucker Punch","Deadly Poison+1","Distraction"],"picked":"SKIP","floor":24.0},{"not_picked":["Escape Plan","Deadly Poison","Outmaneuver"],"picked":"SKIP","floor":29.0},{"not_picked":["Crippling Poison","Flying Knee","Tools of the Trade"],"picked":"SKIP","floor":30.0},{"not_picked":["Dagger Spray","Deflect+1","Underhanded Strike"],"picked":"SKIP","floor":31}],"player_experience":653120,"relics_obtained":[{"floor":9.0,"key":"Letter Opener"},{"floor":14.0,"key":"Ninja Scroll"},{"floor":25.0,"key":"Lantern"},{"floor":26.0,"key":"Pear"}],"event_choices":[{"damage_healed":0.0,"max_hp_gain":0.0,"max_hp_loss":0.0,"gold_gain":0.0,"event_name":"Golden Idol","player_choice":"Ignored","floor":2.0,"gold_loss":0.0,"damage_taken":0.0},{"cards_removed":["Defend_G"],"damage_healed":0.0,"max_hp_gain":0.0,"max_hp_loss":0.0,"gold_gain":0.0,"event_name":"The Cleric","player_choice":"Card Removal","floor":3.0,"gold_loss":50.0,"damage_taken":0.0},{"cards_removed":["Defend_G"],"damage_healed":0.0,"max_hp_gain":0.0,"max_hp_loss":0.0,"gold_gain":0.0,"event_name":"Golden Wing","player_choice":"Card Removal","floor":11.0,"gold_loss":0.0,"damage_taken":7.0},{"cards_removed":["Strike_G"],"damage_healed":0.0,"max_hp_gain":0.0,"max_hp_loss":0.0,"gold_gain":0.0,"event_name":"Beggar","player_choice":"Gave Gold","floor":21.0,"gold_loss":75.0,"damage_taken":0.0},{"damage_healed":0.0,"max_hp_gain":0.0,"max_hp_loss":0.0,"gold_gain":0.0,"event_name":"Duplicator","player_choice":"Ignored","floor":28.0,"gold_loss":0.0,"damage_taken":0.0}],"is_beta":false,"boss_relics":[{"not_picked":["Snecko Eye","Busted Crown"],"picked":"Empty Cage"}],"items_purged_floors":[20],"is_endless":false,"potions_floor_spawned":[1,12,13,22,29,31],"killed_by":"Collector","ascension_level":6}}