{"host":"kpcx2wrn7eq3nf7c","time":1613453350,"event":{"mods":["Act Like it!","BaseMod","CapriCore","Friendly Minions","Gensokyo","Hermit","Koishi","Marisa（霧雨　魔理沙）","Minty Spire (QoL Compilation)","StSLib","The Animator","The Immortal","The Servant 0.9.4","Waifu the Spire","Youmu（魂魄妖梦）"],"gold_per_floor":[117,117,117,130,145,145,164,164,164],"floor_reached":8,"language":"ZHS","playtime":467,"items_purged":[],"score":53,"play_id":"abac2d36-2875-434b-be0c-cb3dfaa339e8","local_time":"20210216132910","is_ascension_mode":true,"campfire_choices":[{"data":"Finesse","floor":6,"key":"SMITH"}],"circlet_count":0,"master_deck":["Koishi:BasicStrike","Koishi:BasicStrike","Koishi:BasicStrike","Koishi:BasicStrike","Koishi:BasicDefend","Koishi:BasicDefend","Koishi:BasicDefend","Koishi:BasicDefend","Koishi:Provoke","Koishi:HauntingSlash","Finesse+1","Koishi:PhantomBarrier","Pain","Koishi:VengefulSpirit+1","Koishi:ReflexRadar","Koishi:PhantomBarrier"],"relics":["Koishi:ImaginaryFriend","Gensokyo:LunaticRedEyes"],"acts_visited":["Gensokyo:Gensokyo"],"potions_floor_usage":[8],"damage_taken":[{"damage":5,"enemies":"Gensokyo:2_Kodama","floor":1,"turns":4},{"damage":5,"enemies":"Gensokyo:3_Fairies","floor":4,"turns":5},{"damage":9,"enemies":"Gensokyo:Python","floor":5,"turns":4},{"damage":13,"enemies":"Gensokyo:5_Fairies","floor":7,"turns":8},{"damage":43,"enemies":"Gensokyo:Aya","floor":8,"turns":9}],"seed_played":"-1385202486157589061","potions_obtained":[{"floor":4,"key":"AttackPotion"},{"floor":5,"key":"SneckoOil"}],"is_trial":false,"path_per_floor":["M","?","?","M","M","R","M","E"],"character_chosen":"KOISHI","items_purchased":[],"campfire_rested":0,"item_purchase_floors":[],"current_hp_per_floor":[56,56,56,52,45,45,33,0,0],"gold":164,"neow_bonus":"RANDOM_COLORLESS","is_daily":false,"chose_seed":false,"campfire_upgraded":1,"win_rate":0.0,"timestamp":1613453350,"path_taken":["M","?","?","M","M","R","M","E"],"items_purchased_type":[],"build_version":"2020-12-22","purchased_purges":0,"victory":false,"max_hp_per_floor":[60,60,60,60,60,60,60,60,60],"card_choices":[{"not_picked":["Mind Blast","Good Instincts"],"picked":"Finesse","floor":0},{"not_picked":["Koishi:JumpScare","Koishi:UnansweredLove"],"picked":"Koishi:PhantomBarrier","floor":1},{"not_picked":["Koishi:StingingMind","Koishi:EmbryosDream","Koishi:SubterraneanRose"],"picked":"SKIP","floor":4},{"not_picked":["Koishi:GhostParty","Koishi:Jaunt"],"picked":"Koishi:ReflexRadar","floor":5},{"not_picked":["Koishi:ParalyzingFear","Koishi:Possession"],"picked":"Koishi:PhantomBarrier","floor":7}],"player_experience":1248305,"relics_obtained":[],"event_choices":[],"is_beta":false,"boss_relics":[],"items_purged_floors":[],"is_endless":false,"potions_floor_spawned":[4,5],"killed_by":"Gensokyo:Aya","ascension_level":2}}