{"host":"b5jaqh8y266k2cz4","time":1613509795,"event":{"mods":["AchievementEnabler","Aspiration","BaseMod","Colored Powertips","Conspire","Dio Mod","Downfall","Googly Eyes","Hermit","Highlight Path","Hubris","Infinite Spire","MarisaÅiñ∂âJÅ@ñÇóùçπÅj","Mimic Mod","Minty Spire (QoL Compilation)","Quick Restart","Replay The Spire","Spikes Relics","StSLib","Synergy Search","Td1madao Mod","The Animator","The Cursed","The Jungle","The Necromancer","The Servant 0.9.4","The Wild Card","slay the spire mod where everything is the same but ironclad has a cowboy hat"],"gold_per_floor":[119,9,9,9,19,51,70,70,109,129,139,159,172,187,187,289,289,302,452,463,463,473,473,487,487,533,533,561,561,169,183,183,295,295,324,324,324,363,404,464,506,506,537,537,602,309,309,359,359,359],"floor_reached":51,"language":"ENG","playtime":2615,"items_purged":["Strike_C","Strike_C","hubris:Despair","Three Hit","Knight Kick"],"score":1151,"play_id":"2c17c12f-5844-4db4-89fb-2e04975aff8b","local_time":"20210216160955","is_ascension_mode":false,"campfire_choices":[{"data":"Light Attack","floor":8,"key":"SMITH"},{"data":"conspire:Banana","floor":15,"key":"SMITH"},{"data":"Light Attack","floor":23,"key":"SMITH"},{"floor":25,"key":"REST"},{"data":"Chip","floor":27,"key":"SMITH"},{"data":"Lunge","floor":32,"key":"SMITH"},{"data":"Sub Weapons","floor":42,"key":"SMITH"},{"data":"Lunge","floor":47,"key":"SMITH"},{"floor":49,"key":"REST"}],"circlet_count":0,"master_deck":["Strike_C+1","Strike_C","Defend_C","Defend_C","Defend_C","Defend_C","Chip+1","Light Attack+1","Sub Weapons+1","conspire:Banana+1","Chip+1","Light Attack+1","Lunge+1","Provocative+1","Lunge+1","Light Attack+1"],"relics":["Apod","NeowsBlessing","aspiration:FrozenJewel","Bag of Preparation","conspire:RunicOctahedron","ReplayTheSpireMod:CursedCoin","infinitespire:PuzzleCube","BicycleWheel","infinitespire:EvilPickle","hubris:HollowSoul","ReplayFunnel","ReplayTheSpireMod:Lightbulb","hubris:Backtick","Unceasing Top","MawBank","Whetstone","Mango"],"acts_visited":["Exordium","TheCity","TheBeyond"],"potions_floor_usage":[16,20,28,28,28,33,35],"damage_taken":[{"damage":0,"enemies":"Cultist","floor":1,"turns":1},{"damage":0,"enemies":"Jaw Worm","floor":5,"turns":1},{"damage":0,"enemies":"Gremlin Nob","floor":6,"turns":1},{"damage":10,"enemies":"infinitespire:Voidling","floor":7,"turns":5},{"damage":0,"enemies":"Exordium Wildlife","floor":9,"turns":6},{"damage":0,"enemies":"Exordium Wildlife","floor":10,"turns":3},{"damage":0,"enemies":"Looter","floor":11,"turns":3},{"damage":0,"enemies":"3 Louse","floor":12,"turns":2},{"damage":0,"enemies":"Lots of Slimes","floor":13,"turns":4},{"damage":1,"enemies":"Red Slaver","floor":14,"turns":3},{"damage":59,"enemies":"Slime Boss","floor":16,"turns":13},{"damage":24,"enemies":"2 Thieves","floor":18,"turns":5},{"damage":6,"enemies":"conspire:FuzzyDice","floor":20,"turns":8},{"damage":18,"enemies":"Centurion and Healer","floor":22,"turns":5},{"damage":0,"enemies":"3 Cultists","floor":24,"turns":4},{"damage":0,"enemies":"Slavers","floor":28,"turns":2},{"damage":0,"enemies":"Chosen and Byrds","floor":31,"turns":2},{"damage":4,"enemies":"Pondfish","floor":33,"turns":3},{"damage":55,"enemies":"3 Shapes","floor":35,"turns":2},{"damage":2,"enemies":"3 Darklings","floor":38,"turns":2},{"damage":11,"enemies":"Writhing Mass","floor":39,"turns":2},{"damage":16,"enemies":"Nemesis","floor":40,"turns":3},{"damage":0,"enemies":"Spire Growth","floor":41,"turns":1},{"damage":0,"enemies":"Transient","floor":43,"turns":5},{"damage":0,"enemies":"Transient","floor":45,"turns":2},{"damage":0,"enemies":"Mind Bloom Boss Battle","floor":48,"turns":1},{"damage":0,"enemies":"Donu and Deca","floor":50,"turns":2}],"seed_played":"9212468666807347290","potions_obtained":[{"floor":1,"key":"DistilledChaos"},{"floor":5,"key":"BlessingOfTheForge"},{"floor":11,"key":"Milkshake"},{"floor":13,"key":"SpeedPotion"},{"floor":16,"key":"Fire Potion"},{"floor":18,"key":"Strength Potion"},{"floor":24,"key":"PowerPotion"},{"floor":31,"key":"ColorlessPotion"},{"floor":33,"key":"Fire Potion"},{"floor":39,"key":"Fire Potion"},{"floor":41,"key":"DuplicationPotion"},{"floor":45,"key":"Block Potion"}],"is_trial":false,"path_per_floor":["M","$","?","?","M","E","M","R","MIM","M","M","M","M","M","R","B",null,"M","AVR","M","?","M","R","M","R","T","R","E","?","$","M","R","B",null,"M","?","?","M","M","E","M","R","MIM","AVR","M","$","R","?","R","B",null],"character_chosen":"TD1MADAO_CLASS","items_purchased":["Sub Weapons","BicycleWheel","Light Attack","Whetstone"],"campfire_rested":2,"item_purchase_floors":[2,30,46,46],"current_hp_per_floor":[70,70,70,70,70,70,61,61,62,63,64,65,66,66,66,9,79,57,57,53,53,37,37,39,65,65,65,67,67,67,69,69,67,93,40,83,83,83,74,60,62,62,64,64,66,66,66,82,111,113],"gold":359,"neow_bonus":"THREE_ENEMY_KILL","is_daily":false,"chose_seed":false,"campfire_upgraded":7,"win_rate":0.0,"timestamp":1613509795,"path_taken":["M","$","?","?","M","E","?","R","MIM","?","M","M","M","M","R","BOSS","M","AVR","M","?","M","R","M","R","T","R","E","?","$","M","R","BOSS","M","?","?","M","M","E","?","R","MIM","AVR","M","$","R","?","R","BOSS"],"items_purchased_type":["Card","Relic","Card","Relic"],"build_version":"2020-12-22","purchased_purges":5,"victory":true,"max_hp_per_floor":[70,70,70,70,70,70,71,71,72,73,74,75,76,77,77,79,79,81,81,83,83,85,85,87,87,87,87,89,89,89,91,91,93,93,95,83,83,85,87,89,91,91,93,93,95,95,95,111,111,113],"card_choices":[{"not_picked":["White Contract","Oblique Hack"],"picked":"Light Attack","floor":1},{"not_picked":["Thunder Jump","Black Execution","Resistance"],"picked":"SKIP","floor":5},{"not_picked":["Load Balancing","Oblique Hack","Lore"],"picked":"SKIP","floor":6},{"not_picked":["Defend System","Twin Teeth","Resistance"],"picked":"SKIP","floor":7},{"not_picked":["Floating Swing Kick","Fire Blade","Here Defend Chip"],"picked":"SKIP","floor":10},{"not_picked":["Data Freezing","Fire Blade","Cursed Blade"],"picked":"SKIP","floor":11},{"not_picked":["Sudden Beat","White Contract","Fire Up"],"picked":"SKIP","floor":12},{"not_picked":["Sudden Beat","White Contract","Fire Up"],"picked":"SKIP","floor":12},{"not_picked":["Reinforcement Parts","Fire Blade","White Contract"],"picked":"SKIP","floor":13},{"not_picked":["Pod Laser","Ruin Defend","Preloading"],"picked":"SKIP","floor":14},{"not_picked":["Lunge","Fixing+1","Cursed Blade"],"picked":"SKIP","floor":18},{"not_picked":["De Ware Chip","Gravity Defend","Floating Even"],"picked":"SKIP","floor":20},{"not_picked":["Three Hit","Awareness"],"picked":"Light Attack","floor":22},{"not_picked":["Provocative","Floating Swing Kick+1","Three Hit"],"picked":"SKIP","floor":24},{"not_picked":["Floating Swing Kick","Cursed Blade","Rupture"],"picked":"SKIP","floor":28},{"not_picked":["Rupture+1","Cursed Blade"],"picked":"Lunge","floor":31},{"not_picked":["Judgment","Oblique Hack"],"picked":"Three Hit","floor":35},{"not_picked":["Twin Teeth+1","Ruin Defend","Rupture"],"picked":"SKIP","floor":38},{"not_picked":["Trader","Load Balancing+1","Preloading+1"],"picked":"SKIP","floor":39},{"not_picked":["Black Execution","Lunge+1"],"picked":"Provocative+1","floor":40},{"not_picked":["Reflection Mechanism+1","Preloading","Twin Teeth+1"],"picked":"SKIP","floor":41},{"not_picked":["Here Defend Chip","Defend System"],"picked":"Lunge","floor":43},{"not_picked":["Resistance+1","Black Execution+1","Format All Data"],"picked":"SKIP","floor":45}],"player_experience":391289,"relics_obtained":[{"floor":6,"key":"aspiration:FrozenJewel"},{"floor":9,"key":"Bag of Preparation"},{"floor":26,"key":"infinitespire:PuzzleCube"},{"floor":40,"key":"ReplayFunnel"},{"floor":43,"key":"ReplayTheSpireMod:Lightbulb"},{"floor":48,"key":"Mango"}],"event_choices":[{"damage_healed":0,"gold_gain":0,"player_choice":"Disagree","damage_taken":0,"max_hp_gain":0,"max_hp_loss":0,"event_name":"conspire:LoneGhost","floor":3,"gold_loss":0},{"damage_healed":0,"gold_gain":0,"player_choice":"2 cards matched","damage_taken":0,"max_hp_gain":0,"max_hp_loss":0,"event_name":"Match and Keep!","floor":4,"gold_loss":0,"cards_obtained":["conspire:Banana","Chip"]},{"damage_healed":0,"gold_gain":0,"player_choice":"2 cards matched","damage_taken":0,"max_hp_gain":0,"max_hp_loss":0,"event_name":"Match and Keep!","floor":4,"gold_loss":0,"cards_obtained":["conspire:Banana","Chip"]},{"damage_healed":0,"gold_gain":0,"player_choice":"Leave","damage_taken":0,"max_hp_gain":0,"max_hp_loss":0,"event_name":"conspire:Investor","floor":21,"gold_loss":0},{"damage_healed":0,"gold_gain":0,"player_choice":"Ignored","damage_taken":0,"max_hp_gain":0,"max_hp_loss":0,"event_name":"Cursed Tome","floor":29,"gold_loss":0},{"damage_healed":83,"gold_gain":0,"player_choice":"Heal","damage_taken":0,"max_hp_gain":0,"max_hp_loss":12,"event_name":"The Moai Head","floor":36,"gold_loss":0},{"damage_healed":0,"gold_gain":0,"player_choice":"Forge","damage_taken":0,"max_hp_gain":0,"max_hp_loss":0,"event_name":"Accursed Blacksmith","floor":37,"gold_loss":0,"cards_upgraded":["Chip"]},{"damage_healed":0,"gold_gain":0,"player_choice":"Fight","damage_taken":0,"max_hp_gain":0,"max_hp_loss":0,"event_name":"MindBloom","floor":48,"gold_loss":0}],"is_beta":false,"boss_relics":[{"not_picked":["CosmicIsotope","conspire:SlowCooker","Snecko Eye"]},{"not_picked":["hubris:CrackedHourglass","Kintsugi"],"picked":"hubris:HollowSoul"}],"items_purged_floors":[2,19,30,44,46],"is_endless":false,"potions_floor_spawned":[1,5,11,13,16,18,24,31,33,39,41,45,48],"ascension_level":0}}