{"host":"nea7n2z8ef69uk76","time":1613434204,"event":{"mods":["BaseMod","Better Altar","Colored Powertips","Curses Come First","Emptier Cage","Lobotomy","LobotomyExtend","Minty Spire (QoL Compilation)","Permanent Neow","Quick Restart","SacredBarkPlus","Spicy Shops","StSLib"],"gold_per_floor":[111,127,127,302,302,302,343,343,366,332,375,46,89,89,89,215,215,210,210,210],"floor_reached":19,"language":"ENG","playtime":570,"items_purged":["Doubt"],"score":258,"play_id":"c72f1681-bc97-4f99-81f0-4c2c578154b9","local_time":"20210215191004","is_ascension_mode":true,"campfire_choices":[{"data":"Cold Snap","floor":6.0,"key":"SMITH"},{"data":"Self Repair","floor":8.0,"key":"SMITH"},{"data":"Coolheaded","floor":15.0,"key":"SMITH"}],"circlet_count":0,"master_deck":["Strike_B","Strike_B","Strike_B","Strike_B","Defend_B+1","Defend_B","Defend_B","Defend_B","Zap","Dualcast+1","Self Repair+1","Cold Snap+1","Injury","Go for the Eyes","Coolheaded+1","Redo+1","Beam Cell","Ball Lightning","Thunder Strike","Compile Driver"],"relics":["Cracked Core","NeowsBlessing","Ancient Tea Set","Golden Idol","Matryoshka","Juzu Bracelet","Lantern","War Paint","Tiny Chest","Art of War","SacredBark"],"acts_visited":["TheCity"],"potions_floor_usage":[],"damage_taken":[{"damage":0.0,"enemies":"Jaw Worm","floor":1.0,"turns":1.0},{"damage":0.0,"enemies":"2 Louse","floor":2.0,"turns":1.0},{"damage":0.0,"enemies":"Gremlin Nob","floor":7.0,"turns":1.0},{"damage":30.0,"enemies":"Lagavulin","floor":11.0,"turns":8.0},{"damage":22.0,"enemies":"3 Sentries","floor":13.0,"turns":7.0},{"damage":34.0,"enemies":"Hexaghost","floor":16.0,"turns":10.0},{"damage":24,"enemies":"2 Thieves","floor":18,"turns":4},{"damage":0,"enemies":"3 Byrds","floor":19,"turns":1}],"seed_played":"4220167593574231153","potions_obtained":[{"floor":1.0,"key":"BlessingOfTheForge"},{"floor":2.0,"key":"Ancient Potion"},{"floor":11.0,"key":"Strength Potion"},{"floor":16.0,"key":"Ancient Potion"}],"is_trial":false,"path_per_floor":["M","M","?","?","?","R","E","R","T","?","E","$","E","?","R","B",null,"M","M"],"character_chosen":"DEFECT","items_purchased":["Redo","Tiny Chest","Beam Cell"],"campfire_rested":0,"item_purchase_floors":[12,12,12],"current_hp_per_floor":[75,75,68,68,68,68,75,75,75,75,55,55,43,43,43,19,61,47,47,47],"gold":210,"neow_bonus":"THREE_ENEMY_KILL","is_daily":false,"chose_seed":false,"campfire_upgraded":3,"win_rate":0.0,"timestamp":1613434204,"path_taken":["M","M","?","?","?","R","E","R","T","?","E","$","E","?","R","BOSS","M","M"],"items_purchased_type":["Card","Relic","Card"],"build_version":"2020-12-22","purchased_purges":1,"victory":false,"max_hp_per_floor":[75,75,75,75,75,75,75,75,75,75,75,75,75,75,75,75,75,75,75,75],"card_choices":[{"not_picked":["Skim","Steam"],"picked":"Self Repair","floor":1.0},{"not_picked":["Reprogram","Rip and Tear"],"picked":"Cold Snap","floor":2.0},{"not_picked":["Force Field","Hyperbeam"],"picked":"Go for the Eyes","floor":7.0},{"not_picked":["Skim","Sweeping Beam"],"picked":"Coolheaded","floor":11.0},{"not_picked":["Rebound","Barrage"],"picked":"Ball Lightning","floor":13.0},{"not_picked":["Multi-Cast","Meteor Strike"],"picked":"Thunder Strike","floor":16.0},{"not_picked":["Gash","Leap"],"picked":"Compile Driver","floor":18}],"player_experience":438482,"relics_obtained":[{"floor":7.0,"key":"Matryoshka"},{"floor":9.0,"key":"Juzu Bracelet"},{"floor":9.0,"key":"Lantern"},{"floor":11.0,"key":"War Paint"},{"floor":13.0,"key":"Art of War"}],"event_choices":[{"damage_healed":0.0,"max_hp_gain":0.0,"max_hp_loss":0.0,"gold_gain":0.0,"event_name":"Scrap Ooze","player_choice":"Success","floor":3.0,"gold_loss":0.0,"damage_taken":7.0,"relics_obtained":["Ancient Tea Set"]},{"damage_healed":0.0,"max_hp_gain":0.0,"max_hp_loss":0.0,"gold_gain":175.0,"event_name":"Liars Game","player_choice":"AGREE","floor":4.0,"gold_loss":0.0,"damage_taken":0.0,"cards_obtained":["Doubt"]},{"damage_healed":0.0,"max_hp_gain":0.0,"max_hp_loss":0.0,"gold_gain":0.0,"event_name":"Golden Idol","player_choice":"Take Wound","floor":5.0,"gold_loss":0.0,"damage_taken":0.0,"relics_obtained":["Golden Idol"],"cards_obtained":["Injury"]},{"damage_healed":0.0,"max_hp_gain":0.0,"max_hp_loss":0.0,"gold_gain":0.0,"event_name":"World of Goop","player_choice":"Left Gold","floor":10.0,"gold_loss":34.0,"damage_taken":0.0},{"damage_healed":0.0,"max_hp_gain":0.0,"max_hp_loss":0.0,"gold_gain":0.0,"event_name":"Upgrade Shrine","player_choice":"Upgraded","floor":14.0,"gold_loss":0.0,"damage_taken":0.0,"cards_upgraded":["Redo"]}],"is_beta":false,"boss_relics":[{"not_picked":["Inserter","Sozu"],"picked":"SacredBark"}],"items_purged_floors":[12],"is_endless":false,"potions_floor_spawned":[1,2,11,16],"killed_by":"3 Byrds","ascension_level":5}}