{"host":"df48i9djcn92c5sx","time":1613512773,"event":{"mods":["Act Like it!","Arknights","BaseMod","Decade(王小明)","Downfall","Gensokyo","Marisa（F雨　魔理沙）","Minty Spire (QoL Compilation)","READ ME - Guardian Mod","READ ME - Snecko Mod","Reimu（博丽灵梦）","Remilia（蕾米莉亚）","Shop Mod","StSLib","The Jungle","The Servant 0.9.4"],"gold_per_floor":[111,111,111,111,122,122,151,151,175,175,185,185,44,61,61,61,61],"floor_reached":16,"language":"ZHS","playtime":433,"items_purged":[],"score":163,"play_id":"d008d68f-a912-4a2b-be07-1af3cb7ad9b1","local_time":"20210217055933","is_ascension_mode":true,"campfire_choices":[{"data":"NB:ReiMu","floor":6,"key":"SMITH"},{"data":"PayForSelf:ReiMu","floor":8,"key":"SMITH"},{"data":"FoulBorder2:ReiMu","floor":10,"key":"SMITH"},{"data":"FantasyMoon:ReiMu","floor":15,"key":"SMITH"}],"circlet_count":0,"master_deck":["Strike_Lin:ReiMu","Strike_Lin:ReiMu","Strike_Lin:ReiMu","Strike_Lin:ReiMu","Defend_Lin:ReiMu","Defend_Lin:ReiMu","Defend_Lin:ReiMu","Defend_Lin:ReiMu","NB:ReiMu+1","Stagnation:ReiMu","Clumsy","FoulBorder2:ReiMu+1","PayForSelf:ReiMu+1","Conquer:ReiMu","YinYangSign:ReiMu","FantasyMoon:ReiMu+1","SubAcupoint:ReiMu"],"relics":["FlyPower:ReiMu","NeowsBlessing","Gensokyo:NagashiBinaDoll","Gensokyo:Justice","Nunchaku","Mastiff:ReiMu","Matryoshka"],"acts_visited":["Exordium"],"potions_floor_usage":[11,14,16],"damage_taken":[{"damage":0.0,"enemies":"Gensokyo:Python","floor":1.0,"turns":1.0},{"damage":0,"enemies":"Gensokyo:3_Fairies","floor":5,"turns":1},{"damage":0,"enemies":"Gensokyo:Mamizou","floor":7,"turns":2},{"damage":1,"enemies":"Gensokyo:Gryphon","floor":11,"turns":5},{"damage":4,"enemies":"Gensokyo:CorruptedTreant","floor":14,"turns":5},{"damage":67,"enemies":"Gensokyo:Reimu","floor":16,"turns":13}],"seed_played":"-5513311129089610837","potions_obtained":[{"floor":5,"key":"DistilledChaos"},{"floor":11,"key":"Block Potion"},{"floor":14,"key":"AttackPotion"}],"is_trial":false,"path_per_floor":["M","?","?","?","M","R","E","R","T","R","M","T","$","M","R","B"],"character_chosen":"REIMU","items_purchased":["YinYangSign:ReiMu","FantasyMoon:ReiMu"],"campfire_rested":0,"item_purchase_floors":[13,13],"current_hp_per_floor":[59,65,65,65,65,65,65,65,65,65,64,64,64,60,60,0,0],"gold":61,"neow_bonus":"THREE_ENEMY_KILL","is_daily":false,"chose_seed":false,"campfire_upgraded":4,"win_rate":0.0,"timestamp":1613512773,"path_taken":["M","?","?","?","M","R","E","R","T","R","?","?","$","M","R","BOSS"],"items_purchased_type":["Card","Card"],"build_version":"2020-12-22","purchased_purges":0,"victory":false,"max_hp_per_floor":[65,71,71,71,71,71,71,71,71,71,71,71,71,71,71,71,71],"card_choices":[{"not_picked":["Meditation:ReiMu","CollectionFlower2:ReiMu"],"picked":"SubcavityInstant:ReiMu","floor":1.0},{"not_picked":["FantasyMoon:ReiMu","EmergencyTakeOff:ReiMu"],"picked":"FoulBorder2:ReiMu","floor":5},{"not_picked":["Mountainwind:ReiMu","Meditation:ReiMu"],"picked":"PayForSelf:ReiMu","floor":7},{"not_picked":["SpreadBorder2:ReiMu","Mountainwind:ReiMu"],"picked":"Conquer:ReiMu","floor":11},{"not_picked":["Meditation:ReiMu","CareerPray:ReiMu"],"picked":"SubAcupoint:ReiMu","floor":14}],"player_experience":1568838,"relics_obtained":[{"floor":7,"key":"Nunchaku"},{"floor":9,"key":"Mastiff:ReiMu"},{"floor":12,"key":"Matryoshka"}],"event_choices":[],"is_beta":false,"boss_relics":[],"items_purged_floors":[],"is_endless":false,"potions_floor_spawned":[5,11,14],"killed_by":"Gensokyo:Reimu","ascension_level":7}}