{"host":"·çÓêÒÂ","time":1613440905,"event":{"mods":["ATMod(°¢èªMod)","AchievementEnabler","Act Like it!","BaseMod","Better Skull","Better Third Choice","Challenge The Spire","Colored Powertips","Conspire","Minty Spire (QoL Compilation)","MostiFishMod","Permanent Neow","Quick Restart","Relic Stats","Reliquary","Replay The Spire","RumiaBox-Â¶Ã×æ«µÄÉñÃØºÐ×Ó","Spicy Shops","Spire Birthday Party","StSLib","SuperFastMode","¡¾¹¦ÄÜMod¡¿»ìãçÖ®»·ÐÞ¸´²¹¶¡","¡¾ÒÅÎï¿¨ÅÆ¡¿REMEMod"],"gold_per_floor":[20,39,39,49,62,93,110,130,130,130,148,161,161,174,174,286,286,286,286,301,301,62,62,62,76,76,76,76,102,102,100,100,195,195,205,205,223,240,340,340,358,371,395,427,100,0,33,43,43,43,43,43,43,69,69],"floor_reached":56,"language":"ZHS","playtime":2902,"items_purged":["Doubt"],"score":1235,"play_id":"88a7eb56-2e43-4ffb-b0b9-53ecc7ab9225","local_time":"20210216100145","is_ascension_mode":false,"campfire_choices":[{"data":"AT_WarpDrive","floor":15.0,"key":"SMITH"},{"floor":23.0,"key":"REST"},{"data":"Double Energy","floor":27.0,"key":"SMITH"},{"floor":32.0,"key":"REST"},{"floor":40.0,"key":"RECALL"},{"data":"MostiFishMod:ATRI","floor":49.0,"key":"SMITH"},{"data":"MostiFishMod:Culaccino","floor":52,"key":"SMITH"}],"circlet_count":0,"master_deck":["Defend_B+1","Defend_B+1","Zap","Dualcast+1","AT_DarkMatter","Mirror Shield","AT_WarpDrive+1","Panic Button","Cold Snap","AT_DarkMatter","Ball Lightning","MostiFishMod:PushDownKick","BasicCrystalCard","MostiFishMod:Culaccino+1","MostiFishMod:IceShield","Double Energy+1","REME_Shoggoth","Electrodynamics","MostiFishMod:PushDownKick","REME_Whirling+1","Ghostly","Ghostly","Ghostly","Ghostly+1","Storm+1","Bite","Bite","Bite","Bite","Bite","Sweeping Beam","AT_ThunderBolt+1","FIFO Queue","MostiFishMod:ATRI+1","Beam Cell+1","Recycle+1","Time Bomb+1","AT_DarkMatter","AT_HeatAcrobatics+1","AT_DarkMatter","REME_DataAnalysis","Sweeping Beam","conspire:NecroticWound","BasicCrystalCard"],"relics":["Cracked Core","AT_ATBox","REME_ComplimentaryCards","DaveBox","BirthdayGift-Tetrahedron","SynthV:TestCard","DaveBox","BirthdayGift-Tetrahedron","Replay:Bottled Flurry","GremlinMask","Baka2","Inserter","Ornamental Fan","DaCapo","reliquary:IridiumChain","Enchiridion","ExusiaiGun","Simple Rune","Nunchaku","War Paint","GodSword3","Red Mask","reliquary:Aerogel","AT_Kusabimaru"],"acts_visited":["Exordium","TheCity","TheBeyond","TheEnding"],"potions_floor_usage":[50,50],"damage_taken":[{"damage":1.0,"enemies":"Cultist","floor":1.0,"turns":1.0},{"damage":0.0,"enemies":"2 Louse","floor":2.0,"turns":1.0},{"damage":0.0,"enemies":"conspire:RoseBush","floor":4.0,"turns":1.0},{"damage":2.0,"enemies":"Exordium Thugs","floor":5.0,"turns":2.0},{"damage":0.0,"enemies":"Gremlin Nob","floor":6.0,"turns":1.0},{"damage":0.0,"enemies":"3 Louse","floor":7.0,"turns":1.0},{"damage":0.0,"enemies":"Red Slaver","floor":8.0,"turns":1.0},{"damage":0.0,"enemies":"Exordium Thugs","floor":11.0,"turns":1.0},{"damage":0.0,"enemies":"2 Fungi Beasts","floor":12.0,"turns":1.0},{"damage":0.0,"enemies":"Blue Slaver","floor":14.0,"turns":1.0},{"damage":10.0,"enemies":"The Guardian","floor":16.0,"turns":3.0},{"damage":4.0,"enemies":"Spheric Guardian","floor":18.0,"turns":2.0},{"damage":2.0,"enemies":"conspire:FuzzyDice","floor":20.0,"turns":2.0},{"damage":0.0,"enemies":"3 Cultists","floor":25.0,"turns":1.0},{"damage":0.0,"enemies":"conspire:HollyBat","floor":29.0,"turns":6.0},{"damage":0.0,"enemies":"Shelled Parasite and Fungi","floor":31.0,"turns":2.0},{"damage":12.0,"enemies":"Collector","floor":33.0,"turns":3.0},{"damage":6.0,"enemies":"Orb Walker","floor":35.0,"turns":2.0},{"damage":0.0,"enemies":"3 Darklings","floor":37.0,"turns":1.0},{"damage":0.0,"enemies":"Jaw Worm Horde","floor":38.0,"turns":2.0},{"damage":0.0,"enemies":"Transient","floor":41.0,"turns":5.0},{"damage":0.0,"enemies":"Maw","floor":42.0,"turns":1.0},{"damage":0.0,"enemies":"Reptomancer","floor":44.0,"turns":1.0},{"damage":0.0,"enemies":"conspire:MimicChest","floor":47.0,"turns":1.0},{"damage":0.0,"enemies":"4 Shapes","floor":48.0,"turns":1.0},{"damage":10,"enemies":"Replay:Hell Engine","floor":50,"turns":3},{"damage":7,"enemies":"Shield and Spear","floor":54,"turns":2},{"damage":3,"enemies":"The Heart","floor":55,"turns":4}],"seed_played":"-7317598719476320640","potions_obtained":[{"floor":4.0,"key":"SkillPotion"},{"floor":7.0,"key":"DistilledChaos"},{"floor":18.0,"key":"FairyPotion"},{"floor":33.0,"key":"ColorlessPotion"}],"is_trial":false,"path_per_floor":["M","M","?","M","M","E","M","M","T","?","M","M","?","M","R","B",null,"M","?","M","?","$","R","$","M","T","R","?","M","?","M","R","B",null,"M","?","M","M","?","R","M","M","T","E","$","?","?","M","R","B",null,"R","$","E","B",null],"character_chosen":"DEFECT","items_purchased":["Ornamental Fan","DaCapo","War Paint","GodSword3"],"campfire_rested":2,"item_purchase_floors":[22,22,45,45],"current_hp_per_floor":[74,74,74,74,72,72,72,72,72,72,72,72,72,72,72,62,75,71,37,35,25,25,25,25,25,25,25,25,25,9,7,15,13,28,22,22,28,28,28,28,28,28,28,28,28,28,28,28,28,28,28,28,28,28,28],"gold":69,"neow_bonus":"TRANSFORM_TWO_CARDS","is_daily":false,"chose_seed":false,"campfire_upgraded":4,"win_rate":0.0,"timestamp":1613440905,"path_taken":["M","?","?","M","M","E","M","M","T","?","M","?","?","?","R","BOSS","M","?","M","?","$","R","$","M","T","R","?","M","?","?","R","BOSS","M","?","M","M","?","R","M","?","T","E","$","?","?","M","R","BOSS","R","$","E","BOSS"],"items_purchased_type":["Relic","Relic","Relic","Relic"],"build_version":"2020-12-18","purchased_purges":1,"victory":true,"max_hp_per_floor":[75,75,75,75,75,75,75,75,75,75,75,75,75,75,75,75,75,75,37,37,25,25,25,25,25,25,25,25,25,25,28,28,28,28,28,28,28,28,28,28,28,28,28,28,28,28,28,28,28,28,28,28,28,28,28],"relic_stats":{"Nunchaku":[11],"Inserter":[19],"counters":[28,53],"Ornamental Fan":[284],"War Paint":["Time Bomb","Ghostly"],"obtain_stats":[{"AT_ATBox":0,"Inserter":17,"DaveBox":0,"reliquary:Aerogel":47,"Enchiridion":30,"GremlinMask":10,"Baka":1,"ExusiaiGun":34,"War Paint":45,"reliquary:IridiumChain":26,"Baka2":14,"Nunchaku":44,"SynthV:TestCard":1,"AT_Kusabimaru":54,"Ornamental Fan":22,"Simple Rune":43,"Replay:Bottled Flurry":6,"DaCapo":22,"Red Mask":46,"Cracked Core":0,"GodSword3":45,"BirthdayGift-Tetrahedron":0,"REME_ComplimentaryCards":0},{"AT_ATBox":0,"Inserter":11,"DaveBox":0,"reliquary:Aerogel":24,"Enchiridion":15,"GremlinMask":7,"Baka":1,"ExusiaiGun":17,"War Paint":23,"reliquary:IridiumChain":14,"Baka2":10,"Nunchaku":23,"SynthV:TestCard":1,"AT_Kusabimaru":27,"Ornamental Fan":13,"Simple Rune":22,"Replay:Bottled Flurry":5,"DaCapo":13,"Red Mask":23,"Cracked Core":0,"GodSword3":23,"BirthdayGift-Tetrahedron":0,"REME_ComplimentaryCards":0},{"AT_ATBox":0,"Inserter":14,"DaveBox":0,"reliquary:Aerogel":43,"Enchiridion":25,"GremlinMask":8,"Baka":1,"ExusiaiGun":30,"War Paint":42,"reliquary:IridiumChain":19,"Baka2":11,"Nunchaku":42,"SynthV:TestCard":1,"AT_Kusabimaru":49,"Ornamental Fan":18,"Simple Rune":41,"Replay:Bottled Flurry":6,"DaCapo":18,"Red Mask":42,"Cracked Core":0,"GodSword3":42,"BirthdayGift-Tetrahedron":0,"REME_ComplimentaryCards":0}]},"card_choices":[{"not_picked":["Barrage","MostiFishMod:FluxCapactior"],"picked":"Panic Button","floor":1.0},{"not_picked":["Hologram","Coolheaded","Reboot","Streamline"],"picked":"Cold Snap","floor":2.0},{"not_picked":["Leap","Fusion","Coolheaded","MostiFishMod:PushDownKick"],"picked":"AT_DarkMatter","floor":4.0},{"not_picked":["Conserve Battery","Hologram","Go for the Eyes","AT_HeatAcrobatics"],"picked":"Ball Lightning","floor":5.0},{"not_picked":["Compile Driver","Hologram","Steam Power","Cold Snap"],"picked":"MostiFishMod:PushDownKick","floor":6.0},{"not_picked":["Chill","Consume","AT_HeatAcrobatics","Go for the Eyes"],"picked":"BasicCrystalCard","floor":7.0},{"not_picked":["Heatsinks","AT_HeatAcrobatics","Coolheaded","Gash"],"picked":"MostiFishMod:Culaccino","floor":8.0},{"not_picked":["Streamline","ReplaySort","REME_SelfUpgrade","REME_Compress"],"picked":"MostiFishMod:IceShield","floor":11.0},{"not_picked":["Conserve Battery","Streamline","Go for the Eyes","Leap"],"picked":"Double Energy","floor":12.0},{"not_picked":["MostiFishMod:PushDownKick","Barrage","Go for the Eyes","Leap"],"picked":"REME_Shoggoth","floor":14.0},{"not_picked":["Buffer","MostiFishMod:ReadyAimFire","Core Surge","MostiFishMod:Distribution"],"picked":"Electrodynamics","floor":16.0},{"not_picked":["Turbo+1","Cold Snap","Ball Lightning","REME_SelfUpgrade+1"],"picked":"REME_Whirling+1","floor":18.0},{"not_picked":["AT_RobotInSpace","Fusion","Barrage","Hello World+1"],"picked":"Storm+1","floor":20.0},{"not_picked":["Compile Driver+1","Reprogram","Stack","MostiFishMod:ReprogramOld"],"picked":"Sweeping Beam","floor":25.0},{"not_picked":["Redo","Double Energy","Compile Driver+1","Turbo"],"picked":"AT_ThunderBolt+1","floor":29.0},{"not_picked":["Cold Snap","Conserve Battery+1","Coolheaded","REME_ForAll"],"picked":"FIFO Queue","floor":31.0},{"not_picked":["Multi-Cast","MostiFishMod:Hijack","Fission","AT_RightCognition"],"picked":"MostiFishMod:ATRI","floor":33.0},{"not_picked":["Steam+1","Tempest","Cold Snap+1","Defragment"],"picked":"Beam Cell+1","floor":35.0},{"not_picked":["AT_RobotInSpace","MostiFishMod:PushDownKick+1","ReplayTheSpireMod:Repulse","Panic Button"],"picked":"Recycle+1","floor":35.0},{"not_picked":["Compile Driver+1","Turbo","Redo+1","Coolheaded","ReplayTheSpireMod:GoodbyeWorld+1"],"picked":"SKIP","floor":35.0},{"not_picked":["AT_EMC2","Hello World+1","ReplayTheSpireMod:Calculation Training","AT_HeatAcrobatics","Fusion+1"],"picked":"SKIP","floor":35.0},{"not_picked":["FIFO Queue+1","Beam Cell","Consume+1","MostiFishMod:PushDownKick+1","Electrodynamics"],"picked":"SKIP","floor":37.0},{"not_picked":["Streamline","Recycle+1","Ball Lightning","Beam Cell"],"picked":"Time Bomb","floor":38.0},{"not_picked":["Steam+1","Beam Cell+1","Compile Driver+1","Redo+1"],"picked":"AT_DarkMatter","floor":41.0},{"not_picked":["Steam","Panic Button","Ball Lightning+1","Stack","Beam Cell"],"picked":"AT_HeatAcrobatics+1","floor":42.0},{"not_picked":["Tempest","Chaos+1","BasicCrystalCard+1","AT_HeatAcrobatics+1"],"picked":"AT_DarkMatter","floor":44.0},{"not_picked":["FTL+1","Streamline","Cold Snap","ReplayTheSpireMod:System Scan","Rebound"],"picked":"SKIP","floor":44.0},{"not_picked":["Cold Snap+1","Leap+1","MostiFishMod:Distribution","BootSequence+1","Steam+1"],"picked":"SKIP","floor":44.0},{"not_picked":["Redo","Go for the Eyes+1","Skim","REME_Compress","Sweeping Beam"],"picked":"SKIP","floor":44.0},{"not_picked":["Stack","Barrage+1","Rip and Tear","FIFO Queue"],"picked":"REME_DataAnalysis","floor":47.0},{"not_picked":["MostiFishMod:PushDownKick+1","Hologram","Steam","Gash","REME_DataAnalysis+1"],"picked":"SKIP","floor":48.0},{"not_picked":["Multi-Cast","REME_DataAnalysis","Self Repair+1","Barrage+1"],"picked":"Sweeping Beam","floor":54}],"player_experience":27046,"relics_obtained":[{"floor":1.0,"key":"SynthV:TestCard"},{"floor":1.0,"key":"Baka"},{"floor":5.0,"key":"DaveBox"},{"floor":6.0,"key":"Replay:Bottled Flurry"},{"floor":14.0,"key":"Baka2"},{"floor":26.0,"key":"reliquary:IridiumChain"},{"floor":30.0,"key":"Enchiridion"},{"floor":43.0,"key":"Simple Rune"},{"floor":44.0,"key":"Nunchaku"},{"floor":47.0,"key":"reliquary:Aerogel"},{"floor":54,"key":"AT_Kusabimaru"}],"event_choices":[{"damage_healed":0.0,"max_hp_gain":0.0,"max_hp_loss":0.0,"gold_gain":0.0,"event_name":"FaceTrader","player_choice":"Trade","floor":10.0,"gold_loss":0.0,"damage_taken":0.0,"relics_obtained":["GremlinMask"]},{"damage_healed":0.0,"max_hp_gain":0.0,"max_hp_loss":0.0,"gold_gain":0.0,"event_name":"The Woman in Blue","player_choice":"Bought 0 Potions","floor":13.0,"gold_loss":0.0,"damage_taken":0.0},{"damage_healed":0.0,"max_hp_gain":0.0,"max_hp_loss":38.0,"gold_gain":0.0,"event_name":"Ghosts","player_choice":"Became a Ghost","floor":19.0,"gold_loss":0.0,"damage_taken":0.0,"cards_obtained":["Ghostly","Ghostly","Ghostly","Ghostly","Ghostly"]},{"damage_healed":0.0,"max_hp_gain":0.0,"max_hp_loss":12.0,"gold_gain":0.0,"event_name":"Vampires","player_choice":"Became a vampire","floor":21.0,"gold_loss":0.0,"damage_taken":0.0,"cards_obtained":["Bite","Bite","Bite","Bite","Bite"]},{"cards_removed":["Defend_B"],"damage_healed":0.0,"max_hp_gain":0.0,"max_hp_loss":0.0,"gold_gain":0.0,"event_name":"betterThird:BetterWriting","player_choice":"Elegance","floor":28.0,"gold_loss":0.0,"damage_taken":0.0},{"damage_healed":0.0,"max_hp_gain":0.0,"max_hp_loss":0.0,"gold_gain":0.0,"event_name":"Cursed Tome","player_choice":"Obtained Book","floor":30.0,"gold_loss":0.0,"damage_taken":16.0},{"cards_removed":["Ghostly"],"damage_healed":0.0,"max_hp_gain":0.0,"max_hp_loss":0.0,"gold_gain":0.0,"event_name":"Falling","player_choice":"Removed Skill","floor":36.0,"gold_loss":0.0,"damage_taken":0.0},{"damage_healed":0.0,"max_hp_gain":0.0,"max_hp_loss":0.0,"gold_gain":100.0,"event_name":"Golden Shrine","player_choice":"Pray","floor":39.0,"gold_loss":0.0,"damage_taken":0.0},{"damage_healed":0.0,"max_hp_gain":0.0,"max_hp_loss":0.0,"gold_gain":0.0,"event_name":"Tomb of Lord Red Mask","player_choice":"Paid","floor":46.0,"gold_loss":100.0,"damage_taken":0.0,"relics_obtained":["Red Mask"]}],"is_beta":true,"boss_relics":[{"not_picked":["Sozu","TimeKeys"],"picked":"Inserter"},{"not_picked":["FrozenCore","ReplayTheSpireMod:DimensionalGlitch"],"picked":"ExusiaiGun"}],"items_purged_floors":[22],"is_endless":false,"potions_floor_spawned":[4,7,12,16,18,20,33,38,41,44,47],"ascension_level":0}}