{"host":"uceopoba4zvqsgiy","time":1613501796,"event":{"mods":["2.2 Compatiblity","Act Like it!","BaseMod","Better Skull","Better Third Choice","Elementarium","Evolution","GifTheSpireLib","Hermit","Humility","Infinite Spire","Jorbs\u0027s Wanderer Trilogy","Marked Mod","Minty Spire (QoL Compilation)","Potionbrewer","Reliquary","Replay The Spire","Robot Space Explorer","Shade Mod","Spicy Shops","StS++","StSLib","Stuff the Spire","The Blue Laboratory","The Caster","The Cursed","The Dragon Tamer","The Dragonkin","The Hierophant","The Judge","The Jungle","TheSurvivalist","Wandering Minibosses"],"gold_per_floor":[109,109,36,36,36,36,63,75,75,95,129,52,109,144,144,248,248,261,261,274,274,274],"floor_reached":21,"language":"ENG","playtime":1982,"items_purged":[],"score":417,"play_id":"df77247b-a090-4224-9c9f-1897ddad3a46","local_time":"20210217052636","is_ascension_mode":true,"campfire_choices":[{"floor":6,"key":"REST"},{"floor":15,"key":"REST"}],"circlet_count":0,"master_deck":["Ball Lightning","Ball Lightning","Ball Lightning","Ball Lightning","Leap","Leap","Defend_B","Defend_B","Zap","Dualcast","Loop","Replay:Bag of Tricks+1","StSpp:Igniter","ReplayTheSpireMod:Chaos Vortex","Storm","StuffTheSpire:Synthwave","Biased Cognition","Core Surge","StSpp:Igniter","Loop","Creative AI","StuffTheSpire:ShieldGenerator+1"],"relics":["Cracked Core","EVO:Axolotl","NeowsBlessing","Peace Pipe","StSpp:WoodenPendulum","infinitespire:BottledMercury","Mirror","reliquary:Aerogel","reliquary:LoveEmittingDiode","reliquary:ThirdArm"],"acts_visited":["Exordium","TheCity"],"potions_floor_usage":[8,11,14],"damage_taken":[{"damage":0,"enemies":"Small Slimes","floor":1,"turns":1},{"damage":0,"enemies":"Lagavulin","floor":7,"turns":1},{"damage":0,"enemies":"2 Louse","floor":8,"turns":1},{"damage":18,"enemies":"Jaw Worm","floor":10,"turns":3},{"damage":30,"enemies":"3 Sentries","floor":11,"turns":3},{"damage":4,"enemies":"Gremlin Nob","floor":14,"turns":3},{"damage":4,"enemies":"Fading Forest","floor":16,"turns":11},{"damage":10,"enemies":"Shell Parasite","floor":18,"turns":4},{"damage":37,"enemies":"3 Byrds","floor":20,"turns":4},{"damage":29,"enemies":"Centurion and Healer","floor":21,"turns":4}],"seed_played":"-382385503351453142","potions_obtained":[{"floor":7,"key":"blueLaboratory:FruitPunch"},{"floor":10,"key":"Swift Potion"},{"floor":11,"key":"potionbrewer:ToxicPotion"},{"floor":16,"key":"blueLaboratory:HorrorPotion"}],"is_trial":false,"path_per_floor":["M","?","$","?","?","R","E","M","T","M","E","$","?","E","R","B",null,"M","?","M","M"],"character_chosen":"DEFECT","items_purchased":["StSpp:Igniter","StSpp:Igniter"],"campfire_rested":2,"item_purchase_floors":[3,12],"current_hp_per_floor":[68,51,51,33,33,55,55,57,57,39,9,9,9,5,28,24,64,54,54,17,0,0],"gold":274,"neow_bonus":"THREE_ENEMY_KILL","is_daily":false,"chose_seed":false,"campfire_upgraded":0,"win_rate":0.0,"timestamp":1613501796,"path_taken":["M","?","$","?","?","R","E","?","T","M","E","?","?","E","R","BOSS","M","?","M","M"],"items_purchased_type":["Card","Card"],"build_version":"2020-12-22","purchased_purges":0,"victory":false,"max_hp_per_floor":[75,75,75,75,75,75,75,77,77,77,77,77,77,77,77,77,77,77,77,77,77,77],"card_choices":[{"not_picked":["FTL","Panic Button"],"picked":"Loop","floor":1},{"not_picked":["infinitespire:FutureSight","ReplayTheSpireMod:Black Plague"],"picked":"ReplayTheSpireMod:Chaos Vortex","floor":4},{"not_picked":["StSpp:Channeliser","StuffTheSpire:NuclearReactor","Gash","StuffTheSpire:LoadUp"],"picked":"Storm","floor":7},{"not_picked":["Stack","Rebound","Gash","Sunder"],"picked":"StuffTheSpire:Synthwave","floor":8},{"not_picked":["Steam Power","StuffTheSpire:Rend","Coolheaded","Cold Snap"],"picked":"Biased Cognition","floor":10},{"not_picked":["Fission","Melter","Barrage","Gash"],"picked":"Core Surge","floor":11},{"not_picked":["Hologram","Sweeping Beam","Stack","ReplayTheSpireMod:GoodbyeWorld"],"picked":"Loop","floor":14},{"not_picked":["Fission","Amplify","Electrodynamics","Multi-Cast"],"picked":"Creative AI","floor":16},{"not_picked":["Redo","Turbo","Coolheaded","Panic Button+1"],"picked":"StuffTheSpire:ShieldGenerator+1","floor":18},{"not_picked":["ReplayTheSpireMod:GoodbyeWorld+1","Redo","Turbo","Rebound","StuffTheSpire:GlassShard"],"picked":"SKIP","floor":20}],"player_experience":1835988,"relics_obtained":[{"floor":5,"key":"StSpp:WoodenPendulum"},{"floor":7,"key":"infinitespire:BottledMercury"},{"floor":9,"key":"Mirror"},{"floor":11,"key":"reliquary:Aerogel"},{"floor":14,"key":"reliquary:LoveEmittingDiode"}],"event_choices":[{"damage_healed":0,"gold_gain":57,"player_choice":"Gained Gold","damage_taken":0,"max_hp_gain":0,"max_hp_loss":0,"event_name":"Golden Wing","floor":13,"gold_loss":0}],"is_beta":false,"boss_relics":[{"not_picked":["Ectoplasm","Replay:Grab Bag"],"picked":"reliquary:ThirdArm"}],"items_purged_floors":[],"is_endless":false,"potions_floor_spawned":[7,10,11,16],"killed_by":"Centurion and Healer","ascension_level":9,"is_humility":true}}