{"host":"1xo5g347e5o4auts","time":1613500927,"event":{"mods":["BaseMod","Minty Spire (QoL Compilation)","Permanent Neow","StSLib"],"gold_per_floor":[19,33,45,45,58,86,86,98,98,115,115,115],"floor_reached":11,"language":"ENG","playtime":283,"items_purged":[],"score":154,"play_id":"61d388d7-9da7-4f68-b0ed-23c1376beb22","local_time":"20210216204207","is_ascension_mode":true,"campfire_choices":[{"data":"Defragment","floor":7.0,"key":"SMITH"}],"circlet_count":0,"master_deck":["AscendersBane","Strike_B","Strike_B","Strike_B","Defend_B","Defend_B","Defend_B","Zap","Dualcast","Core Surge","Echo Form","Auto Shields","Loop","Sweeping Beam","Defragment+1","Steam"],"relics":["Cracked Core","Question Card","Pantograph"],"acts_visited":["Exordium"],"potions_floor_usage":[11,11],"damage_taken":[{"damage":7.0,"enemies":"Jaw Worm","floor":1.0,"turns":3.0},{"damage":0.0,"enemies":"Small Slimes","floor":2.0,"turns":2.0},{"damage":0.0,"enemies":"Cultist","floor":3.0,"turns":2.0},{"damage":11.0,"enemies":"Blue Slaver","floor":5.0,"turns":4.0},{"damage":18.0,"enemies":"3 Sentries","floor":6.0,"turns":6.0},{"damage":10.0,"enemies":"Looter","floor":8.0,"turns":4.0},{"damage":12.0,"enemies":"Exordium Wildlife","floor":10.0,"turns":5.0},{"damage":39,"enemies":"Gremlin Nob","floor":11,"turns":3}],"seed_played":"-2985176385415696128","potions_obtained":[{"floor":1.0,"key":"DuplicationPotion"},{"floor":3.0,"key":"DuplicationPotion"},{"floor":5.0,"key":"Block Potion"},{"floor":6.0,"key":"FocusPotion"}],"is_trial":false,"path_per_floor":["M","M","M","?","M","E","R","M","T","M","E"],"character_chosen":"DEFECT","items_purchased":[],"campfire_rested":0,"item_purchase_floors":[],"current_hp_per_floor":[57,57,57,62,51,33,33,23,23,11,0,0],"gold":115,"neow_bonus":"TRANSFORM_TWO_CARDS","is_daily":false,"chose_seed":false,"campfire_upgraded":1,"win_rate":0.0,"timestamp":1613500927,"path_taken":["M","M","M","?","M","E","R","M","T","M","E"],"items_purchased_type":[],"build_version":"2020-12-22","purchased_purges":0,"victory":false,"max_hp_per_floor":[71,71,71,76,76,76,76,76,76,76,76,76],"card_choices":[{"not_picked":["Chaos","Storm"],"picked":"Auto Shields","floor":1.0},{"not_picked":["Turbo","Leap"],"picked":"Loop","floor":2.0},{"not_picked":["Cold Snap","Gash"],"picked":"Sweeping Beam","floor":3.0},{"not_picked":["Turbo","Recycle","Darkness"],"picked":"SKIP","floor":5.0},{"not_picked":["Aggregate","Gash"],"picked":"Defragment","floor":6.0},{"not_picked":["Thunder Strike","Auto Shields","Redo"],"picked":"Steam","floor":8.0},{"not_picked":["Tempest","Go for the Eyes","Stack","Steam"],"picked":"SKIP","floor":10.0}],"player_experience":1494792,"relics_obtained":[{"floor":6.0,"key":"Question Card"},{"floor":9.0,"key":"Pantograph"}],"event_choices":[{"damage_healed":0.0,"max_hp_gain":5.0,"max_hp_loss":0.0,"gold_gain":0.0,"event_name":"Big Fish","player_choice":"Donut","floor":4.0,"gold_loss":0.0,"damage_taken":0.0}],"is_beta":false,"boss_relics":[],"items_purged_floors":[],"is_endless":false,"potions_floor_spawned":[1,3,5,6],"killed_by":"Gremlin Nob","ascension_level":20}}