{"host":"0xtpc43j5kblke7u","time":1613449716,"event":{"mods":["AchievementEnabler","BaseMod","Colored Map","Highlight Path","Minty Spire (QoL Compilation)"],"gold_per_floor":[214,289,289,304,304,304,332,332,332,363,378,220,220,231,231,329,329,345,358,46,46,71,71,99,99,176,205,37,37,37,52,52,157,157,167,167,16,16,238,265,283,283,283,296,296,296,296,316,316,316,316],"floor_reached":50,"language":"ENG","playtime":3212,"items_purged":["Strike_P","Strike_P"],"score":669,"play_id":"3483b8ab-e171-4622-a1a9-ea6d5ebe07da","local_time":"20210215232836","is_ascension_mode":true,"campfire_choices":[{"data":"Eruption","floor":6.0,"key":"SMITH"},{"data":"MentalFortress","floor":8.0,"key":"SMITH"},{"floor":13.0,"key":"REST"},{"floor":15.0,"key":"REST"},{"data":"BowlingBash","floor":23.0,"key":"SMITH"},{"floor":25.0,"key":"REST"},{"floor":30.0,"key":"REST"},{"floor":32.0,"key":"REST"},{"data":"MentalFortress","floor":42.0,"key":"SMITH"},{"data":"Meditate","floor":47.0,"key":"SMITH"},{"data":"Devotion","floor":49,"key":"SMITH"}],"circlet_count":0,"master_deck":["Defend_P","Defend_P","Defend_P","Defend_P","Eruption+1","Vigilance","Meditate+1","BowlingBash+1","MentalFortress+1","EmptyFist+1","Dramatic Entrance","Pray","CutThroughFate","ThirdEye","Devotion+1","EmptyMind","MentalFortress+1","Evaluate","Brilliance+1","Blind","The Bomb","Tantrum"],"relics":["HolyWater","Pen Nib","StoneCalendar","Letter Opener","CaptainsWheel","Juzu Bracelet","Red Mask","Shuriken","Ornamental Fan","Unceasing Top","Busted Crown","Whetstone","Oddly Smooth Stone","Eternal Feather"],"acts_visited":["Exordium","TheCity","TheBeyond"],"potions_floor_usage":[50,50],"damage_taken":[{"damage":0.0,"enemies":"2 Louse","floor":1.0,"turns":2.0},{"damage":1.0,"enemies":"Small Slimes","floor":4.0,"turns":4.0},{"damage":7.0,"enemies":"Lagavulin","floor":7.0,"turns":4.0},{"damage":22.0,"enemies":"3 Sentries","floor":10.0,"turns":7.0},{"damage":0.0,"enemies":"Cultist","floor":11.0,"turns":2.0},{"damage":13.0,"enemies":"Red Slaver","floor":14.0,"turns":5.0},{"damage":49.0,"enemies":"Slime Boss","floor":16.0,"turns":7.0},{"damage":2.0,"enemies":"Chosen","floor":18.0,"turns":4.0},{"damage":8.0,"enemies":"Shell Parasite","floor":19.0,"turns":6.0},{"damage":9.0,"enemies":"Masked Bandits","floor":22.0,"turns":3.0},{"damage":36.0,"enemies":"Book of Stabbing","floor":24.0,"turns":7.0},{"damage":20.0,"enemies":"Slavers","floor":27.0,"turns":6.0},{"damage":4.0,"enemies":"Snecko","floor":31.0,"turns":5.0},{"damage":25.0,"enemies":"Automaton","floor":33.0,"turns":6.0},{"damage":0.0,"enemies":"3 Shapes","floor":35.0,"turns":4.0},{"damage":29.0,"enemies":"Giant Head","floor":40.0,"turns":6.0},{"damage":2.0,"enemies":"3 Darklings","floor":41.0,"turns":3.0},{"damage":28.0,"enemies":"Spire Growth","floor":44.0,"turns":4.0},{"damage":10,"enemies":"Transient","floor":48,"turns":5},{"damage":64,"enemies":"Time Eater","floor":50,"turns":10}],"seed_played":"1335319703018459199","potions_obtained":[{"floor":1.0,"key":"Strength Potion"},{"floor":16.0,"key":"Strength Potion"},{"floor":18.0,"key":"Energy Potion"},{"floor":24.0,"key":"SkillPotion"},{"floor":27.0,"key":"PowerPotion"},{"floor":31.0,"key":"ColorlessPotion"},{"floor":33.0,"key":"BlessingOfTheForge"},{"floor":35.0,"key":"Fire Potion"},{"floor":48,"key":"EssenceOfSteel"}],"is_trial":false,"path_per_floor":["M","?","?","M","?","R","E","R","T","E","M","$","R","M","R","B",null,"M","M","$","T","?","R","E","R","T","E","$","?","R","M","R","B",null,"M","?","$","?","?","E","M","R","T","M","?","?","R","M","R","B"],"character_chosen":"WATCHER","items_purchased":["Dramatic Entrance","CaptainsWheel","MentalFortress","Whetstone"],"campfire_rested":5,"item_purchase_floors":[12,20,28,37],"current_hp_per_floor":[72,61,54,53,58,58,51,51,51,29,29,29,52,39,62,13,77,75,67,67,67,58,58,22,45,45,25,25,25,48,44,67,42,77,77,72,72,72,72,43,41,41,41,13,13,64,64,54,64,0,0],"gold":316,"neow_bonus":"HUNDRED_GOLD","is_daily":false,"chose_seed":false,"campfire_upgraded":6,"win_rate":0.0,"timestamp":1613449716,"path_taken":["M","?","?","M","?","R","E","R","T","E","M","?","R","M","R","BOSS","M","?","$","?","?","R","E","R","T","E","$","?","R","M","R","BOSS","M","?","$","?","?","E","M","R","T","M","?","?","R","M","R","BOSS"],"items_purchased_type":["Card","Relic","Card","Relic"],"build_version":"2020-12-22","purchased_purges":2,"victory":false,"max_hp_per_floor":[72,72,72,72,77,77,77,77,77,77,77,77,77,77,77,77,77,77,77,77,77,77,77,77,77,77,77,77,77,77,77,77,77,77,77,77,77,77,77,77,77,77,77,77,73,64,64,64,64,64,64],"card_choices":[{"not_picked":["CrushJoints","Crescendo"],"picked":"Meditate","floor":1.0},{"not_picked":["Swivel","EmptyBody"],"picked":"BowlingBash","floor":4.0},{"not_picked":["SignatureMove","ClearTheMind"],"picked":"MentalFortress","floor":7.0},{"not_picked":["SashWhip","CutThroughFate"],"picked":"EmptyFist","floor":10.0},{"not_picked":["Wallop","SignatureMove","Crescendo"],"picked":"SKIP","floor":11.0},{"not_picked":["Adaptation","EmptyBody"],"picked":"Pray","floor":14.0},{"not_picked":["FlyingSleeves","Study"],"picked":"CutThroughFate","floor":18.0},{"not_picked":["FlurryOfBlows","ForeignInfluence"],"picked":"ThirdEye","floor":19.0},{"not_picked":["Wireheading","EmptyFist+1"],"picked":"Devotion","floor":24.0},{"not_picked":["MasterReality","SashWhip"],"picked":"EmptyMind","floor":27.0},{"not_picked":["FollowUp","Swivel"],"picked":"Evaluate","floor":31.0},{"not_picked":["Establishment","ConjureBlade"],"picked":"Brilliance","floor":33.0},{"not_picked":["CutThroughFate"],"picked":"SKIP","floor":35.0},{"not_picked":["CutThroughFate"],"picked":"SKIP","floor":35.0},{"not_picked":[],"picked":"Blind","floor":36.0},{"not_picked":[],"picked":"The Bomb","floor":36.0},{"not_picked":["Meditate"],"picked":"SKIP","floor":40.0},{"not_picked":[],"picked":"Tantrum","floor":41.0},{"not_picked":["Meditate"],"picked":"SKIP","floor":44.0},{"not_picked":["ThirdEye+1"],"picked":"SKIP","floor":48}],"player_experience":684767,"relics_obtained":[{"floor":7.0,"key":"Pen Nib"},{"floor":9.0,"key":"StoneCalendar"},{"floor":10.0,"key":"Letter Opener"},{"floor":21.0,"key":"Juzu Bracelet"},{"floor":22.0,"key":"Red Mask"},{"floor":24.0,"key":"Shuriken"},{"floor":26.0,"key":"Ornamental Fan"},{"floor":27.0,"key":"Unceasing Top"},{"floor":40.0,"key":"Oddly Smooth Stone"},{"floor":43.0,"key":"Eternal Feather"}],"event_choices":[{"damage_healed":0.0,"max_hp_gain":0.0,"max_hp_loss":0.0,"gold_gain":75.0,"event_name":"World of Goop","player_choice":"Gather Gold","floor":2.0,"gold_loss":0.0,"damage_taken":11.0},{"cards_removed":["Strike_P"],"damage_healed":0.0,"max_hp_gain":0.0,"max_hp_loss":0.0,"gold_gain":0.0,"event_name":"Golden Wing","player_choice":"Card Removal","floor":3.0,"gold_loss":0.0,"damage_taken":7.0},{"damage_healed":0.0,"max_hp_gain":5.0,"max_hp_loss":0.0,"gold_gain":0.0,"event_name":"Big Fish","player_choice":"Donut","floor":5.0,"gold_loss":0.0,"damage_taken":0.0},{"damage_healed":0.0,"max_hp_gain":0.0,"max_hp_loss":0.0,"gold_gain":0.0,"event_name":"Masked Bandits","player_choice":"Fought Bandits","floor":22.0,"gold_loss":0.0,"damage_taken":0.0},{"damage_healed":0.0,"max_hp_gain":0.0,"max_hp_loss":0.0,"gold_gain":0.0,"event_name":"Cursed Tome","player_choice":"Ignored","floor":29.0,"gold_loss":0.0,"damage_taken":0.0},{"damage_healed":0.0,"max_hp_gain":0.0,"max_hp_loss":0.0,"gold_gain":0.0,"event_name":"SensoryStone","player_choice":"Memory 2","floor":36.0,"gold_loss":0.0,"damage_taken":5.0},{"cards_removed":["Strike_P"],"damage_healed":0.0,"max_hp_gain":0.0,"max_hp_loss":0.0,"gold_gain":0.0,"event_name":"Falling","player_choice":"Removed Attack","floor":38.0,"gold_loss":0.0,"damage_taken":0.0},{"damage_healed":0.0,"max_hp_gain":0.0,"max_hp_loss":0.0,"gold_gain":222.0,"event_name":"Tomb of Lord Red Mask","player_choice":"Wore Mask","floor":39.0,"gold_loss":0.0,"damage_taken":0.0},{"damage_healed":0.0,"max_hp_gain":0.0,"max_hp_loss":4.0,"gold_gain":0.0,"event_name":"Winding Halls","player_choice":"Max HP","floor":45.0,"gold_loss":0.0,"damage_taken":0.0},{"damage_healed":64.0,"max_hp_gain":0.0,"max_hp_loss":9.0,"gold_gain":0.0,"event_name":"The Moai Head","player_choice":"Heal","floor":46.0,"gold_loss":0.0,"damage_taken":0.0}],"is_beta":false,"boss_relics":[{"not_picked":["Philosopher\u0027s Stone","SacredBark"],"picked":"HolyWater"},{"not_picked":["Snecko Eye","Runic Pyramid"],"picked":"Busted Crown"}],"items_purged_floors":[12,28],"is_endless":false,"potions_floor_spawned":[1,16,18,24,27,31,33,35,48],"killed_by":"Time Eater","ascension_level":4}}