{"host":"st1kg310ms6sytc5","time":1613470801,"event":{"mods":["ATMod(°¢èªMod)","Act Like it!","BaseMod","CapriCore","Lobotomy","LobotomyExtend","Minty Spire (QoL Compilation)","Reliquary","StSLib","SuperFastMode","Wide Potions","Yakumo Yukari mod","¡¾ÒÅÎï¿¨ÅÆ¡¿REMEMod"],"gold_per_floor":[113,39,51,51,126,157,157,157,157],"floor_reached":8,"language":"ZHS","playtime":312,"items_purged":[],"score":57,"play_id":"e81bfbbc-9bb0-4ca2-aba1-e4ef606dc21d","local_time":"20210216182001","is_ascension_mode":true,"campfire_choices":[{"data":"Panacea","floor":7,"key":"SMITH"}],"circlet_count":0,"master_deck":["Strike_G","Strike_G","Strike_G","Strike_G","Strike_G","Defend_G","Defend_G","Defend_G","Defend_G","Survivor","Neutralize","Panacea+1","AT_ChampionStep","FairyFestival","Acrobatics","After Image","Concentrate","BeautyBeast","Deflect","CherryBlossoms"],"relics":["Ring of the Snake","AT_ATBox","REME_ComplimentaryCards","CogitoBucket","LetterFromLob","REME_HourglassOfDeath"],"acts_visited":["Exordium"],"potions_floor_usage":[6],"damage_taken":[{"damage":2.0,"enemies":"Small Slimes","floor":1.0,"turns":6.0},{"damage":12.0,"enemies":"Jaw Worm","floor":3.0,"turns":6.0},{"damage":12,"enemies":"Lagavulin","floor":6,"turns":7},{"damage":33,"enemies":"Gremlin Nob","floor":8,"turns":4}],"seed_played":"4294502939366727685","potions_obtained":[{"floor":3.0,"key":"ColorlessPotion"}],"is_trial":false,"path_per_floor":["M","$","M","?","?","E","R","E"],"character_chosen":"THE_SILENT","items_purchased":["After Image"],"campfire_rested":0,"item_purchase_floors":[2],"current_hp_per_floor":[68,68,56,56,45,33,33,0,0],"gold":157,"neow_bonus":"","is_daily":false,"chose_seed":false,"campfire_upgraded":1,"win_rate":0.0,"timestamp":1613470801,"path_taken":["M","$","M","?","?","E","R","E"],"items_purchased_type":["Card"],"build_version":"2020-12-22","purchased_purges":0,"victory":false,"max_hp_per_floor":[70,70,70,70,70,70,70,70,70],"card_choices":[{"not_picked":["Mercenary","UniverseFragment"],"picked":"FairyFestival","floor":1.0},{"not_picked":["Dagger Throw","Accuracy"],"picked":"Acrobatics","floor":1.0},{"not_picked":["PiercingWail","Dodge and Roll"],"picked":"Concentrate","floor":3.0},{"not_picked":["QueenOfHatred","Scorched"],"picked":"BeautyBeast","floor":3.0},{"not_picked":["Wellcheers","PunishingBird"],"picked":"CherryBlossoms","floor":6},{"not_picked":["Distraction","All Out Attack","Bullet Time"],"picked":"SKIP","floor":6},{"not_picked":["Distraction","All Out Attack","Bullet Time"],"picked":"SKIP","floor":6}],"player_experience":1408034,"relics_obtained":[{"floor":1.0,"key":"LetterFromLob"},{"floor":6,"key":"REME_HourglassOfDeath"}],"event_choices":[{"damage_healed":0,"gold_gain":0,"cards_transformed":["Defend_G"],"player_choice":"Change","damage_taken":0,"max_hp_gain":0,"max_hp_loss":0,"event_name":"Living Wall","floor":4,"gold_loss":0,"cards_obtained":["Deflect"]},{"damage_healed":0,"gold_gain":75,"player_choice":"Gather Gold","damage_taken":11,"max_hp_gain":0,"max_hp_loss":0,"event_name":"World of Goop","floor":5,"gold_loss":0}],"is_beta":false,"boss_relics":[],"items_purged_floors":[],"is_endless":false,"potions_floor_spawned":[3],"killed_by":"Gremlin Nob","ascension_level":1}}