{"host":"6xghz2lkudss8si6","time":1613479331,"event":{"mods":["AchievementEnabler","BaseMod","Colored Map","DeckTracker","Minty Spire (QoL Compilation)","Quick Restart","StSLib","SuperFastMode"],"gold_per_floor":[110,124,124,136,153,153,182,182,182,182,201,201,215,215,229,229,229,229],"floor_reached":17,"language":"KOR","playtime":688,"items_purged":[],"score":109,"play_id":"c5ad0b47-3e32-4d9f-acc1-e47a141a8a5c","local_time":"20210216214211","is_ascension_mode":false,"campfire_choices":[{"data":"Consecrate","floor":6.0,"key":"SMITH"},{"data":"Eruption","floor":8,"key":"SMITH"},{"data":"Vault","floor":10,"key":"SMITH"},{"data":"Judgement","floor":16,"key":"SMITH"}],"circlet_count":0,"master_deck":["Strike_P","Strike_P","Strike_P","Defend_P","Defend_P","Defend_P","Defend_P","Eruption+1","Vigilance","FollowUp","PathToVictory","EmptyBody","Consecrate+1","Vault+1","Consecrate","Judgement+1","CutThroughFate"],"relics":["PureWater","Bird Faced Urn","White Beast Statue"],"acts_visited":["Exordium"],"potions_floor_usage":[7,15],"damage_taken":[{"damage":1.0,"enemies":"Jaw Worm","floor":1.0,"turns":4.0},{"damage":0.0,"enemies":"Small Slimes","floor":2.0,"turns":3.0},{"damage":0.0,"enemies":"Cultist","floor":4.0,"turns":2.0},{"damage":0.0,"enemies":"2 Fungi Beasts","floor":5.0,"turns":3.0},{"damage":9,"enemies":"3 Sentries","floor":7,"turns":7},{"damage":0,"enemies":"Red Slaver","floor":11,"turns":2},{"damage":14,"enemies":"Exordium Thugs","floor":13,"turns":6},{"damage":12,"enemies":"Blue Slaver","floor":15,"turns":2},{"damage":47,"enemies":"Hexaghost","floor":17,"turns":11}],"seed_played":"-4544404985083933838","potions_obtained":[{"floor":2.0,"key":"BlessingOfTheForge"},{"floor":7,"key":"Dexterity Potion"},{"floor":11,"key":"Fruit Juice"},{"floor":13,"key":"BottledMiracle"},{"floor":15,"key":"BottledMiracle"}],"is_trial":false,"path_per_floor":["M","M","?","M","M","R","E","R","T","R","M","?","M","M","M","R","B"],"character_chosen":"WATCHER","items_purchased":[],"campfire_rested":0,"item_purchase_floors":[],"current_hp_per_floor":[78,78,71,71,71,71,62,62,62,62,62,62,48,48,41,41,0,0],"gold":229,"neow_bonus":"TEN_PERCENT_HP_BONUS","is_daily":false,"chose_seed":false,"campfire_upgraded":4,"win_rate":0.0,"timestamp":1613479331,"path_taken":["M","M","?","M","M","R","E","R","T","R","M","?","M","M","M","R","BOSS"],"items_purchased_type":[],"build_version":"2020-12-22","purchased_purges":0,"victory":false,"max_hp_per_floor":[79,79,79,79,79,79,79,79,79,79,79,79,79,79,84,84,84,84],"card_choices":[{"not_picked":["Conclude","Crescendo"],"picked":"FollowUp","floor":1.0},{"not_picked":["WindmillStrike","Crescendo"],"picked":"PathToVictory","floor":2.0},{"not_picked":["Wallop","Crescendo"],"picked":"EmptyBody","floor":4.0},{"not_picked":["FlyingSleeves","Protect"],"picked":"Consecrate","floor":5.0},{"not_picked":["Halt","ThirdEye"],"picked":"Vault","floor":7},{"not_picked":["CrushJoints","EmptyBody"],"picked":"Consecrate","floor":11},{"not_picked":["CrushJoints","EmptyFist"],"picked":"Judgement","floor":13},{"not_picked":["ClearTheMind","EmptyBody"],"picked":"CutThroughFate","floor":15}],"player_experience":244702,"relics_obtained":[{"floor":7,"key":"Bird Faced Urn"},{"floor":9,"key":"White Beast Statue"}],"event_choices":[{"cards_removed":["Strike_P"],"damage_healed":0.0,"max_hp_gain":0.0,"max_hp_loss":0.0,"gold_gain":0.0,"event_name":"Golden Wing","player_choice":"Card Removal","floor":3.0,"gold_loss":0.0,"damage_taken":7.0},{"damage_healed":0,"gold_gain":0,"player_choice":"Ignored","damage_taken":0,"max_hp_gain":0,"max_hp_loss":0,"event_name":"Liars Game","floor":12,"gold_loss":0}],"is_beta":false,"boss_relics":[],"items_purged_floors":[],"is_endless":false,"potions_floor_spawned":[2,7,11,13,15],"killed_by":"Hexaghost","ascension_level":0}}