{"host":"tqat8h9oealf2qov","time":1613470021,"event":{"mods":["Aspiration","BaseMod","Downfall","Duelist Mod","GifTheSpireLib","Minty Spire (QoL Compilation)","StSLib"],"gold_per_floor":[116,41,116,116,116,146,146,179,179,179,193,212,244,264,264,360,410,429,134,149,168,168,197,197,72,72,72,90,104,13,13,13,111,111,126,136,136,154,4,4,30,30,30,30,59,0,33,82,82,82],"floor_reached":51,"language":"ZHS","playtime":2172,"items_purged":["Strike_B","Strike_B","Defend_B","Defend_B"],"score":868,"play_id":"4e9e840c-321c-4b97-9214-51eb9634aa1b","local_time":"20210216180701","is_ascension_mode":false,"campfire_choices":[{"data":"Coolheaded","floor":7.0,"key":"SMITH"},{"data":"Machine Learning","floor":10.0,"key":"SMITH"},{"data":"Coolheaded","floor":15.0,"key":"SMITH"},{"data":"Heatsinks","floor":27,"key":"SMITH"},{"data":"Turbo","floor":32,"key":"SMITH"},{"data":"Storm","floor":40,"key":"SMITH"},{"data":"Electrodynamics","floor":44,"key":"SMITH"},{"data":"Biased Cognition","floor":49,"key":"SMITH"}],"circlet_count":0,"master_deck":["Strike_B","Defend_B","Defend_B+1","Zap+1","Dualcast+1","Genetic Algorithm+1","Coolheaded+1","Machine Learning+1","Turbo+1","Cold Snap","Storm+1","Coolheaded+1","Electrodynamics+1","Ball Lightning","Heatsinks+1","Capacitor+1","Glacier","Biased Cognition+1","Bandage Up","Meteor Strike","aspiration:Polymerization+1","Hologram","Capacitor+1"],"relics":["Cracked Core","NeowsBlessing","aspiration:HiddenCompartment","aspiration:FaultyCoupler","Bottled Lightning","aspiration:SeaSaltIceCream","aspiration:Nostalgia","theDuelist:CardPoolRelic","Tiny House","DataDisk","sneckomod:BabySnecko","Ice Cream","Spirit Poop","Blue Candle","Philosopher\u0027s Stone","Happy Flower","Anchor","StrikeDummy","Turnip","Red Mask","aspiration:HummingbirdHeart","TungstenRod"],"acts_visited":["Exordium","TheCity","TheBeyond"],"potions_floor_usage":[50],"damage_taken":[{"damage":0.0,"enemies":"Cultist","floor":1.0,"turns":1.0},{"damage":0.0,"enemies":"Lagavulin","floor":6.0,"turns":1.0},{"damage":0.0,"enemies":"Gremlin Nob","floor":8.0,"turns":1.0},{"damage":6.0,"enemies":"2 Louse","floor":11.0,"turns":3.0},{"damage":0.0,"enemies":"Small Slimes","floor":12.0,"turns":3.0},{"damage":4.0,"enemies":"Lagavulin","floor":13.0,"turns":7.0},{"damage":1.0,"enemies":"Exordium Wildlife","floor":14.0,"turns":4.0},{"damage":28.0,"enemies":"Slime Boss","floor":16.0,"turns":16.0},{"damage":0.0,"enemies":"2 Thieves","floor":18.0,"turns":3.0},{"damage":0.0,"enemies":"Spheric Guardian","floor":20.0,"turns":3.0},{"damage":1.0,"enemies":"3 Cultists","floor":21.0,"turns":4.0},{"damage":13.0,"enemies":"theDuelist:KaibaA2","floor":23.0,"turns":5.0},{"damage":10,"enemies":"Centurion and Healer","floor":28,"turns":4},{"damage":0,"enemies":"Snecko","floor":29,"turns":6},{"damage":7,"enemies":"Collector","floor":33,"turns":6},{"damage":0,"enemies":"Orb Walker","floor":35,"turns":2},{"damage":18,"enemies":"3 Shapes","floor":36,"turns":2},{"damage":0,"enemies":"Sphere and 2 Shapes","floor":38,"turns":3},{"damage":0,"enemies":"Nemesis","floor":41,"turns":6},{"damage":17,"enemies":"Reptomancer","floor":45,"turns":5},{"damage":0,"enemies":"Nemesis","floor":47,"turns":5},{"damage":0,"enemies":"2 Orb Walkers","floor":48,"turns":2},{"damage":5,"enemies":"Awakened One","floor":50,"turns":10}],"seed_played":"2558565811081982842","potions_obtained":[{"floor":1.0,"key":"ColorlessPotion"},{"floor":11.0,"key":"GamblersBrew"},{"floor":12.0,"key":"DuplicationPotion"},{"floor":17.0,"key":"PowerPotion"}],"is_trial":false,"path_per_floor":["M","$","?","?","?","E","R","E","T","R","M","M","E","M","R","B",null,"M","$","M","M","?","E","?","$","T","R","M","M","$","?","R","B",null,"M","M","?","M","$","R","E","T","T","R","E","?","E","?","R","B",null],"character_chosen":"DEFECT","items_purchased":["Heatsinks","DataDisk","Bandage Up"],"campfire_rested":0,"item_purchase_floors":[19,19,30],"current_hp_per_floor":[75,75,64,49,49,49,49,49,49,49,43,43,39,38,38,10,80,80,80,80,79,79,66,66,66,66,66,56,56,56,51,51,48,80,80,62,62,66,66,66,70,70,70,70,57,57,61,65,65,64],"gold":82,"neow_bonus":"THREE_ENEMY_KILL","is_daily":false,"chose_seed":false,"campfire_upgraded":8,"win_rate":0.0,"timestamp":1613470021,"path_taken":["M","$","?","?","?","E","R","E","T","R","M","?","E","M","R","BOSS","M","$","M","M","?","E","?","$","T","R","M","?","?","?","R","BOSS","M","M","?","?","$","R","E","?","T","R","E","?","E","?","R","BOSS"],"items_purchased_type":["Card","Relic","Card"],"build_version":"2020-12-22","purchased_purges":4,"victory":true,"max_hp_per_floor":[75,75,75,75,75,75,75,75,75,75,75,75,75,75,75,75,80,80,80,80,80,80,80,80,80,80,80,80,80,80,80,80,80,80,80,80,80,80,80,80,80,80,80,80,80,80,80,80,80,80],"card_choices":[{"not_picked":["Streamline","Turbo"],"picked":"Genetic Algorithm","floor":1.0},{"not_picked":["aspiration:Polymerization","Beam Cell"],"picked":"Coolheaded","floor":6.0},{"not_picked":["Compile Driver","Leap"],"picked":"Machine Learning","floor":8.0},{"not_picked":["Cold Snap","Consume"],"picked":"Turbo","floor":11.0},{"not_picked":["Conserve Battery","Stack"],"picked":"Cold Snap","floor":12.0},{"not_picked":["Amplify","Stack"],"picked":"Storm","floor":13.0},{"not_picked":["Leap","Streamline"],"picked":"Coolheaded","floor":14.0},{"not_picked":["Echo Form","Reboot"],"picked":"Electrodynamics","floor":16.0},{"not_picked":["Conserve Battery","White Noise"],"picked":"Ball Lightning","floor":18.0},{"not_picked":["Heatsinks","Ball Lightning","Redo"],"picked":"SKIP","floor":20.0},{"not_picked":["Aggregate","Lockon+1"],"picked":"Capacitor+1","floor":21.0},{"not_picked":["Leap","Conserve Battery"],"picked":"Glacier","floor":23.0},{"not_picked":["Streamline","White Noise+1"],"picked":"Biased Cognition","floor":28},{"not_picked":["Barrage","Ball Lightning","Steam"],"picked":"SKIP","floor":29},{"not_picked":["Hyperbeam","Thunder Strike"],"picked":"Meteor Strike","floor":33},{"not_picked":["Conserve Battery+1","Auto Shields","Streamline+1"],"picked":"SKIP","floor":35},{"not_picked":["Cold Snap+1","Compile Driver+1"],"picked":"aspiration:Polymerization+1","floor":36},{"not_picked":["Gash","Coolheaded","Skim+1"],"picked":"SKIP","floor":38},{"not_picked":["Compile Driver+1","Beam Cell"],"picked":"Hologram","floor":41},{"not_picked":["Thunder Strike","Consume+1","Coolheaded"],"picked":"SKIP","floor":45},{"not_picked":["Melter","Force Field+1"],"picked":"Capacitor+1","floor":47}],"player_experience":412524,"relics_obtained":[{"floor":6.0,"key":"aspiration:HiddenCompartment"},{"floor":8.0,"key":"aspiration:FaultyCoupler"},{"floor":9.0,"key":"Bottled Lightning"},{"floor":13.0,"key":"aspiration:SeaSaltIceCream"},{"floor":23.0,"key":"Ice Cream"},{"floor":41,"key":"Happy Flower"},{"floor":42,"key":"Anchor"},{"floor":43,"key":"StrikeDummy"},{"floor":45,"key":"Turnip"},{"floor":47,"key":"aspiration:HummingbirdHeart"},{"floor":48,"key":"TungstenRod"}],"event_choices":[{"damage_healed":0.0,"max_hp_gain":0.0,"max_hp_loss":0.0,"gold_gain":75.0,"event_name":"World of Goop","player_choice":"Gather Gold","floor":3.0,"gold_loss":0.0,"damage_taken":11.0},{"damage_healed":0.0,"max_hp_gain":0.0,"max_hp_loss":0.0,"gold_gain":0.0,"event_name":"Shining Light","player_choice":"Entered Light","floor":4.0,"gold_loss":0.0,"damage_taken":15.0,"cards_upgraded":["Genetic Algorithm","Zap"]},{"damage_healed":0.0,"max_hp_gain":0.0,"max_hp_loss":0.0,"gold_gain":0.0,"event_name":"Accursed Blacksmith","player_choice":"Forge","floor":5.0,"gold_loss":0.0,"damage_taken":0.0,"cards_upgraded":["Dualcast"]},{"cards_removed":["downfall:Bewildered"],"damage_healed":0,"gold_gain":0,"player_choice":"Offered Curse","damage_taken":0,"relics_obtained":["Spirit Poop"],"max_hp_gain":0,"max_hp_loss":0,"event_name":"Bonfire Elementals","floor":24,"gold_loss":0},{"cards_removed":["Strike_B"],"damage_healed":0,"gold_gain":0,"player_choice":"Purged","damage_taken":0,"max_hp_gain":0,"max_hp_loss":0,"event_name":"Purifier","floor":37,"gold_loss":0},{"damage_healed":0,"gold_gain":0,"player_choice":"Paid","damage_taken":0,"relics_obtained":["Red Mask"],"max_hp_gain":0,"max_hp_loss":0,"event_name":"Tomb of Lord Red Mask","floor":46,"gold_loss":59},{"damage_healed":0,"gold_gain":0,"player_choice":"Fight","damage_taken":0,"max_hp_gain":0,"max_hp_loss":0,"event_name":"Mysterious Sphere","floor":48,"gold_loss":0}],"is_beta":false,"boss_relics":[{"not_picked":["aspiration:IroncladSkillbook","Fusion Hammer"],"picked":"Tiny House"},{"not_picked":["aspiration:RunicSpoon","SlaversCollar"],"picked":"Philosopher\u0027s Stone"}],"items_purged_floors":[2,19,25,39],"is_endless":false,"potions_floor_spawned":[1,11,12,13,14,20,23,28,35,47],"ascension_level":0}}