{"host":"na09lpbrez4gbfiz","time":1613502282,"event":{"mods":["Act Like it!","BaseMod","BetterRewards","Colored Map","Colored Powertips","DeckTracker","Googly Eyes","Highlight Path","Minty Spire (QoL Compilation)","Quick Restart","Spicy Shops","StSLib","SuperFastMode","Synergy Search"],"gold_per_floor":[113,63,63,63,79,104,122,122,122,122,138,164,42,74,74,152,152,167,185,29,60,77,77,77,77],"floor_reached":24,"language":"ENG","playtime":652,"items_purged":[],"score":406,"play_id":"a1a33229-5c10-4553-9adf-8774ad9bfa1b","local_time":"20210216200442","is_ascension_mode":true,"campfire_choices":[{"data":"Juggernaut","floor":8,"key":"SMITH"},{"data":"Madness","floor":10,"key":"SMITH"},{"data":"True Grit","floor":15,"key":"SMITH"},{"data":"Metallicize","floor":23,"key":"SMITH"}],"circlet_count":0,"master_deck":["AscendersBane","Strike_R","Strike_R","Strike_R","Defend_R","Defend_R","Defend_R","Defend_R","Bash","Juggernaut+1","Madness+1","Metallicize+1","Decay","True Grit+1","Offering"],"relics":["Black Blood","NeowsBlessing","TungstenRod","Bottled Tornado","Bronze Scales","Singing Bowl","MealTicket","Oddly Smooth Stone","Red Mask"],"acts_visited":["Exordium","TheCity"],"potions_floor_usage":[14,16,21,21],"damage_taken":[{"damage":0,"enemies":"Jaw Worm","floor":1,"turns":1},{"damage":10,"enemies":"2 Louse","floor":5,"turns":2},{"damage":0,"enemies":"3 Sentries","floor":6,"turns":2},{"damage":8,"enemies":"Small Slimes","floor":7,"turns":4},{"damage":6,"enemies":"Red Slaver","floor":11,"turns":3},{"damage":7,"enemies":"Lagavulin","floor":12,"turns":6},{"damage":23,"enemies":"Gremlin Nob","floor":14,"turns":4},{"damage":11,"enemies":"Hexaghost","floor":16,"turns":9},{"damage":5,"enemies":"Chosen","floor":18,"turns":4},{"damage":7,"enemies":"Shell Parasite","floor":19,"turns":4},{"damage":48,"enemies":"Masked Bandits","floor":21,"turns":5},{"damage":21,"enemies":"Centurion and Healer","floor":22,"turns":6},{"damage":42,"enemies":"Book of Stabbing","floor":24,"turns":5}],"seed_played":"6693741058154466928","potions_obtained":[{"floor":6,"key":"SneckoOil"},{"floor":7,"key":"Ancient Potion"},{"floor":18,"key":"SteroidPotion"},{"floor":19,"key":"Weak Potion"}],"is_trial":false,"path_per_floor":["M","?","?","?","M","E","M","R","T","R","M","E","$","E","R","B",null,"M","M","$","?","M","R","E"],"character_chosen":"IRONCLAD","items_purchased":["Singing Bowl","True Grit","Oddly Smooth Stone"],"campfire_rested":0,"item_purchase_floors":[13,13,20],"current_hp_per_floor":[74,74,74,74,70,75,73,73,73,73,73,72,72,57,57,52,71,79,81,81,47,40,40,0,0],"gold":77,"neow_bonus":"THREE_ENEMY_KILL","is_daily":false,"chose_seed":false,"campfire_upgraded":4,"win_rate":0.0,"timestamp":1613502282,"path_taken":["M","?","?","?","M","E","?","R","T","R","M","E","$","E","R","BOSS","M","M","$","?","M","R","E"],"items_purchased_type":["Relic","Card","Relic"],"build_version":"2020-12-22","purchased_purges":0,"victory":false,"max_hp_per_floor":[75,75,75,75,75,75,75,75,75,75,75,75,75,77,77,77,77,79,81,81,83,85,85,85,85],"card_choices":[{"not_picked":["Perfected Strike","Armaments","Searing Blow"],"picked":"SKIP","floor":1},{"not_picked":["Clash","Iron Wave","Flex"],"picked":"SKIP","floor":5},{"not_picked":["Corruption","Sword Boomerang","Havoc"],"picked":"SKIP","floor":6},{"not_picked":["Havoc","Warcry","Sever Soul"],"picked":"SKIP","floor":7},{"not_picked":["Headbutt","Anger"],"picked":"Metallicize","floor":11},{"not_picked":["Intimidate","Battle Trance","Infernal Blade"],"picked":"SKIP","floor":12},{"not_picked":["Sentinel","Iron Wave","Whirlwind"],"picked":"Singing Bowl","floor":14},{"not_picked":["Demon Form","Berserk"],"picked":"Offering","floor":16},{"not_picked":["Clash+1","Perfected Strike+1","Feel No Pain"],"picked":"Singing Bowl","floor":18},{"not_picked":["Heavy Blade","Warcry","Twin Strike"],"picked":"Singing Bowl","floor":19},{"not_picked":["Clash","Anger","Dual Wield"],"picked":"Singing Bowl","floor":21},{"not_picked":["Wild Strike","Spot Weakness","Cleave"],"picked":"Singing Bowl","floor":22}],"player_experience":221068,"relics_obtained":[{"floor":6,"key":"TungstenRod"},{"floor":9,"key":"Bottled Tornado"},{"floor":12,"key":"Bronze Scales"},{"floor":14,"key":"MealTicket"},{"floor":21,"key":"Red Mask"}],"event_choices":[{"cards_removed":["Strike_R"],"damage_healed":0,"gold_gain":0,"player_choice":"Card Removal","damage_taken":0,"max_hp_gain":0,"max_hp_loss":0,"event_name":"The Cleric","floor":2,"gold_loss":50},{"damage_healed":0,"gold_gain":0,"cards_transformed":["Strike_R"],"player_choice":"Change","damage_taken":0,"max_hp_gain":0,"max_hp_loss":0,"event_name":"Living Wall","floor":3,"gold_loss":0,"cards_obtained":["Juggernaut"]},{"damage_healed":0,"gold_gain":0,"player_choice":"1 cards matched","damage_taken":0,"max_hp_gain":0,"max_hp_loss":0,"event_name":"Match and Keep!","floor":4,"gold_loss":0,"cards_obtained":["Madness"]},{"damage_healed":0,"gold_gain":0,"player_choice":"Fought Bandits","damage_taken":0,"max_hp_gain":0,"max_hp_loss":0,"event_name":"Masked Bandits","floor":21,"gold_loss":0}],"is_beta":false,"boss_relics":[{"not_picked":["Fusion Hammer","Ectoplasm"],"picked":"Black Blood"}],"items_purged_floors":[],"is_endless":false,"potions_floor_spawned":[6,7,11,18,19],"killed_by":"Book of Stabbing","ascension_level":14}}