{"host":"dojadh45vvs5q3bn","time":1613481857,"event":{"mods":["100% Spire Juice","Abigail Mod","Act Like it!","BaseMod","Colored Powertips","Friendly Minions","Gensokyo","Minty Spire (QoL Compilation)","Prisma Mod","StSLib","The Alterego","The Animator","The Senshi"],"gold_per_floor":[116,116,66,85,103,114,114,114],"floor_reached":7,"language":"ENG","playtime":409,"items_purged":[],"score":43,"play_id":"65c5b606-1872-4cc0-bd54-45d81a30cb2b","local_time":"20210216142417","is_ascension_mode":false,"campfire_choices":[],"circlet_count":0,"master_deck":["theSenshi:SailorKick","theSenshi:SailorKick","theSenshi:SailorKick","theSenshi:SailorKick","theSenshi:SailorBlock","theSenshi:SailorBlock","theSenshi:SailorBlock","theSenshi:SailorBlock","theSenshi:MoonPrismPowerMakeUp","theSenshi:VenusGlamour","theSenshi:MoonTiaraMagic","theSenshi:SailorMercuryAssists","theSenshi:SailorStarFighterAssists","theSenshi:MoonPower","theSenshi:MoonCrisisMakeUp","theSenshi:SailorMercuryAssists","theSenshi:GlimpseOfThePast"],"relics":["theSenshi:TransformationBroochRelic"],"acts_visited":["Exordium"],"potions_floor_usage":[7,7],"damage_taken":[{"damage":0,"enemies":"2 Louse","floor":1,"turns":2},{"damage":10,"enemies":"Jaw Worm","floor":4,"turns":4},{"damage":3,"enemies":"Cultist","floor":5,"turns":4},{"damage":12,"enemies":"Large Slime","floor":6,"turns":7},{"damage":51,"enemies":"Lagavulin","floor":7,"turns":11}],"seed_played":"-45700423847070123","potions_obtained":[{"floor":1,"key":"GamblersBrew"},{"floor":4,"key":"Ancient Potion"}],"is_trial":false,"path_per_floor":["M","?","?","M","M","M","E"],"character_chosen":"THE_SENSHI","items_purchased":[],"campfire_rested":0,"item_purchase_floors":[],"current_hp_per_floor":[75,75,75,65,62,50,0,0],"gold":114,"neow_bonus":"REMOVE_CARD","is_daily":false,"chose_seed":false,"campfire_upgraded":0,"win_rate":0.0,"timestamp":1613481857,"path_taken":["M","?","?","M","M","M","E"],"items_purchased_type":[],"build_version":"2020-12-22","purchased_purges":0,"victory":false,"max_hp_per_floor":[75,75,75,75,75,75,75,75],"card_choices":[{"not_picked":["theSenshi:MoonPower","theSenshi:SchoolBag"],"picked":"theSenshi:VenusGlamour","floor":1},{"not_picked":["theSenshi:MoonPrincessHalation","theSenshi:MoonPunch"],"picked":"theSenshi:MoonCrisisMakeUp","floor":4},{"not_picked":["theSenshi:MoonKick","theSenshi:DramaticEntrance"],"picked":"theSenshi:SailorMercuryAssists","floor":5},{"not_picked":["theSenshi:SupersonicWaves","theSenshi:SailorMercuryAssists"],"picked":"theSenshi:GlimpseOfThePast","floor":6}],"player_experience":430614,"relics_obtained":[],"event_choices":[{"cards_removed":["theSenshi:LateForSchool"],"damage_healed":0,"gold_gain":0,"player_choice":"Card Removal","damage_taken":0,"max_hp_gain":0,"max_hp_loss":0,"event_name":"The Cleric","floor":3,"gold_loss":50}],"is_beta":false,"boss_relics":[],"items_purged_floors":[],"is_endless":false,"potions_floor_spawned":[1,4],"killed_by":"Lagavulin","ascension_level":0}}