{"host":"i9z6y8pcdeu2qxnx","time":1613507070,"event":{"mods":["BaseMod","Colored Map","Googly Eyes","Highlight Path","Minty Spire (QoL Compilation)","Replay The Spire","StSLib"],"gold_per_floor":[115,290,305,22,97,97,131,131,184,196,223,281,291,310,310,405,405,419,419,429,344,369,394,410,438,465,484,519,519,532,542,542,642,642,657,677,775,775,775,801,815,826,826,844,192,211,211,58,0,32],"floor_reached":51,"language":"ENG","playtime":4331,"items_purged":["Doubt","ReplayTheSpireMod:Splinters","Hallucinations"],"score":949,"play_id":"17e82a43-44ae-4e83-a88e-6f447f74c60d","local_time":"20210216152430","daily_mods":["Shiny","Vintage","Lethality"],"is_ascension_mode":false,"campfire_choices":[{"data":"Limit Break","floor":6,"key":"SMITH"},{"data":"Demon Form","floor":8,"key":"SMITH"},{"data":"Double Tap","floor":15,"key":"SMITH"},{"data":"Immolate","floor":32,"key":"SMITH"},{"data":"Replay:Many Hands","floor":47,"key":"SMITH"}],"circlet_count":0,"master_deck":["Double Tap+1","Demon Form+1","Fiend Fire","Eclipse+1","Berserk","Impervious","Juggernaut","Brutality","Demonic Infusion+1","Exhume","Offering","Bludgeon","Feed","Replay:Many Hands+1","Limit Break+1","Corruption","Barricade","Hemogenesis","Reaper","Immolate+1","Carnage","Twin Strike","Second Wind","Shrug It Off","Barricade","Purity","Battle Trance","Cleave","Heavy Blade+1","AbeCurse","Run Through","Ghostly Armor","Spot Weakness","Replay:Undeath\u0027s Touch","Twin Strike","ReplayTheSpireMod:Stacked","Madness","Madness","Twin Strike","Sword Boomerang+1"],"relics":["Burning Blood","War Paint","Strawberry","BargainBundle","Shuriken","Replay:Mystery Machine","PreservedInsect","Quantum Egg","Torii","Blue Doll","ReplayTheSpireMod:TigerMarble","Abe\u0027s Treasure","Boot","Bottled Lightning","Juzu Bracelet","Pet Ghost","Gremlin Food","Durian","Lantern","Bag of Marbles","Potion Belt","Akabeko","Mango","ReplayTheSpireMod:Spearhead","MealTicket","Bronze Scales","ReplayTheSpireMod:Ring of Addiction","Ring of Panic","SacredBark","Toy Ornithopter","Letter Opener","Ice Cream","Oddly Smooth Stone","ReplayTheSpireMod:Ninjato","Replay:Bottled Steam","Happy Flower","Mirror","Replay:Bandana","Red Mask"],"acts_visited":["Exordium","TheCity","TheBeyond"],"potions_floor_usage":[7,12,13,16,18,33,40,42,45,50,50],"damage_taken":[{"damage":9,"enemies":"Cultist","floor":1,"turns":3},{"damage":0,"enemies":"Small Slimes","floor":3,"turns":2},{"damage":10,"enemies":"3 Sentries","floor":7,"turns":4},{"damage":0,"enemies":"2 Louse","floor":10,"turns":2},{"damage":6,"enemies":"Gremlin Nob","floor":11,"turns":2},{"damage":27,"enemies":"Lagavulin Event","floor":12,"turns":3},{"damage":0,"enemies":"Looter","floor":13,"turns":1},{"damage":12,"enemies":"Blue Slaver","floor":14,"turns":2},{"damage":24,"enemies":"Fading Forest","floor":16,"turns":11},{"damage":9,"enemies":"3 Byrds","floor":18,"turns":3},{"damage":0,"enemies":"Spheric Guardian","floor":20,"turns":2},{"damage":6,"enemies":"Book of Stabbing","floor":23,"turns":2},{"damage":0,"enemies":"Snake Plant","floor":24,"turns":1},{"damage":10,"enemies":"Slavers","floor":25,"turns":2},{"damage":6,"enemies":"Centurion and Healer","floor":27,"turns":3},{"damage":19,"enemies":"Replay:Snechameleon","floor":28,"turns":4},{"damage":4,"enemies":"Chosen and Byrds","floor":30,"turns":3},{"damage":0,"enemies":"3 Cultists","floor":31,"turns":1},{"damage":38,"enemies":"Pondfish","floor":33,"turns":6},{"damage":11,"enemies":"3 Darklings","floor":35,"turns":2},{"damage":12,"enemies":"3 Shapes","floor":36,"turns":1},{"damage":0,"enemies":"Reptomancer","floor":40,"turns":3},{"damage":0,"enemies":"Sphere and 2 Shapes","floor":41,"turns":1},{"damage":7,"enemies":"Transient","floor":42,"turns":5},{"damage":20,"enemies":"Writhing Mass","floor":44,"turns":3},{"damage":0,"enemies":"Sphere and 2 Shapes","floor":46,"turns":2},{"damage":16,"enemies":"Time Eater","floor":50,"turns":4}],"seed_played":"-2249423148447741290","potions_obtained":[{"floor":1,"key":"Explosive Potion"},{"floor":10,"key":"Dexterity Potion"},{"floor":12,"key":"Weak Potion"},{"floor":14,"key":"Toxic Potion"},{"floor":18,"key":"BloodPotion"},{"floor":24,"key":"HeartOfIron"},{"floor":31,"key":"Elixir"},{"floor":35,"key":"PowerPotion"},{"floor":38,"key":"Energy Potion"},{"floor":46,"key":"Elixir"}],"is_trial":true,"path_per_floor":["M","?","M","$","?","R","E","R","T","M","E","?","M","M","R","B",null,"M","?","M","?","T","E","M","E","T","M","E","?","M","M","R","B",null,"M","M","?","?","?","E","M","M","T","M","$","M","R","$","R_BF","B",null],"character_chosen":"IRONCLAD","items_purchased":["BargainBundle","Carnage","Twin Strike","Second Wind","Shrug It Off","Barricade","Purity","Adrenaline Potion","AttackPotion","Happy Flower","Mirror","Energy Potion","Fruit Juice","Sword Boomerang+1"],"campfire_rested":0,"item_purchase_floors":[4,4,4,4,4,4,4,4,4,45,45,45,45,48],"current_hp_per_floor":[77,77,87,87,76,76,90,90,90,90,90,69,75,84,84,75,93,95,95,96,96,96,96,101,101,101,105,93,93,122,122,122,104,122,117,111,111,111,96,107,122,122,122,108,132,132,132,132,130,120],"gold":32,"neow_bonus":"","is_daily":false,"chose_seed":false,"campfire_upgraded":5,"win_rate":0.0,"timestamp":1613507070,"path_taken":["M","?","M","$","?","R","E","R","T","M","E","?","M","?","R","BOSS","M","?","M","?","?","E","M","E","T","M","E","?","M","M","R","BOSS","M","M","?","?","?","E","M","M","T","M","$","M","R","$","R_BF","BOSS"],"items_purchased_type":["Relic","Card","Card","Card","Card","Card","Card","Potion","Potion","Relic","Relic","Potion","Potion","Card"],"build_version":"2020-12-22","purchased_purges":3,"victory":true,"max_hp_per_floor":[80,80,87,87,87,87,90,90,90,90,90,90,90,93,93,93,93,96,96,96,96,96,96,101,105,105,105,105,105,122,122,122,122,122,122,122,122,122,122,122,122,122,122,122,132,132,132,132,130,130],"card_choices":[{"not_picked":["Rage","Iron Wave"],"picked":"Battle Trance","floor":7},{"not_picked":["Warcry","Spot Weakness"],"picked":"Cleave","floor":11},{"not_picked":["Body Slam","Life Link"],"picked":"Heavy Blade","floor":12},{"not_picked":["Warcry","Cleave"],"picked":"Run Through","floor":23},{"not_picked":["Bludgeon","Wild Strike"],"picked":"Ghostly Armor","floor":25},{"not_picked":["ReplayTheSpireMod:Muscle Training","Cleave"],"picked":"Spot Weakness","floor":28},{"not_picked":["Uppercut+1","Cleave+1"],"picked":"Replay:Undeath\u0027s Touch","floor":37},{"not_picked":["Clash+1","Second Wind"],"picked":"Twin Strike","floor":37},{"not_picked":["Ghostly Armor+1","Cleave"],"picked":"ReplayTheSpireMod:Stacked","floor":37},{"not_picked":["Warcry+1","Headbutt+1"],"picked":"Twin Strike","floor":40}],"player_experience":1020119,"relics_obtained":[{"floor":1,"key":"War Paint"},{"floor":3,"key":"Strawberry"},{"floor":7,"key":"Shuriken"},{"floor":9,"key":"Replay:Mystery Machine"},{"floor":10,"key":"PreservedInsect"},{"floor":11,"key":"Quantum Egg"},{"floor":12,"key":"Torii"},{"floor":13,"key":"Blue Doll"},{"floor":14,"key":"ReplayTheSpireMod:TigerMarble"},{"floor":18,"key":"Boot"},{"floor":20,"key":"Bottled Lightning"},{"floor":22,"key":"Pet Ghost"},{"floor":23,"key":"Gremlin Food"},{"floor":24,"key":"Durian"},{"floor":25,"key":"Lantern"},{"floor":26,"key":"Bag of Marbles"},{"floor":27,"key":"Potion Belt"},{"floor":28,"key":"Akabeko"},{"floor":30,"key":"Mango"},{"floor":31,"key":"ReplayTheSpireMod:Spearhead"},{"floor":35,"key":"MealTicket"},{"floor":36,"key":"Bronze Scales"},{"floor":38,"key":"ReplayTheSpireMod:Ring of Addiction"},{"floor":38,"key":"Ring of Panic"},{"floor":38,"key":"SacredBark"},{"floor":38,"key":"Toy Ornithopter"},{"floor":40,"key":"Letter Opener"},{"floor":41,"key":"Ice Cream"},{"floor":42,"key":"Oddly Smooth Stone"},{"floor":43,"key":"ReplayTheSpireMod:Ninjato"},{"floor":44,"key":"Replay:Bottled Steam"},{"floor":46,"key":"Replay:Bandana"}],"event_choices":[{"damage_healed":0,"gold_gain":175,"player_choice":"AGREE","damage_taken":0,"max_hp_gain":0,"max_hp_loss":0,"event_name":"Liars Game","floor":2,"gold_loss":0,"cards_obtained":["Doubt"]},{"damage_healed":0,"gold_gain":75,"player_choice":"Gather Gold","damage_taken":11,"max_hp_gain":0,"max_hp_loss":0,"event_name":"World of Goop","floor":5,"gold_loss":0},{"damage_healed":0,"gold_gain":0,"player_choice":"Searched \u00271\u0027 times","damage_taken":0,"max_hp_gain":0,"max_hp_loss":0,"event_name":"Dead Adventurer","floor":12,"gold_loss":0},{"damage_healed":0,"gold_gain":0,"player_choice":"Ignored","damage_taken":0,"max_hp_gain":0,"max_hp_loss":0,"event_name":"Ghosts","floor":19,"gold_loss":0},{"damage_healed":0,"gold_gain":0,"player_choice":"Obtained Relic","damage_taken":0,"relics_obtained":["Juzu Bracelet"],"max_hp_gain":0,"max_hp_loss":0,"event_name":"Addict","floor":21,"gold_loss":85},{"damage_healed":0,"gold_gain":0,"player_choice":"Forge","damage_taken":0,"max_hp_gain":0,"max_hp_loss":0,"event_name":"Accursed Blacksmith","floor":29,"gold_loss":0,"cards_upgraded":["Heavy Blade"]},{"damage_healed":0,"gold_gain":0,"player_choice":"Embrace Madness","damage_taken":15,"max_hp_gain":0,"max_hp_loss":0,"event_name":"Winding Halls","floor":39,"gold_loss":0,"cards_obtained":["Madness","Madness"]},{"damage_healed":0,"gold_gain":0,"player_choice":"Paid","damage_taken":0,"relics_obtained":["Red Mask"],"max_hp_gain":0,"max_hp_loss":0,"event_name":"Tomb of Lord Red Mask","floor":49,"gold_loss":58}],"is_beta":false,"boss_relics":[{"not_picked":["Empty Cage","Runic Dome"],"picked":"Abe\u0027s Treasure"},{"not_picked":["Snecko Eye","Kintsugi","Astrolabe"]}],"items_purged_floors":[4,45,48],"is_endless":false,"potions_floor_spawned":[1,10,12,14,18,24,31,35,46],"ascension_level":0}}