{"host":"xw5nub7n7iasb503","time":1613460028,"event":{"mods":["BaseMod","Minty Spire (QoL Compilation)"],"gold_per_floor":[114,130,305,324,424,453,453,473,473,485,485,520,539,614,614,717,717,736,255,274,274,274,293,293,141,164,180,206,226,243,273,273,273,273],"floor_reached":33,"language":"ENG","playtime":3783,"items_purged":["Doubt"],"score":299,"play_id":"54b9e38c-d331-440b-b3b9-533dece2cedf","local_time":"20210216002028","is_ascension_mode":false,"campfire_choices":[{"floor":7.0,"key":"RECALL"},{"data":"Rupture","floor":11.0,"key":"SMITH"},{"data":"Heavy Blade","floor":15.0,"key":"SMITH"},{"data":"Flame Barrier","floor":24,"key":"SMITH"},{"floor":32,"key":"REST"}],"circlet_count":0,"master_deck":["Strike_R","Strike_R+1","Defend_R","Defend_R","Defend_R","Defend_R","Bash+1","Flame Barrier+1","Body Slam","Heavy Blade+1","Metallicize","Rupture+1","Flex+1","Double Tap+1","Infernal Blade+1","Bludgeon","Shockwave+1","Spot Weakness+1","Sword Boomerang+1","Spot Weakness+1","Infernal Blade+1"],"relics":["Burning Blood","NeowsBlessing","CaptainsWheel","Toxic Egg 2","Self Forming Clay","Astrolabe","Question Card","Whetstone","Sling","Red Skull","Smiling Mask","Pear"],"acts_visited":["Exordium","TheCity"],"potions_floor_usage":[16,27,28],"damage_taken":[{"damage":0.0,"enemies":"Jaw Worm","floor":1.0,"turns":1.0},{"damage":0.0,"enemies":"2 Louse","floor":2.0,"turns":1.0},{"damage":0.0,"enemies":"Cultist","floor":4.0,"turns":1.0},{"damage":26.0,"enemies":"Gremlin Nob","floor":6.0,"turns":5.0},{"damage":5.0,"enemies":"Looter","floor":8.0,"turns":3.0},{"damage":2.0,"enemies":"Large Slime","floor":10.0,"turns":7.0},{"damage":13.0,"enemies":"Lagavulin","floor":12.0,"turns":6.0},{"damage":18.0,"enemies":"Lots of Slimes","floor":13.0,"turns":6.0},{"damage":34,"enemies":"Slime Boss","floor":16,"turns":13},{"damage":14,"enemies":"Spheric Guardian","floor":18,"turns":6},{"damage":10,"enemies":"Chosen","floor":20,"turns":4},{"damage":22,"enemies":"Sentry and Sphere","floor":23,"turns":6},{"damage":7,"enemies":"Chosen and Byrds","floor":27,"turns":4},{"damage":5,"enemies":"Slavers","floor":28,"turns":2},{"damage":34,"enemies":"Centurion and Healer","floor":29,"turns":6},{"damage":29,"enemies":"Sentry and Sphere","floor":30,"turns":6},{"damage":24,"enemies":"Book of Stabbing","floor":31,"turns":4},{"damage":60,"enemies":"Automaton","floor":33,"turns":6}],"seed_played":"-7036206967371229772","potions_obtained":[{"floor":8.0,"key":"LiquidMemories"},{"floor":10.0,"key":"FearPotion"},{"floor":12.0,"key":"EssenceOfSteel"},{"floor":20,"key":"Dexterity Potion"},{"floor":22,"key":"FairyPotion"},{"floor":22,"key":"SpeedPotion"},{"floor":27,"key":"DistilledChaos"},{"floor":28,"key":"GamblersBrew"},{"floor":31,"key":"ElixirPotion"}],"is_trial":false,"path_per_floor":["M","M","?","M","?","E","R","M","T","M","R","E","M","?","R","B",null,"M","$","M","?","?","M","R","$","T","M","E","M","M","E","R","B"],"character_chosen":"IRONCLAD","items_purchased":["Question Card","Whetstone","Sling"],"campfire_rested":1,"item_purchase_floors":[19,19,25],"current_hp_per_floor":[80,80,80,80,80,60,60,61,61,65,65,58,46,35,35,7,80,72,72,68,68,68,52,52,52,52,51,52,24,30,22,49,0,0],"gold":273,"neow_bonus":"THREE_ENEMY_KILL","is_daily":false,"chose_seed":false,"campfire_upgraded":3,"win_rate":0.0,"timestamp":1613460028,"path_taken":["M","M","?","M","?","E","R","?","T","M","R","E","M","?","R","BOSS","M","$","M","?","?","M","R","$","T","M","E","?","M","E","R","BOSS"],"items_purchased_type":["Relic","Relic","Relic"],"build_version":"2020-12-22","purchased_purges":1,"victory":false,"max_hp_per_floor":[80,80,80,80,80,80,80,80,80,80,80,80,80,80,80,80,80,80,80,80,80,80,80,80,80,80,80,80,80,80,90,90,90,90],"card_choices":[{"not_picked":["Anger","Sword Boomerang"],"picked":"Flame Barrier","floor":1.0},{"not_picked":["Thunderclap","Warcry"],"picked":"Body Slam","floor":2.0},{"not_picked":["Twin Strike","Battle Trance"],"picked":"Heavy Blade","floor":4.0},{"not_picked":["Dropkick","Anger"],"picked":"Metallicize","floor":6.0},{"not_picked":["Iron Wave","True Grit"],"picked":"Rupture","floor":8.0},{"not_picked":["Body Slam","Sever Soul"],"picked":"Flex+1","floor":10.0},{"not_picked":["Hemokinesis","Shrug It Off+1"],"picked":"Double Tap+1","floor":12.0},{"not_picked":["Feel No Pain","True Grit+1"],"picked":"Infernal Blade+1","floor":13.0},{"not_picked":["Corruption","Berserk"],"picked":"Bludgeon","floor":16},{"not_picked":["True Grit+1","Intimidate+1","Inflame"],"picked":"SKIP","floor":18},{"not_picked":["Pommel Strike","Dropkick+1","Headbutt+1","Thunderclap"],"picked":"SKIP","floor":20},{"not_picked":["Wild Strike+1","Anger","Berserk"],"picked":"Spot Weakness+1","floor":23},{"not_picked":["Heavy Blade+1","Cleave","Rupture","Twin Strike"],"picked":"SKIP","floor":27},{"not_picked":["Heavy Blade","Perfected Strike","Sentinel+1","Thunderclap"],"picked":"SKIP","floor":28},{"not_picked":["Fire Breathing","Sentinel+1","Dark Embrace","Flame Barrier+1"],"picked":"SKIP","floor":29},{"not_picked":["Ghostly Armor+1","Headbutt","Warcry+1","Uppercut+1"],"picked":"SKIP","floor":30},{"not_picked":["Dual Wield+1","Offering+1","Flex+1"],"picked":"Infernal Blade+1","floor":31}],"player_experience":127268,"relics_obtained":[{"floor":6.0,"key":"CaptainsWheel"},{"floor":9.0,"key":"Toxic Egg 2"},{"floor":12.0,"key":"Self Forming Clay"},{"floor":26,"key":"Red Skull"},{"floor":28,"key":"Smiling Mask"},{"floor":31,"key":"Pear"}],"event_choices":[{"damage_healed":0.0,"max_hp_gain":0.0,"max_hp_loss":0.0,"gold_gain":175.0,"event_name":"Liars Game","player_choice":"AGREE","floor":3.0,"gold_loss":0.0,"damage_taken":0.0,"cards_obtained":["Doubt"]},{"damage_healed":0.0,"max_hp_gain":0.0,"max_hp_loss":0.0,"gold_gain":100.0,"event_name":"Golden Shrine","player_choice":"Pray","floor":5.0,"gold_loss":0.0,"damage_taken":0.0},{"damage_healed":0.0,"max_hp_gain":0.0,"max_hp_loss":0.0,"gold_gain":75.0,"event_name":"World of Goop","player_choice":"Gather Gold","floor":14.0,"gold_loss":0.0,"damage_taken":11.0},{"damage_healed":0,"gold_gain":0,"player_choice":"Ignored","damage_taken":0,"max_hp_gain":0,"max_hp_loss":0,"event_name":"Vampires","floor":21,"gold_loss":0},{"damage_healed":0,"gold_gain":0,"player_choice":"Got Potions","damage_taken":0,"max_hp_gain":0,"max_hp_loss":0,"event_name":"Lab","floor":22,"gold_loss":0}],"is_beta":false,"boss_relics":[{"not_picked":["Cursed Key","Philosopher\u0027s Stone"],"picked":"Astrolabe"}],"items_purged_floors":[19],"is_endless":false,"potions_floor_spawned":[8,10,12,20,27,28,31],"killed_by":"Automaton","ascension_level":0}}