{"host":"ssceekdvsvld625r","time":1613468182,"event":{"mods":["AchievementEnabler","BaseMod","Better Third Choice","Block Reminder","Colored Map","Colored Powertips","Highlight Path","Minty Spire (QoL Compilation)","Permanent Neow","Quick Restart","Rare Cards Sparkle","Relic Stats","Shop Mod","StSLib"],"gold_per_floor":[114,38,138,156,167,193,211,223,249,249,28,28,38,54,54,156,156,168,187,187,112,27,27,54,54,54,54,54,54],"floor_reached":28,"language":"ENG","playtime":1185,"items_purged":[],"score":250,"play_id":"eec68f46-9aef-49d2-a655-c7419aafa16e","local_time":"20210216023622","is_ascension_mode":true,"campfire_choices":[{"floor":10,"key":"REST"},{"floor":12,"key":"REST"},{"data":"Loop","floor":15,"key":"SMITH"},{"floor":23,"key":"REST"},{"floor":25,"key":"REST"}],"circlet_count":0,"master_deck":["Strike_B","Strike_B","Strike_B","Strike_B","Defend_B","Defend_B","Defend_B","Defend_B","Zap","Defragment","Loop+1","Streamline","Force Field","Defragment","Sweeping Beam","Capacitor","Redo","Electrodynamics","CurseOfTheBell","White Noise+1","Capacitor","Lockon"],"relics":["Cracked Core","NeowsBlessing","PreservedInsect","Oddly Smooth Stone","Boot","Calling Bell","Smiling Mask","Pantograph","Gambling Chip","Potion Belt","Strawberry","Toy Ornithopter","Enchiridion"],"acts_visited":["Exordium","TheCity"],"potions_floor_usage":[16,28,28,28,28],"damage_taken":[{"damage":0,"enemies":"Cultist","floor":1,"turns":1},{"damage":0,"enemies":"2 Louse","floor":4,"turns":1},{"damage":0,"enemies":"Small Slimes","floor":5,"turns":1},{"damage":31,"enemies":"Gremlin Nob","floor":6,"turns":4},{"damage":15,"enemies":"Looter","floor":7,"turns":3},{"damage":9,"enemies":"3 Louse","floor":8,"turns":4},{"damage":0,"enemies":"Large Slime","floor":13,"turns":4},{"damage":4,"enemies":"Gremlin Gang","floor":14,"turns":3},{"damage":20,"enemies":"Slime Boss","floor":16,"turns":8},{"damage":10,"enemies":"3 Byrds","floor":18,"turns":2},{"damage":24,"enemies":"Chosen","floor":19,"turns":5},{"damage":58,"enemies":"Slavers","floor":24,"turns":4},{"damage":45,"enemies":"Shelled Parasite and Fungi","floor":28,"turns":3}],"seed_played":"-2564896166111249361","potions_obtained":[{"floor":1,"key":"PotionOfCapacity"},{"floor":7,"key":"Fire Potion"},{"floor":8,"key":"Weak Potion"},{"floor":13,"key":"PotionOfCapacity"},{"floor":19,"key":"FocusPotion"},{"floor":24,"key":"SpeedPotion"}],"is_trial":false,"path_per_floor":["M","$","?","M","M","E","M","M","T","R","$","R","M","M","R","B",null,"M","M","?","?","?","R","E","R","T","?","M"],"character_chosen":"DEFECT","items_purchased":["Loop","Boot","Capacitor"],"campfire_rested":4,"item_purchase_floors":[2,11,11],"current_hp_per_floor":[75,75,75,75,75,44,29,20,20,42,42,64,64,60,60,40,75,65,41,41,41,41,63,12,36,36,20,0,0],"gold":54,"neow_bonus":"THREE_ENEMY_KILL","is_daily":false,"chose_seed":false,"campfire_upgraded":1,"win_rate":0.0,"timestamp":1613468182,"path_taken":["M","$","?","?","M","E","M","M","T","R","$","R","M","M","R","BOSS","M","M","?","?","?","R","E","R","T","?","M"],"items_purchased_type":["Card","Relic","Card"],"build_version":"2020-12-22","purchased_purges":0,"victory":false,"max_hp_per_floor":[75,75,75,75,75,75,75,75,75,75,75,75,75,75,75,75,75,75,75,75,75,75,75,82,82,82,82,82,82],"relic_stats":{"counters":[13,41],"Pantograph":0,"Gambling Chip":[7],"PreservedInsect":48,"Boot":[12],"Smiling Mask":0,"obtain_stats":[{"Potion Belt":22,"NeowsBlessing":0,"Oddly Smooth Stone":9,"Enchiridion":27,"PreservedInsect":6,"Boot":11,"Smiling Mask":17,"Calling Bell":17,"Pantograph":17,"Gambling Chip":17,"Strawberry":24,"Cracked Core":0,"Toy Ornithopter":26},{"Potion Belt":11,"NeowsBlessing":0,"Oddly Smooth Stone":6,"Enchiridion":12,"PreservedInsect":4,"Boot":6,"Smiling Mask":9,"Calling Bell":9,"Pantograph":9,"Gambling Chip":9,"Strawberry":12,"Cracked Core":0,"Toy Ornithopter":12},{"Potion Belt":34,"NeowsBlessing":0,"Oddly Smooth Stone":14,"Enchiridion":38,"PreservedInsect":7,"Boot":14,"Smiling Mask":28,"Calling Bell":28,"Pantograph":28,"Gambling Chip":28,"Strawberry":38,"Cracked Core":0,"Toy Ornithopter":38}],"Toy Ornithopter":20},"card_choices":[{"not_picked":["Sweeping Beam","Gash"],"picked":"Defragment","floor":1},{"not_picked":["Stack","Conserve Battery"],"picked":"Streamline","floor":4},{"not_picked":["Reprogram","Conserve Battery","Gash"],"picked":"SKIP","floor":5},{"not_picked":["Conserve Battery","Streamline"],"picked":"Force Field","floor":6},{"not_picked":["Auto Shields","Scrape"],"picked":"Defragment","floor":7},{"not_picked":["Fission","Conserve Battery"],"picked":"Sweeping Beam","floor":8},{"not_picked":["Go for the Eyes","FTL","Conserve Battery"],"picked":"SKIP","floor":13},{"not_picked":["Melter","Streamline"],"picked":"Redo","floor":14},{"not_picked":["Multi-Cast","Thunder Strike"],"picked":"Electrodynamics","floor":16},{"not_picked":["Beam Cell","Streamline+1"],"picked":"White Noise+1","floor":18},{"not_picked":["Compile Driver","Rebound"],"picked":"Capacitor","floor":19},{"not_picked":["Hologram","Cold Snap"],"picked":"Lockon","floor":24}],"player_experience":32552,"relics_obtained":[{"floor":6,"key":"PreservedInsect"},{"floor":9,"key":"Oddly Smooth Stone"},{"floor":17,"key":"Smiling Mask"},{"floor":17,"key":"Pantograph"},{"floor":17,"key":"Gambling Chip"},{"floor":24,"key":"Strawberry"},{"floor":26,"key":"Toy Ornithopter"},{"floor":27,"key":"Enchiridion"}],"event_choices":[{"damage_healed":0,"gold_gain":100,"player_choice":"Pray","damage_taken":0,"max_hp_gain":0,"max_hp_loss":0,"event_name":"Golden Shrine","floor":3,"gold_loss":0},{"damage_healed":0,"gold_gain":0,"player_choice":"Ignored","damage_taken":0,"max_hp_gain":0,"max_hp_loss":0,"event_name":"Ghosts","floor":20,"gold_loss":0},{"cards_removed":["Dualcast"],"damage_healed":0,"gold_gain":0,"player_choice":"Gave Gold","damage_taken":0,"max_hp_gain":0,"max_hp_loss":0,"event_name":"Beggar","floor":21,"gold_loss":75},{"damage_healed":0,"gold_gain":0,"player_choice":"Obtained Relic","damage_taken":0,"relics_obtained":["Potion Belt"],"max_hp_gain":0,"max_hp_loss":0,"event_name":"Addict","floor":22,"gold_loss":85},{"damage_healed":0,"gold_gain":0,"player_choice":"Obtained Book","damage_taken":16,"max_hp_gain":0,"max_hp_loss":0,"event_name":"Cursed Tome","floor":27,"gold_loss":0}],"is_beta":false,"boss_relics":[{"not_picked":["Tiny House","Sozu"],"picked":"Calling Bell"}],"items_purged_floors":[],"is_endless":false,"potions_floor_spawned":[1,7,8,13,14,19,24],"killed_by":"Shelled Parasite and Fungi","ascension_level":1}}