{"host":"r0ye8pdzuq6zwfvs","time":1613454155,"event":{"mods":["AchievementEnabler","Act Like it!","Arknights","BaseMod","BetterRewards","CapriCore","Card Forge","Colored Map","Colored Powertips","Custom Start","DeckTracker","Luminous","Minty Spire (QoL Compilation)","Permanent Neow","Prisma Mod","Quick Restart","Relic Stats","Shop Mod","StSLib","SuperFastMode","Swap Starting Deck Mod","The Alterego","The Immortal","Uncapped","Weighted Paths"],"gold_per_floor":[117,128,146,157,168,195,195,229,229,249,249,249,249,278,278,373,373,358,358,358,358,358,358,358,149,149,149,149,149,149,149,149,149,149,149,85,85,85,85,85,85,85,85,85,85,85,85,85,85,85,85,85,85,85,85],"floor_reached":56,"language":"ENG","playtime":2556,"items_purged":[],"score":1521,"play_id":"00c81ee3-786c-49f7-9683-2b23cfb58804","local_time":"20210215224235","is_ascension_mode":false,"campfire_choices":[{"floor":7,"key":"RECALL"},{"floor":11,"key":"REST"},{"floor":13,"key":"REST"},{"floor":15,"key":"REST"},{"floor":23,"key":"REST"},{"floor":27,"key":"REST"},{"floor":29,"key":"REST"},{"floor":32,"key":"REST"},{"floor":40,"key":"REST"},{"floor":49,"key":"REST"},{"floor":52,"key":"REST"}],"circlet_count":0,"master_deck":["ats:Burning Ground+1","ats:Emotion Absorption+1","ats:Burning Ground+1","ats:Volcano+1","ats:Emotion Absorption+1","ats:Guardian Obelisk+1","ats:Flame Of Heaven+1","ats:Emotion Absorption+1","ats:Apocalypse+1","ats:Guardian Obelisk+1","ats:Emotion Absorption+1","ats:Emotion Absorption+1","ats:Emotion Absorption+1","ats:Emotion Absorption+1","ats:Emotion Absorption+1","ats:Emotion Absorption+1","ats:Emotion Absorption+1","ats:Burning Ground+1","ats:Flame Of Heaven+1","ats:Burning Ground+1","ats:Flame Of Heaven+1"],"relics":["ats:Sanity","Hammer of Thor","Seething Fire","Anvil of the Gods","ats:Originium","The Courier","ats:Industrial Water Cannon","Kunai","Ectoplasm","Bottled Tornado","PreservedInsect","Pen Nib","Philosopher\u0027s Stone","Centennial Puzzle","Oddly Smooth Stone","Eternal Feather"],"acts_visited":["Exordium","TheCity","TheBeyond","TheEnding"],"potions_floor_usage":[0],"damage_taken":[{"damage":1,"enemies":"Jaw Worm","floor":1,"turns":2},{"damage":0,"enemies":"Cultist","floor":2,"turns":2},{"damage":0,"enemies":"Small Slimes","floor":3,"turns":2},{"damage":1,"enemies":"Exordium Thugs","floor":4,"turns":2},{"damage":0,"enemies":"2 Fungi Beasts","floor":5,"turns":2},{"damage":15,"enemies":"3 Sentries","floor":6,"turns":4},{"damage":0,"enemies":"Lagavulin","floor":8,"turns":2},{"damage":1,"enemies":"Looter","floor":10,"turns":2},{"damage":9,"enemies":"3 Sentries","floor":14,"turns":3},{"damage":0,"enemies":"Slime Boss","floor":16,"turns":2},{"damage":0,"enemies":"2 Thieves","floor":18,"turns":2},{"damage":0,"enemies":"Chosen","floor":19,"turns":3},{"damage":9,"enemies":"Centurion and Healer","floor":20,"turns":3},{"damage":0,"enemies":"Cultist and Chosen","floor":22,"turns":3},{"damage":0,"enemies":"Sentry and Sphere","floor":28,"turns":2},{"damage":6,"enemies":"Book of Stabbing","floor":30,"turns":2},{"damage":0,"enemies":"Automaton","floor":33,"turns":4},{"damage":31,"enemies":"3 Darklings","floor":35,"turns":2},{"damage":5,"enemies":"Orb Walker","floor":38,"turns":2},{"damage":0,"enemies":"4 Shapes","floor":39,"turns":2},{"damage":0,"enemies":"Spire Growth","floor":42,"turns":2},{"damage":0,"enemies":"Maw","floor":44,"turns":2},{"damage":0,"enemies":"Sphere and 2 Shapes","floor":45,"turns":1},{"damage":0,"enemies":"4 Shapes","floor":47,"turns":1},{"damage":0,"enemies":"Giant Head","floor":48,"turns":2},{"damage":0,"enemies":"Donu and Deca","floor":50,"turns":3},{"damage":0,"enemies":"Shield and Spear","floor":54,"turns":2},{"damage":25,"enemies":"The Heart","floor":55,"turns":3}],"seed_played":"1087125989065751118","potions_obtained":[{"floor":0,"key":"Regen Potion"},{"floor":0,"key":"Fruit Juice"},{"floor":0,"key":"SteroidPotion"},{"floor":1,"key":"Swift Potion"}],"is_trial":false,"path_per_floor":["M","M","M","M","M","E","R","E","T","M","R","?","R","E","R","B",null,"M","M","M","$","M","R","?","$","T","R","M","R","E","?","R","B",null,"M","$","?","M","M","R","?","M","T","M","M","?","M","E","R","B",null,"R","$","E","B",null],"character_chosen":"DOCTOR_CLASS","items_purchased":["Bottled Tornado","ats:Burning Ground"],"campfire_rested":10,"item_purchase_floors":[25,36],"current_hp_per_floor":[76,77,77,76,76,61,61,61,61,60,77,77,77,74,77,77,77,77,77,74,74,77,77,77,77,77,77,77,77,77,77,77,77,77,46,46,46,47,53,76,76,77,77,77,77,77,77,77,77,77,77,77,77,77,64],"gold":85,"neow_bonus":"THREE_SMALL_POTIONS","is_daily":false,"chose_seed":false,"campfire_upgraded":0,"win_rate":0.0,"timestamp":1613454155,"path_taken":["M","M","M","M","M","E","R","E","T","M","R","?","R","E","R","BOSS","M","?","M","$","M","R","?","?","T","R","M","R","E","?","R","BOSS","M","$","?","?","M","R","?","M","T","M","M","?","M","E","R","BOSS","R","$","E","BOSS"],"items_purchased_type":["Relic","Card"],"build_version":"2020-12-22","purchased_purges":0,"victory":true,"max_hp_per_floor":[77,77,77,77,77,77,77,77,77,77,77,77,77,77,77,77,77,77,77,77,77,77,77,77,77,77,77,77,77,77,77,77,77,77,77,77,77,77,77,77,77,77,77,77,77,77,77,77,77,77,77,77,77,77,77],"relic_stats":{"Centennial Puzzle":[3],"counters":[28,54],"Eternal Feather":0,"Ectoplasm":413,"PreservedInsect":234,"Pen Nib":[1],"Kunai":[3],"obtain_stats":[{"Oddly Smooth Stone":48,"Eternal Feather":54,"Hammer of Thor":0,"The Courier":6,"PreservedInsect":26,"Pen Nib":30,"Seething Fire":0,"Bottled Tornado":25,"ats:Industrial Water Cannon":8,"Centennial Puzzle":43,"ats:Originium":6,"Anvil of the Gods":0,"Philosopher\u0027s Stone":34,"Ectoplasm":17,"ats:Sanity":0,"Kunai":14},{"Oddly Smooth Stone":25,"Eternal Feather":27,"Hammer of Thor":0,"The Courier":6,"PreservedInsect":14,"Pen Nib":16,"Seething Fire":0,"Bottled Tornado":14,"ats:Industrial Water Cannon":7,"Centennial Puzzle":21,"ats:Originium":6,"Anvil of the Gods":0,"Philosopher\u0027s Stone":17,"Ectoplasm":10,"ats:Sanity":0,"Kunai":9},{"Oddly Smooth Stone":46,"Eternal Feather":51,"Hammer of Thor":0,"The Courier":11,"PreservedInsect":28,"Pen Nib":31,"Seething Fire":0,"Bottled Tornado":28,"ats:Industrial Water Cannon":13,"Centennial Puzzle":40,"ats:Originium":11,"Anvil of the Gods":0,"Philosopher\u0027s Stone":34,"Ectoplasm":19,"ats:Sanity":0,"Kunai":17}]},"card_choices":[{"not_picked":["ats:Neurotoxin","ats:Defend Order","ats:Very Hot Blade"],"picked":"SKIP","floor":1},{"not_picked":["ats:Poison Spread","ats:Hammer On","ats:Very Hot Blade"],"picked":"SKIP","floor":2},{"not_picked":["ats:Song Of Battle","ats:Apocalypse","ats:Flexible Camouflage"],"picked":"SKIP","floor":3},{"not_picked":["ats:Magnetic Hammer","ats:Charging Defense","ats:True Silver Slash"],"picked":"SKIP","floor":4},{"not_picked":["ats:Encircling Forest","ats:Hook Shot","ats:Poison Spread"],"picked":"SKIP","floor":5},{"not_picked":["ats:Phantom","ats:Soul Rend","ats:Closed Bolt Burst Fire"],"picked":"SKIP","floor":6},{"not_picked":["ats:Shell Defense","ats:Flame Of Heaven","ats:Encircling Forest"],"picked":"SKIP","floor":8},{"not_picked":["ats:Consecutive Shot Auto","ats:Poison Spread","ats:Sashimi Platter"],"picked":"SKIP","floor":10},{"not_picked":["ats:Spore Proliferation","ats:Assault Order","ats:Guard Mode"],"picked":"SKIP","floor":14},{"not_picked":["ats:Literary Storm","ats:Soul Absorption+1","ats:Sword Rain+1"],"picked":"SKIP","floor":18},{"not_picked":["ats:Automatic Cover","ats:Cat Scratch","ats:Support Order+1"],"picked":"SKIP","floor":19},{"not_picked":["ats:Absolute Focus","ats:Overload","ats:Support Order+1"],"picked":"SKIP","floor":20},{"not_picked":["ats:Revitalization","ats:Consecutive Shot Auto","ats:Support Order"],"picked":"SKIP","floor":22},{"not_picked":["ats:Flame Of Heaven+1","ats:Curse Doll","ats:Magnetic Hammer"],"picked":"SKIP","floor":28},{"not_picked":["ats:Powerful Strike","ats:Apocalypse","ats:Shadow Raid+1"],"picked":"SKIP","floor":30},{"not_picked":["ats:Flexible Camouflage+1","ats:Composite Medical Shells","ats:Powerful Strike"],"picked":"SKIP","floor":35},{"not_picked":["ats:Powerful Strike+1","ats:Flame Of Heaven+1","ats:Rapid Magazine+1"],"picked":"SKIP","floor":38},{"not_picked":["ats:Revitalization+1","ats:Cat Scratch+1","ats:Explosion Area Strengthen+1"],"picked":"SKIP","floor":39},{"not_picked":["ats:Absolute Focus","ats:Hammer On","ats:Poison Spread+1"],"picked":"SKIP","floor":42},{"not_picked":["ats:Ambush","ats:Curse Doll","ats:Revitalization"],"picked":"SKIP","floor":44},{"not_picked":["ats:Absolute Focus","ats:Poison Spread","ats:Closed Bolt Burst Fire+1"],"picked":"SKIP","floor":45},{"not_picked":["ats:Counter Healing Mode","ats:Revitalization+1","ats:Apocalypse+1"],"picked":"SKIP","floor":47},{"not_picked":["ats:Directed Diagnosis","ats:Powerful Strike+1","ats:Consecutive Shot Auto"],"picked":"SKIP","floor":48},{"not_picked":["ats:Blood Oath+1","ats:Cat Scratch","ats:Flame Of Heaven"],"picked":"SKIP","floor":54}],"player_experience":230224,"relics_obtained":[{"floor":6,"key":"ats:Originium"},{"floor":6,"key":"The Courier"},{"floor":8,"key":"ats:Originium"},{"floor":8,"key":"ats:Industrial Water Cannon"},{"floor":14,"key":"ats:Originium"},{"floor":14,"key":"Kunai"},{"floor":26,"key":"PreservedInsect"},{"floor":30,"key":"ats:Originium"},{"floor":30,"key":"Pen Nib"},{"floor":43,"key":"Centennial Puzzle"},{"floor":48,"key":"Oddly Smooth Stone"},{"floor":54,"key":"Eternal Feather"}],"event_choices":[{"damage_healed":0,"gold_gain":0,"player_choice":"Leave","damage_taken":0,"max_hp_gain":0,"max_hp_loss":0,"event_name":"FaceTrader","floor":12,"gold_loss":0},{"damage_healed":0,"gold_gain":0,"player_choice":"Ignored","damage_taken":0,"max_hp_gain":0,"max_hp_loss":0,"event_name":"Transmorgrifier","floor":24,"gold_loss":0},{"damage_healed":0,"gold_gain":0,"player_choice":"Ignored","damage_taken":0,"max_hp_gain":0,"max_hp_loss":0,"event_name":"The Mausoleum","floor":31,"gold_loss":0},{"damage_healed":0,"gold_gain":0,"player_choice":"Copied","damage_taken":0,"max_hp_gain":0,"max_hp_loss":0,"event_name":"Duplicator","floor":37,"gold_loss":0,"cards_obtained":["ats:Flame Of Heaven"]},{"cards_removed":["ats:Wolf Pack"],"damage_healed":0,"gold_gain":0,"player_choice":"Removed Attack","damage_taken":0,"max_hp_gain":0,"max_hp_loss":0,"event_name":"Falling","floor":41,"gold_loss":0},{"damage_healed":0,"gold_gain":0,"player_choice":"Memory 1","damage_taken":0,"max_hp_gain":0,"max_hp_loss":0,"event_name":"SensoryStone","floor":46,"gold_loss":0}],"is_beta":false,"boss_relics":[{"not_picked":["Black Star","Empty Cage"],"picked":"Ectoplasm"},{"not_picked":["Runic Dome","SlaversCollar"],"picked":"Philosopher\u0027s Stone"}],"items_purged_floors":[],"is_endless":false,"potions_floor_spawned":[1,3,4,5,14,20,22,28,38,39,42,44],"ascension_level":0}}