{"host":"7d9nv1viv9k97dq8","time":1613452323,"event":{"mods":["Act Like it!","BaseMod","Decade(Õı–°√˜)","Downfall","Gensokyo","KomeijiMod","Luminous","Marisa£®ÏF”Í°°ƒß¿Ì…≥£©","Minty Spire (QoL Compilation)","Prisma Mod","Reimu£®≤©¿ˆ¡È√Œ£©","Remilia£®¿Ÿ√◊¿Ú—«£©","Replay The Spire","StSLib","The Administrix","The Bug Knight","Waifu the Spire","Yakumo Yukari mod","Youmu£®ªÍ∆«—˝√Œ£©","Yuyuko","°æ“≈ŒÔø®≈∆°øREMEMod"],"gold_per_floor":[112,212,231,244,244,274,274,288,288,304,338,338,351,367,367,367,367],"floor_reached":16,"language":"ZHS","playtime":927,"items_purged":[],"score":214,"play_id":"aa33131f-bb4b-4bb0-a47d-f261cc02a0d7","local_time":"20210216131203","is_ascension_mode":false,"campfire_choices":[{"floor":7,"key":"REST"},{"floor":12,"key":"REST"},{"data":"HollowMod:GreatSlash","floor":15,"key":"SMITH"}],"circlet_count":0,"master_deck":["HollowMod:NailStrikeStart","HollowMod:NailStrikeStart","HollowMod:NailStrikeStart","HollowMod:NailStrikeStart","HollowMod:QuickDashStart","HollowMod:QuickDashStart","HollowMod:QuickDashStart","HollowMod:QuickDashStart","HollowMod:FocusHealStart","HollowMod:PogoStrike","HollowMod:DesolateDive","downfall:Haunted","downfall:Haunted","Confused","Sickly","HollowMod:Hiveblood","Replay:Hysterical Blindness","HollowMod:GreatSlash+1","HollowMod:CycloneSlash+1","HollowMod:CloakDash"],"relics":["HollowMod:VesselMask","REME_ComplimentaryCards","Replay:Baseball","Du-Vu Doll","Tiny Chest","Replay:Bottled Eggs","Smiling Mask","Golden Egg"],"acts_visited":["Exordium"],"potions_floor_usage":[4,10,11,11],"damage_taken":[{"damage":1,"enemies":"Cultist","floor":1,"turns":3},{"damage":0,"enemies":"Small Slimes","floor":3,"turns":3},{"damage":9,"enemies":"Jaw Worm","floor":4,"turns":3},{"damage":30,"enemies":"3 Sentries","floor":6,"turns":4},{"damage":28,"enemies":"Lots of Slimes","floor":8,"turns":4},{"damage":22,"enemies":"Large Slime","floor":10,"turns":3},{"damage":16,"enemies":"Replay:BlueRogue","floor":11,"turns":4},{"damage":0,"enemies":"Exordium Wildlife","floor":13,"turns":2},{"damage":0,"enemies":"Exordium Thugs","floor":14,"turns":3},{"damage":0,"enemies":"Fading Forest","floor":16,"turns":1}],"seed_played":"-4504987180217424894","potions_obtained":[{"floor":1,"key":"Weak Potion"},{"floor":3,"key":"Adrenaline Potion"},{"floor":8,"key":"Strength Potion"},{"floor":10,"key":"Regen Potion"},{"floor":13,"key":"Energy Potion"}],"is_trial":false,"path_per_floor":["M","?","M","M","?","E","R","M","T","M","E","R","M","M","R","B"],"character_chosen":"THE_BUGKNIGHT","items_purchased":[],"campfire_rested":2,"item_purchase_floors":[],"current_hp_per_floor":[74,79,79,70,52,34,58,45,45,32,49,73,73,73,73,73,73],"gold":367,"neow_bonus":"RANDOM_COMMON_RELIC","is_daily":false,"chose_seed":false,"campfire_upgraded":1,"win_rate":0.0,"timestamp":1613452323,"path_taken":["M","?","M","M","?","E","R","M","T","M","E","R","M","M","R","BOSS"],"items_purchased_type":[],"build_version":"2020-12-22","purchased_purges":0,"victory":false,"max_hp_per_floor":[75,80,80,80,80,80,80,80,80,80,80,80,80,80,80,80,80],"card_choices":[{"not_picked":["HollowMod:ChannelNail","HollowMod:SoulEater"],"picked":"HollowMod:DesolateDive","floor":1},{"not_picked":["HollowMod:DoubleDash","HollowMod:BaldurShell"],"picked":"HollowMod:GreatSlash","floor":3},{"not_picked":["HollowMod:HeavyBlow","HollowMod:WraithStrike"],"picked":"HollowMod:CycloneSlash","floor":4},{"not_picked":["HollowMod:SharpenedShadows","HollowMod:SoulSplash"],"picked":"HollowMod:CloakDash","floor":6},{"not_picked":["HollowMod:CornifersMapStart","HollowMod:NewInfectedGuardian","HollowMod:SoulSplash"],"picked":"SKIP","floor":8},{"not_picked":["HollowMod:ChannelNail","HollowMod:HowlingWraiths","HollowMod:NewJinnsSoul"],"picked":"SKIP","floor":10},{"not_picked":["HollowMod:ElderbugsWisdom","HollowMod:LifebloodCocoon","HollowMod:NewLittleFool"],"picked":"SKIP","floor":11},{"not_picked":["HollowMod:TaintedHusks","HollowMod:InfectedCysts","HollowMod:SiblingsSouls"],"picked":"SKIP","floor":13},{"not_picked":["HollowMod:HowlingWraiths","HollowMod:ShapeofUnn","HollowMod:DreamGate"],"picked":"SKIP","floor":14}],"player_experience":213313,"relics_obtained":[{"floor":6,"key":"Replay:Bottled Eggs"},{"floor":9,"key":"Smiling Mask"},{"floor":11,"key":"Golden Egg"}],"event_choices":[{"damage_healed":0,"gold_gain":0,"player_choice":"Success","damage_taken":18,"relics_obtained":["Tiny Chest"],"max_hp_gain":0,"max_hp_loss":0,"event_name":"Scrap Ooze","floor":5,"gold_loss":0}],"is_beta":false,"boss_relics":[],"items_purged_floors":[],"is_endless":false,"potions_floor_spawned":[1,3,8,10,13],"killed_by":"Fading Forest","ascension_level":0}}