{"host":"aapp7ew3jk5k1bvd","time":1613481627,"event":{"mods":["AchievementEnabler","BaseMod","Colored Map","Custom Start","Keyboard Shortcuts","Minty Spire (QoL Compilation)","Permanent Neow","Quick Restart","StSLib","SuperFastMode"],"gold_per_floor":[367,367,383,86,106,106,123,123,123],"floor_reached":8,"language":"KOR","playtime":262,"items_purged":["Strike_G"],"score":50,"play_id":"631d1bd6-c863-40e5-a187-2dbc069f4c12","local_time":"20210216222027","is_ascension_mode":true,"campfire_choices":[{"data":"Neutralize","floor":6,"key":"SMITH"}],"circlet_count":0,"master_deck":["Strike_G","Strike_G","Strike_G","Strike_G","Defend_G","Defend_G","Defend_G","Defend_G","Defend_G","Survivor","Neutralize+1","Escape Plan","Accuracy","Dodge and Roll","Dodge and Roll"],"relics":["Ring of the Snake","Potion Belt","Tiny Chest"],"acts_visited":[],"potions_floor_usage":[],"damage_taken":[{"damage":2,"enemies":"Jaw Worm","floor":1,"turns":7},{"damage":0,"enemies":"Small Slimes","floor":3,"turns":4},{"damage":0,"enemies":"Cultist","floor":5,"turns":6},{"damage":1,"enemies":"Large Slime","floor":7,"turns":14},{"damage":0,"enemies":"Gremlin Nob","floor":8,"turns":1}],"seed_played":"-397142911788566221","potions_obtained":[{"floor":3,"key":"LiquidMemories"}],"is_trial":false,"path_per_floor":["M","?","M","$","M","R","M","E"],"character_chosen":"THE_SILENT","items_purchased":["Accuracy","Tiny Chest"],"campfire_rested":0,"item_purchase_floors":[4,4],"current_hp_per_floor":[47,44,44,44,44,44,43,43,43],"gold":123,"neow_bonus":"TWO_FIFTY_GOLD","is_daily":false,"chose_seed":false,"campfire_upgraded":1,"win_rate":0.0,"timestamp":1613481627,"path_taken":["M","?","M","$","M","R","M","E"],"items_purchased_type":["Card","Relic"],"build_version":"2020-12-22","purchased_purges":1,"victory":false,"max_hp_per_floor":[70,70,70,70,70,70,70,70,70],"card_choices":[{"not_picked":["Blade Dance","Slice"],"picked":"Escape Plan","floor":1},{"not_picked":["Outmaneuver","Bane","Prepared"],"picked":"SKIP","floor":3},{"not_picked":["Dagger Throw","Bane"],"picked":"Dodge and Roll","floor":5},{"not_picked":["Phantasmal Killer","Prepared"],"picked":"Dodge and Roll","floor":7}],"player_experience":1007182,"relics_obtained":[],"event_choices":[{"damage_healed":0,"gold_gain":0,"player_choice":"Success","damage_taken":3,"relics_obtained":["Potion Belt"],"max_hp_gain":0,"max_hp_loss":0,"event_name":"Scrap Ooze","floor":2,"gold_loss":0}],"is_beta":false,"boss_relics":[],"items_purged_floors":[4],"is_endless":false,"potions_floor_spawned":[3],"killed_by":"Gremlin Nob","ascension_level":1}}