{"host":"Ringo","time":1613489743,"event":{"mods":["BaseMod","Colored Map","Conspire","Dota2Spire","Hubris","Minty Spire (QoL Compilation)","Replay The Spire","StSLib","The Construct","[IsaacMod]ÒÔÈö¼âËþ","¡¾ÒÅÎï¿¨ÅÆ¡¿REMEMod"],"gold_per_floor":[113,0,14,14,14,49,49,83,83,111,146,146,177,204,204,775,825,841,0,0],"floor_reached":19,"language":"ZHS","playtime":444,"items_purged":[],"score":847,"play_id":"6e582c89-0ffb-4ed8-bb4f-649dd2baefff","local_time":"20210216233543","daily_mods":["SealedDeck","Vintage","Red Cards","Purple Cards","Colorless Cards","Heirloom","Time Dilation","Flight","DeadlyEvents","Elite Swarm","Lethality","Binary"],"is_ascension_mode":true,"campfire_choices":[{"data":"Shrug It Off","floor":7,"key":"SMITH"},{"data":"Replay:Bootleg Shield Generator","floor":12,"key":"SMITH"},{"data":"Evaluate","floor":15,"key":"SMITH"}],"circlet_count":0,"master_deck":["AscendersBane","Bomb","WheelKick+1","Run Through","ReachHeaven","Evaluate+1","ReplayTheSpireMod:Corrosion Curse","Iron Wave","Shrug It Off+1","Anger","Replay:Undeath\u0027s Touch","Sword Boomerang","REME_Fury+1","Replay:Bootleg Shield Generator+1"],"relics":["Burning Blood","Busted Crown","HushsDoor","REME_ComplimentaryCards","replay:Trail_Library","hubris:AstralHammer","SatanicBible","MaYiHuaBei","Dota2Spire:Desolator","Boot","Anchor","Replay:Kaleidoscope","AnarchistCookbook","Replay:WaspNest","Tiny Chest","Matryoshka","Oddly Smooth Stone","Tiny House","Blue Doll","Omamori"],"acts_visited":["Exordium","TheCity"],"potions_floor_usage":[16],"damage_taken":[{"damage":0,"enemies":"Jaw Worm","floor":1,"turns":2},{"damage":0,"enemies":"conspire:RoseBush","floor":3,"turns":2},{"damage":0,"enemies":"3 Sentries","floor":6,"turns":3},{"damage":0,"enemies":"Lagavulin","floor":8,"turns":2},{"damage":0,"enemies":"3 Sentries","floor":10,"turns":2},{"damage":0,"enemies":"Gremlin Nob","floor":11,"turns":2},{"damage":0,"enemies":"Lagavulin","floor":13,"turns":2},{"damage":0,"enemies":"Gremlin Nob","floor":14,"turns":2},{"damage":0,"enemies":"The Guardian","floor":16,"turns":3},{"damage":0,"enemies":"Chosen","floor":18,"turns":2}],"seed_played":"-5107379145944613258","potions_obtained":[{"floor":10,"key":"GamblersBrew"},{"floor":11,"key":"Dota2Spire:HealingSalve"},{"floor":13,"key":"PowerPotion"},{"floor":17,"key":"CultistPotion"}],"is_trial":true,"path_per_floor":["M","$","M","?","?","E","R","E","T","E","E","R","E","E","R","B",null,"M","$"],"character_chosen":"IRONCLAD","items_purchased":["Dota2Spire:Desolator","Omamori"],"campfire_rested":0,"item_purchase_floors":[2,19],"current_hp_per_floor":[74,74,75,75,75,75,75,75,75,75,75,75,75,75,75,75,80,80,80,80],"gold":0,"neow_bonus":"","is_daily":false,"chose_seed":false,"campfire_upgraded":3,"win_rate":0.0,"timestamp":1613489743,"path_taken":["M","$","M","?","?","E","R","E","T","E","?","R","E","E","R","BOSS","M","$"],"items_purchased_type":["Relic","Relic"],"build_version":"2020-12-18","purchased_purges":0,"victory":false,"max_hp_per_floor":[75,75,75,75,75,75,75,75,75,75,75,75,75,75,75,75,80,80,80,80],"card_choices":[{"not_picked":[],"picked":"Bomb","floor":0}],"player_experience":704784,"relics_obtained":[{"floor":1,"key":"MaYiHuaBei"},{"floor":3,"key":"Boot"},{"floor":6,"key":"Anchor"},{"floor":8,"key":"Replay:Kaleidoscope"},{"floor":9,"key":"AnarchistCookbook"},{"floor":10,"key":"Replay:WaspNest"},{"floor":11,"key":"Tiny Chest"},{"floor":13,"key":"Matryoshka"},{"floor":14,"key":"Oddly Smooth Stone"},{"floor":18,"key":"Blue Doll"}],"event_choices":[{"damage_healed":0,"gold_gain":0,"player_choice":"Agree","damage_taken":0,"max_hp_gain":0,"max_hp_loss":0,"event_name":"conspire:LoneGhost","floor":4,"gold_loss":0},{"damage_healed":0,"gold_gain":0,"player_choice":"Grow","damage_taken":0,"max_hp_gain":0,"max_hp_loss":0,"event_name":"Living Wall","floor":5,"gold_loss":0,"cards_upgraded":["REME_Fury"]}],"is_beta":true,"boss_relics":[{"not_picked":["Mark of Pain","Empty Cage"],"picked":"Tiny House"},{"not_picked":[]}],"items_purged_floors":[],"is_endless":false,"potions_floor_spawned":[10,11,13,14,18],"ascension_level":20}}