{"host":"rzvepkyh9344fbo1","time":1613462423,"event":{"mods":["AchievementEnabler","Act Like it!","BaseMod","Better Third Choice","Colored Map","Colored Powertips","Curses Come First","Downfall","Evolution","Fox Events","Hermit","Highlight Path","Minty Spire (QoL Compilation)","Replay The Spire","Robot Space Explorer","Shade Mod","Shop Mod","StS++","StSLib","The Cursed","The Marked","The Necromancer"],"gold_per_floor":[115,115,115,128,140,165,165,190,190,223,238,271,226,244,244,349,349,363,379,379,56,120,151,151,182,182,182,197,209,5,25,25,126,126,144,144,144,244,34,69,69,69,69,82,82,99,132,147,147,147],"floor_reached":51,"language":"ENG","playtime":7913,"items_purged":["ReplayTheSpireMod:Splinters"],"score":1053,"play_id":"95ba7afe-f2cd-424b-b048-cd80473f7d5b","local_time":"20210216190023","is_ascension_mode":true,"campfire_choices":[{"data":"Collect","floor":7.0,"key":"SMITH"},{"data":"Vault","floor":15.0,"key":"SMITH"},{"data":"Halt","floor":24.0,"key":"SMITH"},{"floor":27,"key":"REST"},{"floor":32,"key":"REST"},{"data":"StSpp:Faith","floor":41,"key":"SMITH"},{"data":"Mayhem","floor":45,"key":"SMITH"},{"data":"Omniscience","floor":49,"key":"SMITH"}],"circlet_count":0,"master_deck":["Strike_P+1","Defend_P","Defend_P","Defend_P","Defend_P","Eruption","Vigilance","ConjureBlade+1","Collect+1","Perseverance","Tantrum","Replay:Battleflow","Halt+1","Meditate","Vault+1","Omniscience+1","Ragnarok+1","Thinking Ahead","Study","Replay:DivineShield","EmptyBody","Replay:AtTheReady+1","WreathOfFlame","MasterReality","Replay:DivineShield+1","Replay:Vibes+1","MentalFortress+1","Hallucinations","Hallucinations","CommonCold","StSpp:Faith+1","Wireheading","Mayhem+1","Normality","Clumsy","Adaptation+1"],"relics":["PureWater","EVO:Axolotl","Replay:Ringing Soul","Darkstone Periapt","MealTicket","FossilizedHelix","betterThird:SlimedRelic","Black Star","Nilry\u0027s Codex","Replay:Mystery Machine","Blue Doll","Bag of Preparation","Pet Ghost","Ornamental Fan","Ring of Misfortune","downfall:ExtraCursedKey","MerchantsRug","StSpp:BrokenTotem","StSpp:BoiledEgg","CaptainsWheel","Whetstone","Replay:Bottled Flurry","Mirror"],"acts_visited":["Exordium","TheCity","TheBeyond"],"potions_floor_usage":[25,31,33,33,33,35,48,48],"damage_taken":[{"damage":5.0,"enemies":"Small Slimes","floor":1.0,"turns":3.0},{"damage":0.0,"enemies":"2 Louse","floor":4.0,"turns":2.0},{"damage":0.0,"enemies":"Cultist","floor":5.0,"turns":3.0},{"damage":0.0,"enemies":"Lagavulin","floor":6.0,"turns":3.0},{"damage":12.0,"enemies":"Gremlin Nob","floor":8.0,"turns":2.0},{"damage":1.0,"enemies":"Lagavulin","floor":10.0,"turns":5.0},{"damage":3.0,"enemies":"Exordium Wildlife","floor":11.0,"turns":4.0},{"damage":16.0,"enemies":"3 Sentries","floor":12.0,"turns":6.0},{"damage":0.0,"enemies":"3 Louse","floor":14.0,"turns":4.0},{"damage":28.0,"enemies":"The Guardian","floor":16.0,"turns":6.0},{"damage":0.0,"enemies":"3 Byrds","floor":18.0,"turns":4.0},{"damage":24.0,"enemies":"Spheric Guardian","floor":19.0,"turns":6.0},{"damage":34.0,"enemies":"Slavers","floor":23.0,"turns":5.0},{"damage":38,"enemies":"Book of Stabbing","floor":25,"turns":13},{"damage":22,"enemies":"Snake Plant","floor":28,"turns":7},{"damage":0,"enemies":"3 Cultists","floor":29,"turns":5},{"damage":0,"enemies":"Cultist and Chosen","floor":31,"turns":5},{"damage":34,"enemies":"Champ","floor":33,"turns":8},{"damage":26,"enemies":"3 Darklings","floor":35,"turns":13},{"damage":22,"enemies":"Nemesis","floor":40,"turns":12},{"damage":0,"enemies":"3 Shapes","floor":44,"turns":4},{"damage":13,"enemies":"3 Darklings","floor":46,"turns":3},{"damage":0,"enemies":"Reptomancer","floor":47,"turns":3},{"damage":0,"enemies":"Spire Growth","floor":48,"turns":5},{"damage":40,"enemies":"Time Eater","floor":50,"turns":7}],"seed_played":"-2686198081619640530","potions_obtained":[{"floor":1.0,"key":"BottledMiracle"},{"floor":3.0,"key":"GamblersBrew"},{"floor":3.0,"key":"Death Potion"},{"floor":4.0,"key":"Fruit Juice"},{"floor":12.0,"key":"PowerPotion"},{"floor":16.0,"key":"Dexterity Potion"},{"floor":22.0,"key":"Fire Potion"},{"floor":28,"key":"sneckomod:MuddlingPotion"},{"floor":31,"key":"BlessingOfTheForge"},{"floor":33,"key":"Adrenaline Potion"},{"floor":40,"key":"Ancient Potion"},{"floor":46,"key":"StSpp:ScatteredWeakPotion"},{"floor":48,"key":"DistilledChaos"}],"is_trial":false,"path_per_floor":["M","?","?","M","M","E","R","E","T","E","M","E","?","M","R","B",null,"M","M","?","$","?","E","R","E","T","R","M","M","$","M","R","B",null,"M","?","?","?","$","E","R","?","T","M","R","M","E","M","R","B",null],"character_chosen":"WATCHER","items_purchased":["Ragnarok","Thinking Ahead","WreathOfFlame","Adrenaline Potion","AttackPotion","MerchantsRug","StSpp:BrokenTotem"],"campfire_rested":2,"item_purchase_floors":[21,21,30,30,30,39,39],"current_hp_per_floor":[60,60,60,65,65,68,68,56,56,58,58,45,34,34,34,9,85,85,61,45,63,72,41,41,6,6,36,17,17,35,35,67,36,115,89,89,98,113,128,109,109,112,127,127,127,114,114,117,117,77],"gold":147,"neow_bonus":"THREE_RARE_CARDS","is_daily":false,"chose_seed":false,"campfire_upgraded":6,"win_rate":0.0,"timestamp":1613462423,"path_taken":["M","?","?","?","M","E","R","E","T","E","M","E","?","M","R","BOSS","M","M","?","$","?","E","R","E","T","R","M","?","?","M","R","BOSS","M","?","?","?","$","E","R","?","T","M","R","M","E","M","R","BOSS"],"items_purchased_type":["Card","Card","Card","Potion","Potion","Relic","Relic"],"build_version":"2020-12-22","purchased_purges":1,"victory":true,"max_hp_per_floor":[65,65,65,70,70,73,73,73,73,76,79,82,82,82,82,85,85,85,85,85,88,97,100,100,103,103,103,106,106,109,109,109,112,115,115,115,124,139,139,142,142,145,160,160,160,160,160,163,163,163],"card_choices":[{"not_picked":["Judgement","Alpha"],"picked":"ConjureBlade","floor":0.0},{"not_picked":["ClearTheMind","PathToVictory"],"picked":"Collect","floor":1.0},{"not_picked":["Weave","Crescendo"],"picked":"Perseverance","floor":4.0},{"not_picked":["Prostrate","ClearTheMind"],"picked":"Tantrum","floor":5.0},{"not_picked":["CrushJoints","Replay:ManipulateFuture"],"picked":"Replay:Battleflow","floor":6.0},{"not_picked":["StSpp:Purify","FollowUp","PathToVictory"],"picked":"SKIP","floor":8.0},{"not_picked":["Replay:BluntJabs","InnerPeace","CutThroughFate","Replay:Cycle"],"picked":"Halt","floor":10.0},{"not_picked":["Replay:Hum","Protect","StSpp:Renounce","Prostrate"],"picked":"Meditate","floor":11.0},{"not_picked":["Replay:BluntJabs","Study","BowlingBash","Protect"],"picked":"Vault","floor":12.0},{"not_picked":["WheelKick","ClearTheMind","EmptyBody","ReachHeaven","SashWhip"],"picked":"SKIP","floor":14.0},{"not_picked":["StSpp:VitalPoint","Wish","Brilliance","ConjureBlade"],"picked":"Omniscience","floor":16.0},{"not_picked":["StSpp:Renounce","Prostrate","FlurryOfBlows","CrushJoints","Replay:Anticipation"],"picked":"SKIP","floor":18.0},{"not_picked":["FollowUp","JustLucky","EmptyFist","ThirdEye","InnerPeace"],"picked":"SKIP","floor":19.0},{"not_picked":["Evaluate+1","BattleHymn+1","SashWhip","JustLucky+1"],"picked":"Study","floor":22.0},{"not_picked":["Replay:AtTheReady","StSpp:VitalPoint","Replay:Anticipation","CutThroughFate"],"picked":"Replay:DivineShield","floor":23.0},{"not_picked":["InnerPeace","EmptyMind","Replay:Anticipation","FlurryOfBlows+1"],"picked":"EmptyBody","floor":25},{"not_picked":["CutThroughFate","CrushJoints","ClearTheMind","FollowUp+1"],"picked":"Replay:AtTheReady+1","floor":28},{"not_picked":["Replay:BluntJabs","Replay:Cycle","Replay:AtTheReady","Halt+1","StSpp:Chanting"],"picked":"SKIP","floor":29},{"not_picked":["Ragnarok","Replay:Battleflow","Replay:BluntJabs","WreathOfFlame","Meditate+1"],"picked":"SKIP","floor":31},{"not_picked":["StSpp:VitalPoint","Blasphemy","ConjureBlade","Replay:AllIn"],"picked":"MasterReality","floor":33},{"not_picked":["WheelKick","FearNoEvil","PathToVictory","Vengeance","Replay:AtTheReady+1"],"picked":"SKIP","floor":35},{"not_picked":["FearNoEvil+1","FlyingSleeves"],"picked":"Wireheading","floor":40},{"not_picked":["Magnetism","Metamorphosis"],"picked":"Mayhem","floor":42},{"not_picked":["EmptyFist+1","FlyingSleeves","Replay:ManipulateFuture"],"picked":"SKIP","floor":44},{"not_picked":["ReachHeaven","InnerPeace+1","SashWhip"],"picked":"SKIP","floor":46},{"not_picked":["JustLucky","Prostrate","EmptyMind+1"],"picked":"SKIP","floor":47},{"not_picked":["ThirdEye","EmptyBody+1"],"picked":"Adaptation+1","floor":48}],"player_experience":322685,"relics_obtained":[{"floor":6.0,"key":"Replay:Ringing Soul"},{"floor":8.0,"key":"StSpp:WoodenPendulum"},{"floor":9.0,"key":"Darkstone Periapt"},{"floor":10.0,"key":"MealTicket"},{"floor":12.0,"key":"FossilizedHelix"},{"floor":20.0,"key":"Nilry\u0027s Codex"},{"floor":22.0,"key":"Replay:Mystery Machine"},{"floor":23.0,"key":"Blue Doll"},{"floor":23.0,"key":"Bag of Preparation"},{"floor":25,"key":"Pet Ghost"},{"floor":25,"key":"Ornamental Fan"},{"floor":37,"key":"Ring of Misfortune"},{"floor":40,"key":"StSpp:BoiledEgg"},{"floor":40,"key":"CaptainsWheel"},{"floor":43,"key":"Whetstone"},{"floor":47,"key":"Replay:Bottled Flurry"},{"floor":47,"key":"Mirror"}],"event_choices":[{"damage_healed":0.0,"max_hp_gain":0.0,"max_hp_loss":0.0,"gold_gain":0.0,"event_name":"Living Wall","player_choice":"Grow","floor":2.0,"gold_loss":0.0,"damage_taken":0.0,"cards_upgraded":["ConjureBlade"]},{"damage_healed":0.0,"max_hp_gain":0.0,"max_hp_loss":0.0,"gold_gain":0.0,"event_name":"Lab","player_choice":"Got Potions","floor":3.0,"gold_loss":0.0,"damage_taken":0.0},{"damage_healed":0.0,"max_hp_gain":0.0,"max_hp_loss":0.0,"gold_gain":0.0,"event_name":"betterThird:BetterGoop","player_choice":"Slimed","floor":13.0,"gold_loss":45.0,"damage_taken":11.0},{"damage_healed":0.0,"max_hp_gain":0.0,"max_hp_loss":0.0,"gold_gain":0.0,"event_name":"Cursed Tome","player_choice":"Obtained Book","floor":20.0,"gold_loss":0.0,"damage_taken":16.0},{"damage_healed":0,"gold_gain":0,"player_choice":"Ignored","damage_taken":0,"max_hp_gain":0,"max_hp_loss":0,"event_name":"Mysterious Sphere","floor":36,"gold_loss":0},{"damage_healed":0,"gold_gain":0,"player_choice":"Memory 1","damage_taken":0,"max_hp_gain":0,"max_hp_loss":0,"event_name":"SensoryStone","floor":42,"gold_loss":0}],"is_beta":false,"boss_relics":[{"not_picked":["Ectoplasm","ChewingGum"],"picked":"Black Star"},{"not_picked":["Cursed Key","ReplayTheSpireMod:DimensionalGlitch"],"picked":"Astrolabe"}],"items_purged_floors":[30],"is_endless":false,"potions_floor_spawned":[1,4,12,16,28,31,33,40,46,48],"ascension_level":2}}