{"host":"06t6i6dwlvtvdxau","time":1613484773,"event":{"mods":["BaseMod","BetterRewards","Colored Map","Colored Powertips","GifTheSpireLib","Hermit","Minty Spire (QoL Compilation)","Quick Restart","Shop Mod","StSLib"],"gold_per_floor":[117,127,146,166,166,166,181,181,181],"floor_reached":8,"language":"FRA","playtime":323,"items_purged":["Strike_B"],"score":88,"play_id":"02770b8c-fdce-4038-9ebc-3ae74f7484c9","local_time":"20210216151253","is_ascension_mode":true,"campfire_choices":[{"data":"Fusion","floor":6,"key":"SMITH"}],"circlet_count":0,"master_deck":["AscendersBane","Strike_B","Strike_B","Strike_B","Defend_B","Defend_B","Defend_B","Defend_B","Zap","Dualcast","Self Repair","Fusion+1","Gash","Go for the Eyes"],"relics":["Cracked Core","NlothsMask"],"acts_visited":["Exordium"],"potions_floor_usage":[4,8],"damage_taken":[{"damage":5,"enemies":"Cultist","floor":1,"turns":4},{"damage":13,"enemies":"Small Slimes","floor":2,"turns":3},{"damage":18,"enemies":"Jaw Worm","floor":3,"turns":6},{"damage":11,"enemies":"Blue Slaver","floor":4,"turns":4},{"damage":20,"enemies":"2 Fungi Beasts","floor":7,"turns":4},{"damage":10,"enemies":"Gremlin Nob","floor":8,"turns":3}],"seed_played":"5787027392462264352","potions_obtained":[{"floor":1,"key":"Strength Potion"},{"floor":3,"key":"DuplicationPotion"},{"floor":7,"key":"FocusPotion"}],"is_trial":false,"path_per_floor":["M","M","M","M","?","R","M","E"],"character_chosen":"DEFECT","items_purchased":["Self Repair"],"campfire_rested":0,"item_purchase_floors":[0],"current_hp_per_floor":[58,52,41,37,37,37,24,14,14],"gold":181,"neow_bonus":"","is_daily":false,"chose_seed":false,"campfire_upgraded":1,"win_rate":0.0,"timestamp":1613484773,"path_taken":["M","?","M","M","?","R","M","E"],"items_purchased_type":["Card"],"build_version":"2020-12-22","purchased_purges":1,"victory":false,"max_hp_per_floor":[71,71,71,71,71,71,71,71,71],"card_choices":[{"not_picked":["Force Field","Leap"],"picked":"Fusion","floor":1},{"not_picked":["Darkness","Leap","Go for the Eyes"],"picked":"SKIP","floor":2},{"not_picked":["Steam","Chaos"],"picked":"Gash","floor":3},{"not_picked":["Conserve Battery","Barrage","Sunder"],"picked":"SKIP","floor":4},{"not_picked":["Scrape","Tempest"],"picked":"Go for the Eyes","floor":7}],"player_experience":795534,"relics_obtained":[],"event_choices":[{"damage_healed":0,"gold_gain":0,"player_choice":"Trade","damage_taken":0,"relics_obtained":["NlothsMask"],"max_hp_gain":0,"max_hp_loss":0,"event_name":"FaceTrader","floor":5,"gold_loss":0}],"is_beta":false,"boss_relics":[],"items_purged_floors":[0],"is_endless":false,"potions_floor_spawned":[1,3,7],"killed_by":"Gremlin Nob","ascension_level":15}}