{"host":"ifd7sfhtlbe34qll","time":1613498603,"event":{"mods":["2.2 Compatiblity","Act Like it!","Ascension Unlocker","BaseMod","Block Reminder","Colored Map","Curses Come First","Downfall","Highlight Path","Minty Spire (QoL Compilation)","Potion Indicator Mod","Quick Restart","Random Character Button","Relic Stats","StSLib","SuperFastMode"],"gold_per_floor":[99,114,126,126,137,168,168,44,44,74,93,78,78,78,90,167,167,167,178,189,189,189,224,305,321,340,340,373,373,373,163,179,257,257,57,67,77,77,97,125,125,174,204,222,222,235,135,185,204,204,204,234,3,3,3,3],"floor_reached":57,"language":"ENG","playtime":6102,"items_purged":["Slimebound:Strike_Slimebound","Slimebound:Defend_Slimebound"],"score":2202,"play_id":"67314c15-6be6-40ef-9e56-1e462301fc83","local_time":"20210216120323","is_ascension_mode":true,"campfire_choices":[{"data":"Slimebound:Split","floor":1.0,"key":"SMITH"},{"data":"Slimebound:ForwardTackle","floor":9.0,"key":"SMITH"},{"data":"Slimebound:DuplicatedForm","floor":13,"key":"SMITH"},{"data":"Slimebound:RainOfGoop","floor":18,"key":"SMITH"},{"data":"Slimebound:MassFeed","floor":35,"key":"SMITH"},{"floor":45,"key":"RECALL"},{"data":"Ghostly","floor":47,"key":"SMITH"},{"data":"Ghostly","floor":54,"key":"SMITH"}],"circlet_count":0,"master_deck":["AscendersBane","Slimebound:Defend_Slimebound","Slimebound:Split+1","Slimebound:CorrosiveSpit","Slimebound:Nibble","Slimebound:Prepare","Slimebound:SplitBruiser","Slimebound:WasteNot","Slimebound:ForwardTackle+1","Slimebound:RainOfGoop+1","Slimebound:DuplicatedForm+1","Slimebound:SlimeBrawl","Slimebound:LeechLife","Slimebound:SlimeSpikes","Slimebound:LeechLife","Slimebound:SlimeBrawl","Slimebound:LevelUp","Slimebound:MassFeed+1","Slimebound:Schlurp+1","Ghostly+1","Ghostly+1","Ghostly","Slimebound:Prepare","Slimebound:SlimeSlap","Slimebound:LevelUp+1","Slimebound:SplitMire+1","Slimebound:SlimeBrawl","Slimebound:SlimeBrawl","Slimebound:LivingWall","Slimebound:DisruptingSlam+1"],"relics":["Slimebound:AbsorbEndCombat","Omamori","hexamod:CandleOfCauterizing","Tiny Chest","Incense Burner","Snecko Eye","The Courier","Bottled Lightning","WingedGreaves","Darkstone Periapt","ClockworkSouvenir","Coffee Dripper","downfall:HeartBlessingGreen","downfall:HeartBlessingBlue","Molten Egg 2","FossilizedHelix","Dream Catcher","Du-Vu Doll","Juzu Bracelet","downfall:HeartBlessingRed","hexamod:BolsterEngine","Blue Candle","Slimebound:MaxSlimesRelic"],"acts_visited":["Exordium","TheCity","TheBeyond","TheEnding"],"potions_floor_usage":[10,16,23,23,23,26,28,33,40,56],"damage_taken":[{"damage":7.0,"enemies":"Small Slimes","floor":2.0,"turns":4.0},{"damage":0.0,"enemies":"Cultist","floor":3.0,"turns":4.0},{"damage":2.0,"enemies":"Jaw Worm","floor":5.0,"turns":3.0},{"damage":2.0,"enemies":"Lagavulin","floor":6.0,"turns":5.0},{"damage":3.0,"enemies":"downfall:FleeingMerchant","floor":8.0,"turns":4.0},{"damage":15,"enemies":"3 Sentries","floor":10,"turns":4},{"damage":6,"enemies":"2 Fungi Beasts","floor":11,"turns":3},{"damage":11,"enemies":"downfall:FleeingMerchant","floor":12,"turns":4},{"damage":26,"enemies":"Large Slime","floor":15,"turns":5},{"damage":31,"enemies":"SI_SHIV_ARCHETYPE","floor":16,"turns":5},{"damage":1,"enemies":"Chosen","floor":19,"turns":3},{"damage":17,"enemies":"downfall:LooterAlt2","floor":20,"turns":2},{"damage":18,"enemies":"Book of Stabbing","floor":23,"turns":3},{"damage":15,"enemies":"Snecko","floor":25,"turns":2},{"damage":30,"enemies":"Cultist and Chosen","floor":26,"turns":4},{"damage":77,"enemies":"Slavers","floor":28,"turns":5},{"damage":20,"enemies":"downfall:FleeingMerchant","floor":31,"turns":4},{"damage":4,"enemies":"Centurion and Healer","floor":32,"turns":6},{"damage":25,"enemies":"WA_ARCHETYPE_CALM","floor":33,"turns":8},{"damage":2,"enemies":"3 Shapes","floor":36,"turns":4},{"damage":1,"enemies":"Orb Walker","floor":37,"turns":2},{"damage":2,"enemies":"Sphere and 2 Shapes","floor":39,"turns":6},{"damage":12,"enemies":"Giant Head","floor":40,"turns":5},{"damage":1,"enemies":"2 Orb Walkers","floor":42,"turns":3},{"damage":0,"enemies":"Nemesis","floor":43,"turns":5},{"damage":0,"enemies":"Writhing Mass","floor":44,"turns":3},{"damage":0,"enemies":"Maw","floor":46,"turns":5},{"damage":0,"enemies":"Spire Growth","floor":49,"turns":2},{"damage":1,"enemies":"IC_BLOCK_ARCHETYPE","floor":50,"turns":6},{"damage":0,"enemies":"downfall:CharBossMerchant","floor":52,"turns":5},{"damage":59,"enemies":"downfall:NeowBoss","floor":55,"turns":18},{"damage":4,"enemies":"downfall:NeowBossFinal","floor":56,"turns":5}],"seed_played":"-37120184233782030","potions_obtained":[{"floor":2.0,"key":"Explosive Potion"},{"floor":5.0,"key":"FearPotion"},{"floor":11,"key":"Slimebound:SlimyTonguePotion"},{"floor":15,"key":"EntropicBrew"},{"floor":16,"key":"champ:CounterPotion"},{"floor":23,"key":"EssenceOfSteel"},{"floor":26,"key":"Regen Potion"},{"floor":33,"key":"ColorlessPotion"},{"floor":37,"key":"Strength Potion"},{"floor":40,"key":"Slimebound:SlimedPotion"}],"is_trial":false,"path_per_floor":["R","M","M","?","M","E","T","$","R","E","M","$","R","?","M","B",null,"R","M","M","?","T","E","T","M","M","?","E","?","T","$","M","B",null,"R","M","M","T","M","E","T","?","E","M","R","M","R","T","M","B",null,"E","$","R","B","B",null],"character_chosen":"SLIMEBOUND","items_purchased":["Slimebound:RainOfGoop","ClockworkSouvenir","Slimebound:MaxSlimesRelic","Slimebound:DisruptingSlam+1"],"campfire_rested":0,"item_purchase_floors":[8,31,53,53],"current_hp_per_floor":[53,50,56,56,59,59,59,58,58,47,47,44,44,44,42,46,56,56,59,59,43,43,64,64,67,64,64,39,35,35,35,41,44,44,54,62,66,66,70,70,70,78,82,82,82,86,86,86,86,86,86,86,86,86,43,62],"gold":3,"neow_bonus":"RANDOM_COMMON_RELIC","is_daily":false,"chose_seed":false,"campfire_upgraded":7,"win_rate":0.0,"timestamp":1613498603,"path_taken":["R","M","M","?","M","E","T","$","R","E","M","?","R","?","M","BOSS","R","M","M","?","?","E","T","M","?","?","E","?","?","$","M","BOSS","R","M","M","?","?","E","T","?","E","M","R","M","R","?","M","BOSS","E","$","R","BOSS","BOSS"],"items_purchased_type":["Card","Relic","Relic","Card"],"build_version":"2020-12-22","purchased_purges":2,"victory":true,"max_hp_per_floor":[59,59,59,59,59,59,59,59,59,59,59,59,59,59,59,59,59,59,59,59,64,64,64,64,67,67,67,70,35,35,35,41,44,44,54,62,66,66,70,70,70,78,82,82,82,86,86,86,86,86,86,86,86,86,86,86],"relic_stats":{"Darkstone Periapt":0,"Dream Catcher":0,"counters":[32,146],"Blue Candle":[7],"Snecko Eye":[193,194,195,183],"Tiny Chest":3,"Juzu Bracelet":0,"obtain_stats":[{"Darkstone Periapt":30,"hexamod:CandleOfCauterizing":6,"downfall:HeartBlessingRed":47,"Blue Candle":52,"downfall:HeartBlessingGreen":35,"The Courier":22,"Omamori":0,"Incense Burner":10,"Juzu Bracelet":43,"ClockworkSouvenir":31,"Du-Vu Doll":42,"Dream Catcher":41,"Slimebound:MaxSlimesRelic":53,"downfall:HeartBlessingBlue":35,"Snecko Eye":17,"Tiny Chest":7,"Molten Egg 2":38,"WingedGreaves":28,"Slimebound:AbsorbEndCombat":0,"Coffee Dripper":34,"Bottled Lightning":23,"hexamod:BolsterEngine":48,"FossilizedHelix":40},{"Darkstone Periapt":16,"hexamod:CandleOfCauterizing":4,"downfall:HeartBlessingRed":27,"Blue Candle":30,"downfall:HeartBlessingGreen":19,"The Courier":12,"Omamori":0,"Incense Burner":6,"Juzu Bracelet":25,"ClockworkSouvenir":17,"Du-Vu Doll":24,"Dream Catcher":23,"Slimebound:MaxSlimesRelic":30,"downfall:HeartBlessingBlue":19,"Snecko Eye":10,"Tiny Chest":4,"Molten Egg 2":21,"WingedGreaves":16,"Slimebound:AbsorbEndCombat":0,"Coffee Dripper":19,"Bottled Lightning":13,"hexamod:BolsterEngine":27,"FossilizedHelix":23},{"Darkstone Periapt":59,"hexamod:CandleOfCauterizing":16,"downfall:HeartBlessingRed":110,"Blue Candle":123,"downfall:HeartBlessingGreen":77,"The Courier":45,"Omamori":0,"Incense Burner":23,"Juzu Bracelet":102,"ClockworkSouvenir":63,"Du-Vu Doll":97,"Dream Catcher":94,"Slimebound:MaxSlimesRelic":123,"downfall:HeartBlessingBlue":77,"Snecko Eye":40,"Tiny Chest":16,"Molten Egg 2":83,"WingedGreaves":59,"Slimebound:AbsorbEndCombat":0,"Coffee Dripper":77,"Bottled Lightning":48,"hexamod:BolsterEngine":110,"FossilizedHelix":94}]},"card_choices":[{"not_picked":["Slimebound:DivideAndConquer","Slimebound:Prepare"],"picked":"Slimebound:Nibble","floor":2.0},{"not_picked":["Slimebound:GoopSpray","Slimebound:HauntingLick"],"picked":"Slimebound:Prepare","floor":3.0},{"not_picked":["Slimebound:Schlurp","Slimebound:Prepare"],"picked":"Slimebound:SplitBruiser","floor":5.0},{"not_picked":["Slimebound:LivingWall","Slimebound:LeechEnergy"],"picked":"Slimebound:WasteNot","floor":6.0},{"not_picked":["Slimebound:ProtectTheBoss","Slimebound:FormOfPuddle"],"picked":"Slimebound:ForwardTackle","floor":8.0},{"not_picked":["Slimebound:PressTheAttack","Slimebound:SamplingLick"],"picked":"Slimebound:DuplicatedForm","floor":10},{"not_picked":["Slimebound:FinishingTackle","Slimebound:SplitMire"],"picked":"Slimebound:SlimeBrawl","floor":11},{"not_picked":["Slimebound:PressTheAttack","Slimebound:Schlurp"],"picked":"Slimebound:LeechLife","floor":12},{"not_picked":["Slimebound:SlimeTap","Slimebound:SplitBruiser"],"picked":"Slimebound:SlimeSpikes","floor":15},{"not_picked":["Slimebound:OozeBath","Slimebound:WasteNot"],"picked":"Slimebound:LeechLife","floor":16},{"not_picked":["Slimebound:RejuvenatingLick","Slimebound:ItLooksTasty"],"picked":"Slimebound:SlimeBrawl","floor":19},{"not_picked":["Slimebound:GoopSpray","Slimebound:FinishingTackle"],"picked":"Slimebound:LevelUp","floor":20},{"not_picked":["Slimebound:Schlurp","Slimebound:GoopSpray"],"picked":"Slimebound:MassFeed","floor":23},{"not_picked":["Slimebound:ItLooksTasty","Slimebound:SlimeSpikes","Slimebound:SamplingLick"],"picked":"SKIP","floor":25},{"not_picked":["Slimebound:ItLooksTasty","Slimebound:SlimeSpikes","Slimebound:SamplingLick"],"picked":"SKIP","floor":25},{"not_picked":["Slimebound:GoopTackle","Slimebound:LeechingTouch","Slimebound:RollThrough"],"picked":"SKIP","floor":26},{"not_picked":["Slimebound:Chomp","Slimebound:SamplingLick"],"picked":"Slimebound:Schlurp+1","floor":28},{"not_picked":["Slimebound:ProtectTheBoss","Slimebound:SplitAcid","Slimebound:SplitBruiser"],"picked":"SKIP","floor":31},{"not_picked":["Slimebound:ProtectTheBoss","Slimebound:PressTheAttack+1"],"picked":"Slimebound:Prepare","floor":32},{"not_picked":["Slimebound:CheckThePlaybook","Slimebound:SelfFormingGoo"],"picked":"Slimebound:SlimeSlap","floor":33},{"not_picked":["Slimebound:PressTheAttack","Slimebound:TongueLash","Slimebound:FinishingTackle"],"picked":"SKIP","floor":36},{"not_picked":["Slimebound:LeechEnergy+1","Slimebound:RollThrough"],"picked":"Slimebound:LevelUp+1","floor":37},{"not_picked":["Slimebound:SplitAcid+1","Slimebound:HauntingLick"],"picked":"Slimebound:SplitMire+1","floor":39},{"not_picked":["Slimebound:Gluttony","Slimebound:FlameTackle+1","Slimebound:Nibble+1"],"picked":"SKIP","floor":40},{"not_picked":["Slimebound:LeadByExample","Slimebound:RejuvenatingLick+1"],"picked":"Slimebound:SlimeBrawl","floor":43},{"not_picked":["Slimebound:LeadByExample","Slimebound:SlimeSpikes"],"picked":"Slimebound:SlimeBrawl","floor":44},{"not_picked":["Slimebound:FinishingTackle+1","Slimebound:LeechEnergy+1","Slimebound:ComboTackle+1"],"picked":"SKIP","floor":46},{"not_picked":["Slimebound:CheckThePlaybook","Slimebound:GoopSpray"],"picked":"Slimebound:LivingWall","floor":49},{"not_picked":["Slimebound:LeechEnergy+1","Slimebound:Nibble+1","Slimebound:SamplingLick"],"picked":"SKIP","floor":52}],"player_experience":1732611,"relics_obtained":[{"floor":6.0,"key":"hexamod:CandleOfCauterizing"},{"floor":7.0,"key":"Tiny Chest"},{"floor":10,"key":"Incense Burner"},{"floor":22,"key":"The Courier"},{"floor":23,"key":"Bottled Lightning"},{"floor":28,"key":"WingedGreaves"},{"floor":30,"key":"Darkstone Periapt"},{"floor":38,"key":"Molten Egg 2"},{"floor":40,"key":"FossilizedHelix"},{"floor":41,"key":"Dream Catcher"},{"floor":42,"key":"Du-Vu Doll"},{"floor":43,"key":"Juzu Bracelet"},{"floor":48,"key":"hexamod:BolsterEngine"},{"floor":52,"key":"Blue Candle"}],"event_choices":[{"cards_removed":["Slimebound:Strike_Slimebound"],"damage_healed":0,"gold_gain":0,"player_choice":"Card Removal","damage_taken":0,"max_hp_gain":0,"max_hp_loss":0,"event_name":"Wheel of Change","floor":14,"gold_loss":0},{"damage_healed":0,"gold_gain":0,"player_choice":"Became a Ghost","damage_taken":0,"max_hp_gain":0,"max_hp_loss":35,"event_name":"Ghosts","floor":29,"gold_loss":0,"cards_obtained":["Ghostly","Ghostly","Ghostly"]},{"damage_healed":0,"gold_gain":0,"player_choice":"Fight","damage_taken":0,"max_hp_gain":0,"max_hp_loss":0,"event_name":"Mysterious Sphere","floor":42,"gold_loss":0}],"is_beta":false,"boss_relics":[{"not_picked":["Black Star","SlaversCollar"],"picked":"Snecko Eye"},{"not_picked":["expansioncontent:StudyCardRelic","Runic Pyramid"],"picked":"Coffee Dripper"}],"items_purged_floors":[8,31],"is_endless":false,"potions_floor_spawned":[2,5,11,15,16,20,23,26,33,37,40,44,49],"ascension_level":15}}