{"host":"lxu17chzujqn8whl","time":1613499987,"event":{"mods":["BaseMod","Minty Spire (QoL Compilation)","Relic Stats","StSLib"],"gold_per_floor":[113,188,488,37,57,57,90,110,110,110,22,48,68,99,99,194,194,212,31,31,58,69,141,141,179,179,196,196,212,212,241,241,241,241],"floor_reached":33,"language":"ENG","playtime":1009,"items_purged":["Strike_R"],"score":303,"play_id":"495dcb67-3cb3-4428-9349-ae47039b140d","local_time":"20210216102627","is_ascension_mode":false,"campfire_choices":[{"data":"Rampage","floor":6,"key":"SMITH"},{"data":"Immolate","floor":15,"key":"SMITH"},{"floor":24,"key":"RECALL"},{"data":"HandOfGreed","floor":30,"key":"SMITH"},{"data":"Demon Form","floor":32,"key":"SMITH"}],"circlet_count":0,"master_deck":["Strike_R+1","Strike_R+1","Strike_R+1","Strike_R+1","Defend_R+1","Defend_R+1","Defend_R+1","Defend_R+1","Bash","Rampage+1","Inflame","Pommel Strike","Heavy Blade","Cleave","Iron Wave","Bandage Up","Inflame","Inflame","Immolate+1","Sword Boomerang+1","HandOfGreed+1","Flame Barrier","Heavy Blade","Infernal Blade+1","Metallicize+1","Heavy Blade+1","Flame Barrier","Pummel","Demon Form+1","Shrug It Off"],"relics":["Burning Blood","Old Coin","MealTicket","Dream Catcher","Prayer Wheel","Pocketwatch","Magic Flower","Tiny Chest","Philosopher\u0027s Stone","Red Mask","Oddly Smooth Stone","Matryoshka","Blood Vial"],"acts_visited":["Exordium","TheCity"],"potions_floor_usage":[12,16,33],"damage_taken":[{"damage":6,"enemies":"Cultist","floor":1,"turns":3},{"damage":5,"enemies":"Small Slimes","floor":5,"turns":4},{"damage":36,"enemies":"Lagavulin","floor":7,"turns":5},{"damage":13,"enemies":"Jaw Worm","floor":8,"turns":3},{"damage":17,"enemies":"3 Sentries","floor":12,"turns":5},{"damage":12,"enemies":"Exordium Wildlife","floor":13,"turns":3},{"damage":31,"enemies":"Lagavulin","floor":14,"turns":6},{"damage":59,"enemies":"Hexaghost","floor":16,"turns":7},{"damage":7,"enemies":"Chosen","floor":18,"turns":3},{"damage":12,"enemies":"Masked Bandits","floor":21,"turns":2},{"damage":14,"enemies":"Shell Parasite","floor":22,"turns":3},{"damage":29,"enemies":"Slavers","floor":23,"turns":5},{"damage":0,"enemies":"Chosen and Byrds","floor":25,"turns":3},{"damage":7,"enemies":"Snecko","floor":27,"turns":3},{"damage":16,"enemies":"Shelled Parasite and Fungi","floor":29,"turns":3},{"damage":22,"enemies":"Book of Stabbing","floor":31,"turns":4},{"damage":84,"enemies":"Automaton","floor":33,"turns":6}],"seed_played":"-184569999902260422","potions_obtained":[{"floor":5,"key":"ColorlessPotion"},{"floor":13,"key":"DistilledChaos"},{"floor":14,"key":"ElixirPotion"},{"floor":22,"key":"FearPotion"},{"floor":29,"key":"AttackPotion"}],"is_trial":false,"path_per_floor":["M","?","?","$","M","R","E","M","T","?","$","E","M","E","R","B",null,"M","$","?","?","M","E","R","M","T","M","?","M","R","E","R","B"],"character_chosen":"IRONCLAD","items_purchased":["Inflame","MealTicket","Dream Catcher","Bandage Up","HandOfGreed"],"campfire_rested":0,"item_purchase_floors":[4,4,4,11,19],"current_hp_per_floor":[88,77,74,74,75,75,45,38,38,67,82,75,78,62,62,18,88,88,88,88,85,86,66,66,81,81,83,83,82,82,75,75,0,0],"gold":241,"neow_bonus":"TEN_PERCENT_HP_BONUS","is_daily":false,"chose_seed":false,"campfire_upgraded":4,"win_rate":0.0,"timestamp":1613499987,"path_taken":["M","?","?","$","M","R","E","M","T","?","?","E","M","E","R","BOSS","M","$","?","?","M","E","R","M","T","M","?","M","R","E","R","BOSS"],"items_purchased_type":["Card","Relic","Relic","Card","Card"],"build_version":"2020-12-22","purchased_purges":1,"victory":false,"max_hp_per_floor":[88,88,88,88,88,88,88,88,88,88,88,88,88,88,88,88,88,88,88,88,88,88,88,88,88,88,88,88,88,88,88,88,88,88],"relic_stats":{"Blood Vial":3,"Dream Catcher":0,"counters":[17,68],"Magic Flower":[49],"MealTicket":15,"Prayer Wheel":7,"Tiny Chest":0,"obtain_stats":[{"Magic Flower":12,"Oddly Smooth Stone":23,"Burning Blood":0,"Old Coin":3,"Blood Vial":31,"Dream Catcher":4,"Matryoshka":26,"MealTicket":4,"Prayer Wheel":7,"Tiny Chest":14,"Philosopher\u0027s Stone":17,"Red Mask":21,"Pocketwatch":9},{"Magic Flower":5,"Oddly Smooth Stone":12,"Burning Blood":0,"Old Coin":1,"Blood Vial":16,"Dream Catcher":1,"Matryoshka":13,"MealTicket":1,"Prayer Wheel":3,"Tiny Chest":7,"Philosopher\u0027s Stone":8,"Red Mask":10,"Pocketwatch":4},{"Magic Flower":20,"Oddly Smooth Stone":49,"Burning Blood":0,"Old Coin":3,"Blood Vial":62,"Dream Catcher":3,"Matryoshka":52,"MealTicket":3,"Prayer Wheel":12,"Tiny Chest":29,"Philosopher\u0027s Stone":36,"Red Mask":41,"Pocketwatch":15}],"Burning Blood":121,"Pocketwatch":[66]},"card_choices":[{"not_picked":["Sword Boomerang","Heavy Blade"],"picked":"Rampage","floor":1},{"not_picked":["Infernal Blade","Bloodletting"],"picked":"Pommel Strike","floor":5},{"not_picked":["Dark Embrace","Clash"],"picked":"Heavy Blade","floor":7},{"not_picked":["Pommel Strike","Perfected Strike"],"picked":"Cleave","floor":8},{"not_picked":["Pommel Strike","Sever Soul"],"picked":"Iron Wave","floor":8},{"not_picked":["Body Slam","Battle Trance","Rage"],"picked":"SKIP","floor":12},{"not_picked":["Armaments","Spot Weakness"],"picked":"Inflame","floor":13},{"not_picked":["Searing Blow","Armaments"],"picked":"Inflame","floor":13},{"not_picked":["Disarm","Rampage"],"picked":"Immolate","floor":14},{"not_picked":["Infernal Blade","Feel No Pain"],"picked":"Sword Boomerang+1","floor":18},{"not_picked":["Thunderclap","Reckless Charge","Body Slam"],"picked":"SKIP","floor":18},{"not_picked":["Fire Breathing","Sever Soul"],"picked":"Flame Barrier","floor":21},{"not_picked":["Second Wind+1","Headbutt"],"picked":"Heavy Blade","floor":22},{"not_picked":["Armaments","Intimidate+1"],"picked":"Infernal Blade+1","floor":22},{"not_picked":["Thunderclap+1","Iron Wave","Heavy Blade"],"picked":"SKIP","floor":23},{"not_picked":["Dropkick","Flex"],"picked":"Metallicize+1","floor":25},{"not_picked":["Pommel Strike+1","Dark Embrace+1","Armaments"],"picked":"SKIP","floor":25},{"not_picked":["Searing Blow+1","Warcry+1"],"picked":"Heavy Blade+1","floor":27},{"not_picked":["Searing Blow","Anger"],"picked":"Flame Barrier","floor":27},{"not_picked":["Shrug It Off","Clash"],"picked":"Pummel","floor":29},{"not_picked":["Inflame","Dark Embrace+1"],"picked":"Demon Form","floor":29},{"not_picked":["Searing Blow","True Grit"],"picked":"Shrug It Off","floor":31}],"player_experience":694528,"relics_obtained":[{"floor":7,"key":"Prayer Wheel"},{"floor":9,"key":"Pocketwatch"},{"floor":12,"key":"Magic Flower"},{"floor":14,"key":"Tiny Chest"},{"floor":21,"key":"Red Mask"},{"floor":23,"key":"Oddly Smooth Stone"},{"floor":26,"key":"Matryoshka"},{"floor":31,"key":"Blood Vial"}],"event_choices":[{"damage_healed":0,"gold_gain":75,"player_choice":"Gather Gold","damage_taken":11,"max_hp_gain":0,"max_hp_loss":0,"event_name":"World of Goop","floor":2,"gold_loss":0},{"damage_healed":0,"gold_gain":0,"player_choice":"Success","damage_taken":3,"relics_obtained":["Old Coin"],"max_hp_gain":0,"max_hp_loss":0,"event_name":"Scrap Ooze","floor":3,"gold_loss":0},{"damage_healed":29,"gold_gain":0,"player_choice":"Banana","damage_taken":0,"max_hp_gain":0,"max_hp_loss":0,"event_name":"Big Fish","floor":10,"gold_loss":0},{"damage_healed":0,"gold_gain":0,"player_choice":"Simplicity","damage_taken":0,"max_hp_gain":0,"max_hp_loss":0,"event_name":"Back to Basics","floor":20,"gold_loss":0,"cards_upgraded":["Strike_R","Strike_R","Strike_R","Strike_R","Defend_R","Defend_R","Defend_R","Defend_R"]},{"damage_healed":0,"gold_gain":0,"player_choice":"Fought Bandits","damage_taken":0,"max_hp_gain":0,"max_hp_loss":0,"event_name":"Masked Bandits","floor":21,"gold_loss":0},{"damage_healed":0,"gold_gain":0,"player_choice":"Ignored","damage_taken":0,"max_hp_gain":0,"max_hp_loss":0,"event_name":"Ghosts","floor":28,"gold_loss":0}],"is_beta":false,"boss_relics":[{"not_picked":["Runic Dome","Fusion Hammer"],"picked":"Philosopher\u0027s Stone"}],"items_purged_floors":[4],"is_endless":false,"potions_floor_spawned":[5,13,14,22,29],"killed_by":"Automaton","ascension_level":0}}