{"host":"8d3fefv2347kqkpz","time":1613436441,"event":{"mods":["AchievementEnabler","Aspiration","BaseMod","Better Vampires","BetterRewards","Colored Map","Colored Powertips","Downfall","Emptier Cage","Highlight Path","Marked Mod","Minty Spire (QoL Compilation)","Quick Restart","Rare Cards Sparkle","Relic Stats","Spicy Shops","StSLib","Waifu the Spire"],"gold_per_floor":[99,115,133,133,133,133,133,33,50,70,220,220,239,49,66,168,168,168,178,178,192,192,192,192,92,110,110,110,120,145,192,209,311,311,311,326,345,361,378,410,410,423,423,323,336,50,50,62,80,80,80,113,113,113,113,113],"floor_reached":57,"language":"ZHS","playtime":3467,"items_purged":["sneckomod:Strike","sneckomod:Defend","sneckomod:Unknown"],"score":1248,"play_id":"01c7cfdc-ec86-4617-8605-f80075e8c741","local_time":"20210216084721","is_ascension_mode":false,"campfire_choices":[{"floor":1.0,"key":"RECALL"},{"data":"sneckomod:SnekBite","floor":8.0,"key":"SMITH"},{"data":"sneckomod:TailWhip","floor":12.0,"key":"SMITH"},{"data":"sneckomod:UnlimitedRolls","floor":18.0,"key":"SMITH"},{"data":"sneckomod:Rotation","floor":25.0,"key":"SMITH"},{"data":"sneckomod:SoulDraw","floor":28.0,"key":"SMITH"},{"data":"sneckomod:UnknownRareAttack","floor":35.0,"key":"SMITH"},{"data":"sneckomod:Defend","floor":44.0,"key":"SMITH"},{"data":"sneckomod:Defend","floor":47.0,"key":"SMITH"},{"data":"sneckomod:SnakeSap","floor":54,"key":"SMITH"}],"circlet_count":0,"master_deck":["sneckomod:Defend+1","sneckomod:Defend+1","sneckomod:TailWhip+1","sneckomod:SnekBite+1","sneckomod:Unknown","sneckomod:Unknown2Cost","sneckomod:SoulDraw+1","sneckomod:SnakeSap+1","sneckomod:UnlimitedRolls+1","sneckomod:Rotation+1","sneckomod:SoulRoll+1","sneckomod:UnknownRareAttack+1","sneckomod:SoulRoll+1","sneckomod:SnakeSap+1","sneckomod:QuickBite+1"],"relics":["sneckomod:SneckoSoul","White Beast Statue","Shuriken","downfall:HeartBlessingRed","Coffee Dripper","downfall:HeartBlessingBlue","TungstenRod","Oddly Smooth Stone","Prayer Wheel","Pantograph","downfall:HeartBlessingGreen","ClockworkSouvenir","Gremlin Horn"],"acts_visited":["Exordium","TheCity","TheBeyond","TheEnding"],"potions_floor_usage":[56,56,56],"damage_taken":[{"damage":1.0,"enemies":"Jaw Worm","floor":2.0,"turns":3.0},{"damage":0.0,"enemies":"2 Louse","floor":3.0,"turns":2.0},{"damage":0.0,"enemies":"Cultist","floor":9.0,"turns":3.0},{"damage":1.0,"enemies":"Red Slaver","floor":10.0,"turns":3.0},{"damage":0.0,"enemies":"2 Fungi Beasts","floor":13.0,"turns":2.0},{"damage":1.0,"enemies":"downfall:FleeingMerchant","floor":14.0,"turns":4.0},{"damage":7.0,"enemies":"Large Slime","floor":15.0,"turns":3.0},{"damage":14.0,"enemies":"WA_ARCHETYPE_RETAIN","floor":16.0,"turns":4.0},{"damage":1.0,"enemies":"Chosen","floor":19.0,"turns":3.0},{"damage":7.0,"enemies":"downfall:LooterAlt2","floor":21.0,"turns":2.0},{"damage":0.0,"enemies":"Sentry and Sphere","floor":26.0,"turns":3.0},{"damage":12.0,"enemies":"Snake Plant","floor":29.0,"turns":5.0},{"damage":19.0,"enemies":"Gremlin Leader","floor":30.0,"turns":3.0},{"damage":0.0,"enemies":"3 Cultists","floor":32.0,"turns":3.0},{"damage":1.0,"enemies":"DF_ARCHETYPE_CLAW","floor":33.0,"turns":3.0},{"damage":8.0,"enemies":"Orb Walker","floor":36.0,"turns":3.0},{"damage":6.0,"enemies":"3 Darklings","floor":37.0,"turns":5.0},{"damage":0.0,"enemies":"Maw","floor":38.0,"turns":4.0},{"damage":0.0,"enemies":"Transient","floor":39.0,"turns":5.0},{"damage":27.0,"enemies":"Reptomancer","floor":40.0,"turns":5.0},{"damage":8.0,"enemies":"3 Darklings","floor":42.0,"turns":2.0},{"damage":0.0,"enemies":"Jaw Worm Horde","floor":45.0,"turns":2.0},{"damage":0.0,"enemies":"downfall:FleeingMerchant","floor":46.0,"turns":4.0},{"damage":0.0,"enemies":"Maw","floor":48.0,"turns":3.0},{"damage":0,"enemies":"Writhing Mass","floor":49,"turns":3},{"damage":3,"enemies":"IC_BLOCK_ARCHETYPE","floor":50,"turns":6},{"damage":0,"enemies":"downfall:CharBossMerchant","floor":52,"turns":3},{"damage":8,"enemies":"downfall:NeowBoss","floor":55,"turns":7},{"damage":49,"enemies":"downfall:NeowBossFinal","floor":56,"turns":9}],"seed_played":"2755447912656879943","potions_obtained":[{"floor":9.0,"key":"Strength Potion"},{"floor":10.0,"key":"DuplicationPotion"},{"floor":13.0,"key":"ColorlessPotion"},{"floor":14.0,"key":"Dexterity Potion"},{"floor":30.0,"key":"EssenceOfSteel"},{"floor":32.0,"key":"LiquidMemories"},{"floor":38.0,"key":"Strength Potion"},{"floor":40.0,"key":"SpeedPotion"},{"floor":42.0,"key":"SteroidPotion"},{"floor":45.0,"key":"champ:CounterPotion"},{"floor":46.0,"key":"DuplicationPotion"},{"floor":48.0,"key":"Energy Potion"}],"is_trial":false,"path_per_floor":["R","M","M","?","?","?","T","R","M","M","?","R","M","$","M","B",null,"R","M","?","M","?","?","T","R","M","?","R","M","E","T","M","B",null,"R","M","M","M","M","E","T","M","?","R","M","$","R","M","M","B",null,"E","$","R","B","B",null],"character_chosen":"THE_SNECKO","items_purchased":["ClockworkSouvenir"],"campfire_rested":0,"item_purchase_floors":[46],"current_hp_per_floor":[99,98,98,91,91,91,91,91,91,90,90,90,90,89,82,68,99,99,99,91,84,84,84,84,94,94,94,94,82,63,63,63,62,109,109,101,95,102,102,89,89,81,81,81,102,102,102,102,102,106,109,109,109,109,101,60],"gold":113,"neow_bonus":"TEN_PERCENT_HP_BONUS","is_daily":false,"chose_seed":false,"campfire_upgraded":9,"win_rate":0.0,"timestamp":1613436441,"path_taken":["R","M","M","?","?","?","T","R","M","M","?","R","?","?","M","BOSS","R","M","?","M","?","?","T","R","M","?","R","?","E","?","M","BOSS","R","M","?","M","?","E","T","M","?","R","M","$","R","M","M","BOSS","E","$","R","BOSS","BOSS"],"items_purchased_type":["Relic"],"build_version":"2020-12-22","purchased_purges":3,"victory":true,"max_hp_per_floor":[99,99,99,99,99,99,99,99,99,99,99,99,99,99,99,99,99,99,99,99,99,99,99,99,109,109,109,109,109,109,109,109,109,109,109,109,109,109,109,109,109,109,109,109,109,109,109,109,109,109,109,109,109,109,109,109],"relic_stats":{"Gremlin Horn":[5,5],"counters":[29,107],"Shuriken":[93],"Pantograph":15,"Prayer Wheel":4,"obtain_stats":[{"downfall:HeartBlessingRed":8,"Gremlin Horn":52,"Oddly Smooth Stone":31,"downfall:HeartBlessingGreen":44,"sneckomod:SneckoSoul":0,"White Beast Statue":4,"aspiration:FrozenJewel":7,"ClockworkSouvenir":46,"Shuriken":6,"downfall:HeartBlessingBlue":25,"Pantograph":41,"Prayer Wheel":40,"Coffee Dripper":17,"TungstenRod":30},{"downfall:HeartBlessingRed":2,"Gremlin Horn":27,"Oddly Smooth Stone":13,"downfall:HeartBlessingGreen":21,"sneckomod:SneckoSoul":0,"White Beast Statue":2,"aspiration:FrozenJewel":2,"ClockworkSouvenir":23,"Shuriken":2,"downfall:HeartBlessingBlue":10,"Pantograph":20,"Prayer Wheel":20,"Coffee Dripper":8,"TungstenRod":13},{"downfall:HeartBlessingRed":5,"Gremlin Horn":91,"Oddly Smooth Stone":40,"downfall:HeartBlessingGreen":70,"sneckomod:SneckoSoul":0,"White Beast Statue":5,"aspiration:FrozenJewel":5,"ClockworkSouvenir":76,"Shuriken":5,"downfall:HeartBlessingBlue":29,"Pantograph":68,"Prayer Wheel":68,"Coffee Dripper":24,"TungstenRod":40}],"TungstenRod":17},"card_choices":[{"not_picked":["sneckomod:UnknownDraw","sneckomod:UnknownExhaust","sneckomod:DiceBlock"],"picked":"SKIP","floor":2.0},{"not_picked":["sneckomod:SoulDraw","sneckomod:UnknownCommonSkill"],"picked":"sneckomod:Unknown2Cost","floor":3.0},{"not_picked":["sneckomod:DiceBlock","sneckomod:Unknown1Cost","sneckomod:UnknownBlock"],"picked":"SKIP","floor":9.0},{"not_picked":["sneckomod:IronFang","sneckomod:RainOfDice","sneckomod:ImprovisedAttack"],"picked":"SKIP","floor":10.0},{"not_picked":["sneckomod:IronFang","sneckomod:UnknownCommonAttack"],"picked":"sneckomod:SoulDraw","floor":13.0},{"not_picked":["sneckomod:Memorize","sneckomod:QuickMove"],"picked":"sneckomod:SnakeSap","floor":14.0},{"not_picked":["sneckomod:UnknownBlock","sneckomod:UnknownUncommonSkill","sneckomod:UnknownDraw"],"picked":"SKIP","floor":15.0},{"not_picked":["sneckomod:UnknownRareAttack","sneckomod:Cheat"],"picked":"sneckomod:UnlimitedRolls","floor":16.0},{"not_picked":["sneckomod:Nope","sneckomod:UnknownUncommonSkill","sneckomod:UnendingSupply+1"],"picked":"SKIP","floor":19.0},{"not_picked":["sneckomod:DefensiveFlair","sneckomod:RainOfDice"],"picked":"sneckomod:Rotation","floor":20.0},{"not_picked":["sneckomod:SlitherStrike+1","sneckomod:QuickMove","sneckomod:UnknownStrike"],"picked":"SKIP","floor":21.0},{"not_picked":["sneckomod:QuickMove","sneckomod:Cheat"],"picked":"sneckomod:SoulRoll","floor":26.0},{"not_picked":["sneckomod:UnknownDraw","sneckomod:UnknownClassBLUE","sneckomod:IronFang"],"picked":"SKIP","floor":29.0},{"not_picked":["sneckomod:Nope","sneckomod:UnknownCommonSkill","sneckomod:Unknown1Cost"],"picked":"SKIP","floor":30.0},{"not_picked":["sneckomod:SnekBeam+1","sneckomod:UnknownX","sneckomod:UnknownBlock"],"picked":"SKIP","floor":32.0},{"not_picked":["sneckomod:UnknownRarePower","sneckomod:DangerNoodle"],"picked":"sneckomod:UnknownRareAttack","floor":33.0},{"not_picked":["sneckomod:RainOfDice","sneckomod:ImprovisedAttack+1","sneckomod:DiceBlock+1"],"picked":"SKIP","floor":36.0},{"not_picked":["sneckomod:DiceCrush","sneckomod:UnknownUncommonSkill","sneckomod:RainOfDice+1"],"picked":"SKIP","floor":37.0},{"not_picked":["sneckomod:UnknownClassRED+1","sneckomod:UnknownBlock+1","sneckomod:UnknownClassGREEN"],"picked":"SKIP","floor":38.0},{"not_picked":["sneckomod:UnknownClassGREEN","sneckomod:SerpentMind"],"picked":"sneckomod:SoulRoll+1","floor":39.0},{"not_picked":["sneckomod:QuickMove","sneckomod:UnknownVulnerable","sneckomod:DiceBlock"],"picked":"SKIP","floor":40.0},{"not_picked":["sneckomod:UnknownClassRED","sneckomod:SoulDraw+1"],"picked":"sneckomod:SnakeSap+1","floor":42.0},{"not_picked":["sneckomod:UnknownBlock+1","sneckomod:RainOfDice","sneckomod:DiceCrush+1"],"picked":"SKIP","floor":42.0},{"not_picked":["sneckomod:ImprovisedAttack+1","sneckomod:UnlimitedRolls"],"picked":"sneckomod:QuickBite+1","floor":45.0},{"not_picked":["sneckomod:WideSting","sneckomod:SnekBeam+1","sneckomod:Unknown1Cost+1"],"picked":"SKIP","floor":45.0},{"not_picked":["sneckomod:UnknownCommonSkill","sneckomod:IronFang","sneckomod:PureSnecko+1"],"picked":"SKIP","floor":46.0},{"not_picked":["sneckomod:PureSnecko+1","sneckomod:UnknownWeak+1","sneckomod:WideSting"],"picked":"SKIP","floor":48.0},{"not_picked":["sneckomod:UnknownExhaust+1","sneckomod:UnendingSupply+1","sneckomod:UnknownClassRED"],"picked":"SKIP","floor":48.0},{"not_picked":["sneckomod:IronFang+1","sneckomod:UnknownUncommonPower","sneckomod:UnknownDraw+1"],"picked":"SKIP","floor":49},{"not_picked":["sneckomod:RainOfDice+1","sneckomod:UnknownClassGREEN","sneckomod:SoulDraw+1"],"picked":"SKIP","floor":49},{"not_picked":["sneckomod:Memorize+1","sneckomod:SoulRoll","sneckomod:UnknownClassBLUE+1"],"picked":"SKIP","floor":52}],"player_experience":409940,"relics_obtained":[{"floor":7.0,"key":"aspiration:FrozenJewel"},{"floor":30.0,"key":"TungstenRod"},{"floor":31.0,"key":"Oddly Smooth Stone"},{"floor":40.0,"key":"Prayer Wheel"},{"floor":41.0,"key":"Pantograph"},{"floor":52,"key":"Gremlin Horn"}],"event_choices":[{"damage_healed":0.0,"max_hp_gain":0.0,"max_hp_loss":0.0,"gold_gain":0.0,"event_name":"Scrap Ooze","player_choice":"Success","floor":4.0,"gold_loss":0.0,"damage_taken":7.0,"relics_obtained":["White Beast Statue"]},{"damage_healed":0.0,"max_hp_gain":0.0,"max_hp_loss":0.0,"gold_gain":0.0,"event_name":"Accursed Blacksmith","player_choice":"Forge","floor":27.0,"gold_loss":0.0,"damage_taken":0.0,"cards_upgraded":["sneckomod:SoulRoll"]}],"is_beta":false,"boss_relics":[{"not_picked":["Calling Bell","aspiration:FutureDiary"],"picked":"Coffee Dripper"},{"not_picked":["Busted Crown","aspiration:WatcherSkillbook","Pandora\u0027s Box"]}],"items_purged_floors":[14,14,46],"is_endless":false,"potions_floor_spawned":[9,10,13,14,15,16,19,21,26,29,30,32,33,36,37,38,39,40,42,45,46,48,49,52],"ascension_level":0}}