{"host":"kbjkhl8b8ylq2ux5","time":1613456518,"event":{"mods":["BaseMod","Colored Map","Colored Powertips","Downfall","Highlight Path","Ironclad Rager","Minty Spire (QoL Compilation)","Quick Restart","Random Character Button","StSLib","SuperFastMode"],"gold_per_floor":[115,135,155,155,80,80,80,80,80,80,93,109,138,153,153,254,254,266,266,266,281,25,54,68,83,106,106,124,124,49,63,63,162,162,179,193,193,193,193,193,222,234,288,317,317,335,335,192,192,192,192,192,117,144,144,144,144],"floor_reached":55,"language":"ENG","playtime":5295,"items_purged":["Slimebound:Tackle","Slimebound:CheckThePlaybook"],"score":722,"play_id":"20ca4090-82e5-4659-9844-7a3cf2a0054e","local_time":"20210216012158","is_ascension_mode":false,"campfire_choices":[{"floor":6.0,"key":"RECALL"},{"data":"Slimebound:OozeBath","floor":8.0,"key":"SMITH"},{"data":"Slimebound:Split","floor":10.0,"key":"SMITH"},{"data":"Slimebound:GoopSpray","floor":15.0,"key":"SMITH"},{"floor":27.0,"key":"REST"},{"floor":29.0,"key":"REST"},{"floor":32.0,"key":"REST"},{"floor":40.0,"key":"REST"},{"floor":45.0,"key":"REST"},{"floor":49.0,"key":"REST"},{"data":"Slimebound:RollThrough","floor":52.0,"key":"SMITH"}],"circlet_count":0,"master_deck":["Slimebound:Split+1","Slimebound:CorrosiveSpit","Slimebound:SplitLeeching","Slimebound:OozeBath+1","Slimebound:GoopSpray+1","Slimebound:LivingWall","Slimebound:SplitBruiser","Slimebound:DivideAndConquer","Slimebound:CheckThePlaybook+1","Slimebound:Dissolve","Slimebound:MassRepurpose+1","Slimebound:RollThrough+1","Slimebound:OozeBath+1","Slimebound:Equalize","Slimebound:Teamwork","Slimebound:PressTheAttack","Flash of Steel","Slimebound:RollThrough","Slimebound:MinionMaster","Slimebound:OozeBath","Slimebound:Schlurp"],"relics":["Slimebound:AbsorbEndCombat","NeowsBlessing","Slimebound:MaxSlimesRelic","Pandora\u0027s Box","War Paint","Blood Vial","Nunchaku","SlaversCollar","Blue Candle","Centennial Puzzle","Bag of Marbles","Oddly Smooth Stone","Lizard Tail"],"acts_visited":["Exordium","TheCity","TheBeyond","TheEnding"],"potions_floor_usage":[],"damage_taken":[{"damage":0.0,"enemies":"Jaw Worm","floor":1.0,"turns":1.0},{"damage":0.0,"enemies":"Cultist","floor":2.0,"turns":1.0},{"damage":0.0,"enemies":"Small Slimes","floor":3.0,"turns":1.0},{"damage":9.0,"enemies":"Looter","floor":11.0,"turns":3.0},{"damage":6.0,"enemies":"Blue Slaver","floor":12.0,"turns":4.0},{"damage":17.0,"enemies":"3 Sentries","floor":13.0,"turns":12.0},{"damage":7.0,"enemies":"Large Slime","floor":14.0,"turns":5.0},{"damage":15.0,"enemies":"Hexaghost","floor":16.0,"turns":14.0},{"damage":12.0,"enemies":"Shell Parasite","floor":18.0,"turns":4.0},{"damage":14.0,"enemies":"2 Thieves","floor":21.0,"turns":3.0},{"damage":49.0,"enemies":"Slavers","floor":23.0,"turns":4.0},{"damage":3.0,"enemies":"Snake Plant","floor":24.0,"turns":2.0},{"damage":10.0,"enemies":"Centurion and Healer","floor":25.0,"turns":3.0},{"damage":22.0,"enemies":"Cultist and Chosen","floor":28.0,"turns":3.0},{"damage":0.0,"enemies":"Sentry and Sphere","floor":31.0,"turns":3.0},{"damage":21.0,"enemies":"Collector","floor":33.0,"turns":7.0},{"damage":38.0,"enemies":"3 Darklings","floor":35.0,"turns":3.0},{"damage":10.0,"enemies":"3 Shapes","floor":36.0,"turns":4.0},{"damage":24.0,"enemies":"Giant Head","floor":41.0,"turns":8.0},{"damage":16.0,"enemies":"Jaw Worm Horde","floor":42.0,"turns":4.0},{"damage":18.0,"enemies":"Nemesis","floor":44.0,"turns":3.0},{"damage":30.0,"enemies":"Transient","floor":46.0,"turns":5.0},{"damage":4.0,"enemies":"Time Eater","floor":50.0,"turns":6.0},{"damage":63.0,"enemies":"Shield and Spear","floor":54.0,"turns":8.0},{"damage":85,"enemies":"The Heart","floor":55,"turns":6}],"seed_played":"6542430534325053458","potions_obtained":[{"floor":1.0,"key":"LiquidBronze"},{"floor":11.0,"key":"Explosive Potion"},{"floor":13.0,"key":"AttackPotion"},{"floor":28.0,"key":"FearPotion"},{"floor":31.0,"key":"SpeedPotion"},{"floor":41.0,"key":"LiquidBronze"}],"is_trial":false,"path_per_floor":["M","M","M","?","$","R","?","R","T","R","M","M","E","M","R","B",null,"M","?","?","M","$","E","M","M","T","R","M","R","?","M","R","B",null,"M","M","?","?","?","R","E","M","T","E","R","M","?","$","R","B",null,"R","$","E","B"],"character_chosen":"SLIMEBOUND","items_purchased":["War Paint","Slimebound:MinionMaster","Slimebound:OozeBath"],"campfire_rested":6,"item_purchase_floors":[22,48,53],"current_hp_per_floor":[65,65,65,70,70,70,70,70,70,70,63,63,50,47,47,40,70,58,58,58,52,52,7,6,2,2,23,3,24,24,32,53,42,70,38,36,36,36,31,52,46,40,40,28,49,31,31,31,52,50,70,70,70,17,0,0,0],"gold":144,"neow_bonus":"THREE_ENEMY_KILL","is_daily":false,"chose_seed":false,"campfire_upgraded":4,"win_rate":0.0,"timestamp":1613456518,"path_taken":["M","M","M","?","$","R","?","R","T","R","M","?","E","M","R","BOSS","M","?","?","M","$","E","M","?","T","R","M","R","?","M","R","BOSS","M","M","?","?","?","R","E","M","T","E","R","M","?","$","R","BOSS","R","$","E","BOSS"],"items_purchased_type":["Relic","Card","Card"],"build_version":"2020-12-22","purchased_purges":2,"victory":false,"max_hp_per_floor":[65,65,65,70,70,70,70,70,70,70,70,70,70,70,70,70,70,70,70,70,70,70,70,70,70,70,70,70,70,70,70,70,70,70,70,70,70,70,70,70,70,70,70,70,70,70,70,70,70,70,70,70,70,70,70,70,70],"card_choices":[{"not_picked":["Slimebound:ServeAndProtect","Slimebound:SplitBruiser"],"picked":"Slimebound:SplitLeeching","floor":1.0},{"not_picked":["Slimebound:LeechingTouch","Slimebound:TongueLash","Slimebound:GrowthPunch"],"picked":"SKIP","floor":2.0},{"not_picked":["Slimebound:SlimeBarrage","Slimebound:SlimeBrawl","Slimebound:SplitBruiser"],"picked":"SKIP","floor":3.0},{"not_picked":["Slimebound:SlimeBarrage","Slimebound:SplitBruiser","Slimebound:SplitAcid"],"picked":"SKIP","floor":11.0},{"not_picked":["Slimebound:MassFeed","Slimebound:SlimeBrawl","Slimebound:RollThrough"],"picked":"SKIP","floor":12.0},{"not_picked":["Slimebound:RejuvenatingLick","Slimebound:Chomp","Slimebound:ItLooksTasty"],"picked":"SKIP","floor":13.0},{"not_picked":["Slimebound:LivingWall","Slimebound:Grow"],"picked":"Slimebound:GoopSpray","floor":14.0},{"not_picked":["Slimebound:ForwardTackle+1","Slimebound:ItLooksTasty","Slimebound:LeechingTouch+1"],"picked":"SKIP","floor":18.0},{"not_picked":["Slimebound:PressTheAttack","Slimebound:DisruptingSlam+1","Slimebound:SplitAcid"],"picked":"SKIP","floor":21.0},{"not_picked":["Slimebound:FlameTackle+1","Slimebound:GrowthPunch","Slimebound:SplitLeeching"],"picked":"SKIP","floor":23.0},{"not_picked":["Slimebound:Equalize","Slimebound:GoopSpray","Slimebound:SplitBruiser+1"],"picked":"SKIP","floor":24.0},{"not_picked":["Slimebound:LeechEnergy","Slimebound:SplitMire"],"picked":"Slimebound:BestDefense","floor":25.0},{"not_picked":["Slimebound:LeechingTouch","Slimebound:LeadByExample"],"picked":"Slimebound:Equalize","floor":28.0},{"not_picked":["Slimebound:LeadByExample+1","Slimebound:DisruptingSlam","Slimebound:ItLooksTasty"],"picked":"SKIP","floor":31.0},{"not_picked":["Slimebound:LeechLife","Slimebound:SelfFormingGoo"],"picked":"Slimebound:Teamwork","floor":33.0},{"not_picked":["Slimebound:GoopTackle","Slimebound:TongueLash+1"],"picked":"Slimebound:PressTheAttack","floor":35.0},{"not_picked":["Slimebound:ViciousTackle","Slimebound:Dissolve","Slimebound:AcidTongue"],"picked":"SKIP","floor":36.0},{"not_picked":["Swift Strike","Forethought"],"picked":"Flash of Steel","floor":38.0},{"not_picked":["Slimebound:SplitLeeching","Slimebound:ViciousTackle+1"],"picked":"Slimebound:RollThrough","floor":41.0},{"not_picked":["Slimebound:ComboTackle","Slimebound:ProtectTheBoss+1","Slimebound:Prepare"],"picked":"SKIP","floor":42.0},{"not_picked":["Slimebound:SplitBruiser","Slimebound:FlameTackle","Slimebound:ItLooksTasty"],"picked":"SKIP","floor":44.0},{"not_picked":["Slimebound:ProtectTheBoss+1","Slimebound:Equalize+1","Slimebound:LeechingTouch"],"picked":"SKIP","floor":46.0},{"not_picked":["Slimebound:RejuvenatingLick","Slimebound:Replication"],"picked":"Slimebound:Schlurp","floor":54.0}],"player_experience":132815,"relics_obtained":[{"floor":13.0,"key":"Slimebound:MaxSlimesRelic"},{"floor":23.0,"key":"Blood Vial"},{"floor":26.0,"key":"Nunchaku"},{"floor":41.0,"key":"Centennial Puzzle"},{"floor":43.0,"key":"Bag of Marbles"},{"floor":44.0,"key":"Oddly Smooth Stone"},{"floor":54.0,"key":"Lizard Tail"}],"event_choices":[{"damage_healed":0.0,"max_hp_gain":5.0,"max_hp_loss":0.0,"gold_gain":0.0,"event_name":"Big Fish","player_choice":"Donut","floor":4.0,"gold_loss":0.0,"damage_taken":0.0},{"damage_healed":0.0,"max_hp_gain":0.0,"max_hp_loss":0.0,"gold_gain":0.0,"event_name":"Match and Keep!","player_choice":"1 cards matched","floor":7.0,"gold_loss":0.0,"damage_taken":0.0,"cards_obtained":["Slimebound:OozeBath"]},{"damage_healed":0.0,"max_hp_gain":0.0,"max_hp_loss":0.0,"gold_gain":0.0,"event_name":"The Library","player_choice":"Read","floor":19.0,"gold_loss":0.0,"damage_taken":0.0,"cards_obtained":["Slimebound:RollThrough"]},{"damage_healed":0.0,"max_hp_gain":0.0,"max_hp_loss":0.0,"gold_gain":0.0,"event_name":"Duplicator","player_choice":"Copied","floor":20.0,"gold_loss":0.0,"damage_taken":0.0,"cards_obtained":["Slimebound:OozeBath"]},{"cards_removed":["Slimebound:BestDefense"],"damage_healed":0.0,"max_hp_gain":0.0,"max_hp_loss":0.0,"gold_gain":0.0,"event_name":"Beggar","player_choice":"Gave Gold","floor":30.0,"gold_loss":75.0,"damage_taken":0.0},{"damage_healed":0.0,"max_hp_gain":0.0,"max_hp_loss":0.0,"gold_gain":0.0,"event_name":"Mysterious Sphere","player_choice":"Ignored","floor":37.0,"gold_loss":0.0,"damage_taken":0.0},{"damage_healed":0.0,"max_hp_gain":0.0,"max_hp_loss":0.0,"gold_gain":0.0,"event_name":"SensoryStone","player_choice":"Memory 1","floor":38.0,"gold_loss":0.0,"damage_taken":0.0},{"damage_healed":0.0,"max_hp_gain":0.0,"max_hp_loss":0.0,"gold_gain":0.0,"event_name":"NoteForYourself","player_choice":"Ignored","floor":47.0,"gold_loss":0.0,"damage_taken":0.0}],"is_beta":false,"boss_relics":[{"not_picked":["Fusion Hammer","Cursed Key"],"picked":"Pandora\u0027s Box"},{"not_picked":["Runic Pyramid","Empty Cage"],"picked":"SlaversCollar"}],"items_purged_floors":[5,22],"is_endless":false,"potions_floor_spawned":[1,11,13,16,23,24,28,31,41,42,46,54],"killed_by":"The Heart","ascension_level":0}}