{"host":"7yyoe0ei0fseceei","time":1613513266,"event":{"mods":["BaseMod","Colored Map","Highlight Path","Minty Spire (QoL Compilation)","Quick Restart"],"gold_per_floor":[116,41,91,5,24,56,56,16,16,16,26,58,73,92,92,168,168,184,184,21,21,21,49,49,64,64,64,82,82,82],"floor_reached":29,"language":"ENG","playtime":1140,"items_purged":[],"score":497,"play_id":"b26cff60-a2de-4d8a-87d0-3f570c98de7d","local_time":"20210216230746","is_ascension_mode":true,"campfire_choices":[{"floor":7.0,"key":"REST"},{"data":"Wallop","floor":10.0,"key":"SMITH"},{"floor":15.0,"key":"REST"},{"data":"Scrawl","floor":24,"key":"SMITH"},{"floor":27,"key":"REST"}],"circlet_count":0,"master_deck":["AscendersBane","Eruption","Vigilance","FlurryOfBlows","FollowUp","EmptyFist","Wallop+1","Vengeance","InnerPeace","Adaptation","BowlingBash","Judgement","Nirvana","Meditate","Scrawl+1","ClearTheMind","DevaForm","Weave","Establishment+1","ClearTheMind","Writhe","ForeignInfluence","FearNoEvil","CrushJoints"],"relics":["PureWater","Toy Ornithopter","Nunchaku","Ornamental Fan","Damaru","Pandora\u0027s Box","Orichalcum","Centennial Puzzle","Question Card","InkBottle"],"acts_visited":["Exordium","TheCity"],"potions_floor_usage":[28],"damage_taken":[{"damage":9.0,"enemies":"Jaw Worm","floor":1.0,"turns":5.0},{"damage":3.0,"enemies":"Small Slimes","floor":5.0,"turns":3.0},{"damage":54.0,"enemies":"3 Sentries","floor":6.0,"turns":11.0},{"damage":0.0,"enemies":"Cultist","floor":11.0,"turns":2.0},{"damage":0.0,"enemies":"Gremlin Nob","floor":12.0,"turns":3.0},{"damage":3.0,"enemies":"Lots of Slimes","floor":13.0,"turns":2.0},{"damage":0.0,"enemies":"3 Louse","floor":14.0,"turns":3.0},{"damage":29.0,"enemies":"Slime Boss","floor":16.0,"turns":9.0},{"damage":0.0,"enemies":"3 Byrds","floor":18.0,"turns":2.0},{"damage":0.0,"enemies":"Masked Bandits","floor":19.0,"turns":1.0},{"damage":28.0,"enemies":"Book of Stabbing","floor":23.0,"turns":4.0},{"damage":2,"enemies":"Shell Parasite","floor":25,"turns":3},{"damage":38,"enemies":"Snake Plant","floor":28,"turns":4},{"damage":34,"enemies":"Shelled Parasite and Fungi","floor":29,"turns":3}],"seed_played":"4813761630877438523","potions_obtained":[{"floor":6.0,"key":"SmokeBomb"},{"floor":11.0,"key":"Explosive Potion"},{"floor":16.0,"key":"Strength Potion"},{"floor":25,"key":"Regen Potion"}],"is_trial":false,"path_per_floor":["M","?","?","$","M","E","R","$","T","R","M","E","M","M","R","B",null,"M","?","$","?","?","E","R","M","T","R","M","M"],"character_chosen":"WATCHER","items_purchased":["Regen Potion","Wallop","Orichalcum"],"campfire_rested":3,"item_purchase_floors":[4,8,20],"current_hp_per_floor":[52,52,46,46,43,9,29,29,29,29,29,29,31,31,51,22,57,57,62,62,62,62,34,34,32,32,52,31,0,0],"gold":82,"neow_bonus":"RANDOM_COMMON_RELIC","is_daily":false,"chose_seed":false,"campfire_upgraded":2,"win_rate":0.0,"timestamp":1613513266,"path_taken":["M","?","?","$","?","E","R","$","T","R","M","E","M","?","R","BOSS","M","?","$","?","?","E","R","M","T","R","M","M"],"items_purchased_type":["Potion","Card","Relic"],"build_version":"2020-12-22","purchased_purges":0,"victory":false,"max_hp_per_floor":[68,68,68,68,68,68,68,68,68,68,68,68,68,68,68,68,68,68,68,68,68,68,68,68,68,68,68,68,68,68],"card_choices":[{"not_picked":["DeceiveReality","PathToVictory"],"picked":"FlurryOfBlows","floor":1.0},{"not_picked":["ThirdEye","Prostrate"],"picked":"FollowUp","floor":5.0},{"not_picked":["JustLucky","BowlingBash"],"picked":"EmptyFist","floor":6.0},{"not_picked":["ClearTheMind","Blasphemy"],"picked":"Vengeance","floor":11.0},{"not_picked":["EmptyFist","EmptyMind"],"picked":"InnerPeace","floor":12.0},{"not_picked":["ThirdEye","FlyingSleeves"],"picked":"Adaptation","floor":13.0},{"not_picked":["PathToVictory","CutThroughFate"],"picked":"BowlingBash","floor":14.0},{"not_picked":["DevaForm","Devotion"],"picked":"Judgement","floor":16.0},{"not_picked":["Pray","EmptyBody"],"picked":"ClearTheMind","floor":18.0},{"not_picked":["SandsOfTime","Prostrate"],"picked":"ForeignInfluence","floor":23.0},{"not_picked":["Collect","ClearTheMind","Prostrate"],"picked":"FearNoEvil","floor":25},{"not_picked":["FlyingSleeves","SashWhip","MentalFortress"],"picked":"CrushJoints","floor":28}],"player_experience":929233,"relics_obtained":[{"floor":6.0,"key":"Nunchaku"},{"floor":9.0,"key":"Ornamental Fan"},{"floor":12.0,"key":"Damaru"},{"floor":23.0,"key":"Question Card"},{"floor":26,"key":"InkBottle"}],"event_choices":[{"cards_removed":["Defend_P"],"damage_healed":0.0,"max_hp_gain":0.0,"max_hp_loss":0.0,"gold_gain":0.0,"event_name":"The Cleric","player_choice":"Card Removal","floor":2.0,"gold_loss":75.0,"damage_taken":0.0},{"damage_healed":0.0,"max_hp_gain":0.0,"max_hp_loss":0.0,"gold_gain":50.0,"event_name":"FaceTrader","player_choice":"Touch","floor":3.0,"gold_loss":0.0,"damage_taken":6.0},{"damage_healed":0.0,"max_hp_gain":0.0,"max_hp_loss":0.0,"gold_gain":0.0,"event_name":"Masked Bandits","player_choice":"Fought Bandits","floor":19.0,"gold_loss":0.0,"damage_taken":0.0},{"damage_healed":0.0,"max_hp_gain":0.0,"max_hp_loss":0.0,"gold_gain":0.0,"event_name":"The Mausoleum","player_choice":"Opened","floor":21.0,"gold_loss":0.0,"damage_taken":0.0,"relics_obtained":["Centennial Puzzle"],"cards_obtained":["Writhe"]},{"damage_healed":0.0,"max_hp_gain":0.0,"max_hp_loss":0.0,"gold_gain":0.0,"event_name":"Accursed Blacksmith","player_choice":"Forge","floor":22.0,"gold_loss":0.0,"damage_taken":0.0,"cards_upgraded":["Establishment"]}],"is_beta":false,"boss_relics":[{"not_picked":["Empty Cage","Snecko Eye"],"picked":"Pandora\u0027s Box"}],"items_purged_floors":[],"is_endless":false,"potions_floor_spawned":[6,11,12,16,18,19,25],"killed_by":"Shelled Parasite and Fungi","ascension_level":16}}