{"host":"365zhv949ao17f5u","time":1613486611,"event":{"mods":["BaseMod","GifTheSpireLib","Minty Spire (QoL Compilation)","StSLib","The Alterego"],"gold_per_floor":[113,15,15,15,39,39,80,105,157,3,3,23,61,74,74,199,199,218,218,218,243,259,259,259],"floor_reached":23,"language":"ENG","playtime":2144,"items_purged":[],"score":376,"play_id":"cd862d15-297b-4c0c-9ae0-f30ca694d13f","local_time":"20210217014331","daily_mods":["Draft","Shiny","Heirloom"],"is_ascension_mode":false,"campfire_choices":[{"data":"alterego_mod:PainIsPleasure","floor":6,"key":"SMITH"},{"data":"alterego_mod:Venus","floor":11,"key":"SMITH"},{"data":"alterego_mod:Belts","floor":15,"key":"SMITH"}],"circlet_count":0,"master_deck":["Demon Form","Wraith Form v2","Echo Form","DevaForm","alterego_mod:AlterEgo","alterego_mod:GIGAMILK","alterego_mod:Valkyrie","alterego_mod:Rake","alterego_mod:InsideBaseball","alterego_mod:TrickOrTreatment","alterego_mod:Weigh","alterego_mod:STier","alterego_mod:Vow","alterego_mod:Palingenesis","alterego_mod:Venus+1","alterego_mod:SideboobHour","alterego_mod:Tantrum","alterego_mod:ClassAdvantage","alterego_mod:Antipathy","alterego_mod:RingBreak","alterego_mod:PainIsPleasure+1","alterego_mod:BrynhildrRomantia","alterego_mod:VirginLaserPalladion","alterego_mod:Alter","alterego_mod:IdEs","alterego_mod:Lift","alterego_mod:Complex","alterego_mod:Cooking","alterego_mod:Birthday","alterego_mod:Belts+1","alterego_mod:Skirt","alterego_mod:IndependentAction","alterego_mod:IndependentAction","alterego_mod:1TonWallop","alterego_mod:Exercise","alterego_mod:Santa","alterego_mod:BustOut","alterego_mod:GoddessCore","alterego_mod:GoddessCore","alterego_mod:BusterCard","alterego_mod:Support","alterego_mod:BreastValley","alterego_mod:Nekomimi","alterego_mod:Jiggle","Regret","alterego_mod:PerceptionDisorder","alterego_mod:BiFurious","alterego_mod:Rip","alterego_mod:Pet","alterego_mod:Bounce","alterego_mod:Collar","alterego_mod:VirginLaserPalladion","alterego_mod:HighServant","RitualDagger","alterego_mod:Clones+1","alterego_mod:Mirror"],"relics":["alterego_mod:MasochisticConstitution","Bird Faced Urn","Golden Idol","Smiling Mask","Art of War","MealTicket","Bronze Scales","Frozen Egg 2","Runic Pyramid","alterego_mod:SomeoneToFightFor"],"acts_visited":["Exordium","TheCity"],"potions_floor_usage":[],"damage_taken":[{"damage":14,"enemies":"Cultist","floor":1,"turns":5},{"damage":12,"enemies":"2 Louse","floor":5,"turns":3},{"damage":22,"enemies":"Lagavulin","floor":7,"turns":6},{"damage":11,"enemies":"Small Slimes","floor":8,"turns":4},{"damage":49,"enemies":"Exordium Wildlife","floor":12,"turns":5},{"damage":25,"enemies":"Gremlin Nob","floor":13,"turns":4},{"damage":33,"enemies":"Gremlin Gang","floor":14,"turns":4},{"damage":47,"enemies":"The Guardian","floor":16,"turns":9},{"damage":25,"enemies":"3 Byrds","floor":18,"turns":3},{"damage":28,"enemies":"2 Thieves","floor":21,"turns":2},{"damage":35,"enemies":"Centurion and Healer","floor":22,"turns":8},{"damage":70,"enemies":"Slavers","floor":23,"turns":3}],"seed_played":"-7818324014615586808","potions_obtained":[{"floor":5,"key":"AttackPotion"},{"floor":12,"key":"SkillPotion"},{"floor":13,"key":"EssenceOfSteel"}],"is_trial":true,"path_per_floor":["M","$","?","?","M","R","E","M","T","$","R","M","E","M","R","B",null,"M","?","?","M","M","E"],"character_chosen":"The_Alterego","items_purchased":["alterego_mod:Nekomimi","alterego_mod:Jiggle","Bronze Scales"],"campfire_rested":0,"item_purchase_floors":[2,2,10],"current_hp_per_floor":[58,58,41,41,44,44,56,54,54,69,69,31,35,33,33,65,87,67,61,61,38,63,0,0],"gold":259,"neow_bonus":"","is_daily":false,"chose_seed":false,"campfire_upgraded":3,"win_rate":0.0,"timestamp":1613486611,"path_taken":["M","$","?","?","M","R","E","M","T","$","R","M","E","M","R","BOSS","M","?","?","M","?","E"],"items_purchased_type":["Card","Card","Relic"],"build_version":"2020-12-22","purchased_purges":0,"victory":false,"max_hp_per_floor":[71,71,71,71,71,71,72,73,73,73,73,74,79,83,83,87,87,88,88,88,89,90,90,90],"card_choices":[{"not_picked":["alterego_mod:TrashNCrash","alterego_mod:MagicResistance"],"picked":"alterego_mod:Complex","floor":0},{"not_picked":["alterego_mod:DiscoLights","alterego_mod:SakuraFive"],"picked":"alterego_mod:Cooking","floor":0},{"not_picked":["alterego_mod:Swimsuit","alterego_mod:Cycle"],"picked":"alterego_mod:Birthday","floor":0},{"not_picked":["alterego_mod:Maid","alterego_mod:DeftHands"],"picked":"alterego_mod:Belts","floor":0},{"not_picked":["alterego_mod:Cooking","alterego_mod:TrashNCrash"],"picked":"alterego_mod:Skirt","floor":0},{"not_picked":["alterego_mod:Skirt","alterego_mod:GoddessCore"],"picked":"alterego_mod:IndependentAction","floor":0},{"not_picked":["alterego_mod:TrashNCrash","alterego_mod:DiscoLights"],"picked":"alterego_mod:IndependentAction","floor":0},{"not_picked":["alterego_mod:Cooking","alterego_mod:DeftHands"],"picked":"alterego_mod:1TonWallop","floor":0},{"not_picked":["alterego_mod:Table","alterego_mod:Skirt"],"picked":"alterego_mod:Exercise","floor":0},{"not_picked":["alterego_mod:PerceptionDisorder","alterego_mod:Bounce"],"picked":"alterego_mod:Santa","floor":0},{"not_picked":["alterego_mod:PerceptionDisorder","alterego_mod:Complex"],"picked":"alterego_mod:BustOut","floor":0},{"not_picked":["alterego_mod:Cycle","alterego_mod:PerceptionDisorder"],"picked":"alterego_mod:GoddessCore","floor":0},{"not_picked":["alterego_mod:Swimsuit","alterego_mod:Rip"],"picked":"alterego_mod:GoddessCore","floor":0},{"not_picked":["alterego_mod:BiFurious","alterego_mod:HighServant"],"picked":"alterego_mod:BusterCard","floor":0},{"not_picked":["alterego_mod:Stockings","alterego_mod:DeftHands"],"picked":"alterego_mod:Support","floor":0},{"not_picked":["alterego_mod:Complex","alterego_mod:Bloomers"],"picked":"alterego_mod:BreastValley","floor":1},{"not_picked":["alterego_mod:DeftHands","alterego_mod:Punishment"],"picked":"alterego_mod:PerceptionDisorder","floor":5},{"not_picked":["alterego_mod:Pet","alterego_mod:DiscoLights"],"picked":"alterego_mod:BiFurious","floor":7},{"not_picked":["alterego_mod:Table","alterego_mod:Pet"],"picked":"alterego_mod:Rip","floor":8},{"not_picked":["alterego_mod:1TonWallop","alterego_mod:DiscoLights"],"picked":"alterego_mod:Pet","floor":12},{"not_picked":["alterego_mod:Jiggle","alterego_mod:Cooking"],"picked":"alterego_mod:Bounce","floor":13},{"not_picked":["alterego_mod:BrynhildrRomantia","alterego_mod:MagicResistance"],"picked":"alterego_mod:Collar","floor":14},{"not_picked":["alterego_mod:Weigh","alterego_mod:PainIsPleasure+1"],"picked":"alterego_mod:VirginLaserPalladion","floor":16},{"not_picked":["alterego_mod:DiscoLights+1","alterego_mod:Pet"],"picked":"alterego_mod:HighServant","floor":18},{"not_picked":["alterego_mod:RidiculouslyBig+1","alterego_mod:Maid"],"picked":"alterego_mod:Clones+1","floor":21},{"not_picked":["alterego_mod:Cycle","alterego_mod:Support+1"],"picked":"alterego_mod:Mirror","floor":22}],"player_experience":43147,"relics_obtained":[{"floor":7,"key":"Art of War"},{"floor":9,"key":"MealTicket"},{"floor":13,"key":"Frozen Egg 2"}],"event_choices":[{"damage_healed":0,"gold_gain":0,"player_choice":"Take Damage","damage_taken":17,"relics_obtained":["Golden Idol"],"max_hp_gain":0,"max_hp_loss":0,"event_name":"Golden Idol","floor":3,"gold_loss":0},{"damage_healed":0,"gold_gain":0,"player_choice":"Box","damage_taken":0,"relics_obtained":["Smiling Mask"],"max_hp_gain":0,"max_hp_loss":0,"event_name":"Big Fish","floor":4,"gold_loss":0,"cards_obtained":["Regret"]},{"damage_healed":0,"gold_gain":0,"player_choice":"Joined the Cult","damage_taken":6,"max_hp_gain":0,"max_hp_loss":0,"event_name":"Nest","floor":19,"gold_loss":0,"cards_obtained":["RitualDagger"]},{"damage_healed":0,"gold_gain":0,"player_choice":"Choice 2","damage_taken":0,"relics_obtained":["alterego_mod:SomeoneToFightFor"],"max_hp_gain":0,"max_hp_loss":0,"event_name":"Secret Garden","floor":20,"gold_loss":0}],"is_beta":false,"boss_relics":[{"not_picked":["Coffee Dripper","SlaversCollar"],"picked":"Runic Pyramid"}],"items_purged_floors":[],"is_endless":true,"potions_floor_spawned":[5,12,13,22],"killed_by":"Slavers","ascension_level":0}}