{"host":"r527qwxsluxe0nfi","time":1613519458,"event":{"mods":["AchievementEnabler","BaseMod","Bestiary","Minty Spire (QoL Compilation)","SuperFastMode","Weighted Paths"],"gold_per_floor":[119,131,143,293,313,347,347,372,398,398,473,473,473,85,85,183,183,183,107,107,107,107,107,107,107,107,107,107,107,107,107,107,107,107,107,107,107,107,107,107],"floor_reached":39,"language":"ENG","playtime":1828,"items_purged":["Doubt"],"score":744,"play_id":"389bf10b-caac-47c2-a345-ff9e45fabada","local_time":"20210217005058","is_ascension_mode":true,"campfire_choices":[{"data":"Zap","floor":10,"key":"SMITH"},{"data":"Capacitor","floor":12,"key":"SMITH"},{"data":"Electrodynamics","floor":15,"key":"SMITH"},{"data":"Dualcast","floor":24,"key":"SMITH"},{"data":"Loop","floor":27,"key":"SMITH"},{"data":"Glacier","floor":30,"key":"SMITH"},{"floor":32,"key":"REST"}],"circlet_count":0,"master_deck":["AscendersBane","Strike_B","Strike_B","Strike_B","Defend_B","Defend_B","Defend_B","Zap+1","Dualcast+1","Auto Shields","Ball Lightning","Cold Snap","Capacitor+1","Barrage","Conserve Battery","Electrodynamics+1","Amplify","Loop+1","Heatsinks","Cold Snap","Glacier+1","Steam","Hello World","Echo Form","Consume","Madness","Madness","Glacier+1"],"relics":["Cracked Core","Thread and Needle","Pantograph","PreservedInsect","Orichalcum","Golden Idol","Omamori","Ectoplasm","Toy Ornithopter","Pear","Kunai","Calipers","Philosopher\u0027s Stone"],"acts_visited":["Exordium","TheCity","TheBeyond"],"potions_floor_usage":[8,8,16,23,23,25,28,39],"damage_taken":[{"damage":0,"enemies":"2 Louse","floor":1,"turns":2},{"damage":12,"enemies":"Small Slimes","floor":2,"turns":5},{"damage":0,"enemies":"Jaw Worm","floor":3,"turns":2},{"damage":0,"enemies":"Exordium Wildlife","floor":5,"turns":6},{"damage":8,"enemies":"3 Sentries","floor":6,"turns":8},{"damage":2,"enemies":"Gremlin Nob","floor":8,"turns":4},{"damage":19,"enemies":"Hexaghost","floor":16,"turns":8},{"damage":2,"enemies":"Chosen","floor":18,"turns":3},{"damage":0,"enemies":"3 Byrds","floor":20,"turns":2},{"damage":4,"enemies":"Centurion and Healer","floor":21,"turns":4},{"damage":21,"enemies":"Book of Stabbing","floor":23,"turns":5},{"damage":12,"enemies":"Slavers","floor":25,"turns":5},{"damage":14,"enemies":"Shelled Parasite and Fungi","floor":28,"turns":4},{"damage":36,"enemies":"Automaton","floor":33,"turns":13},{"damage":5,"enemies":"Orb Walker","floor":35,"turns":4},{"damage":14,"enemies":"3 Darklings","floor":38,"turns":4},{"damage":54,"enemies":"Jaw Worm Horde","floor":39,"turns":4}],"seed_played":"-3716966224943111262","potions_obtained":[{"floor":2,"key":"FearPotion"},{"floor":3,"key":"Fire Potion"},{"floor":6,"key":"Dexterity Potion"},{"floor":8,"key":"DistilledChaos"},{"floor":18,"key":"LiquidMemories"},{"floor":21,"key":"Fire Potion"},{"floor":23,"key":"SneckoOil"},{"floor":25,"key":"Dexterity Potion"},{"floor":35,"key":"FocusPotion"}],"is_trial":false,"path_per_floor":["M","M","M","?","M","E","?","E","T","R","?","R","?","$","R","B",null,"M","$","M","M","?","E","R","E","T","R","M","?","R","?","R","B",null,"M","?","?","M","M"],"character_chosen":"DEFECT","items_purchased":["Electrodynamics","Omamori","Loop"],"campfire_rested":1,"item_purchase_floors":[14,14,19],"current_hp_per_floor":[46,34,34,34,34,26,31,29,29,29,18,18,18,18,18,24,58,56,56,56,52,52,31,31,34,34,34,25,25,25,25,48,37,69,64,50,50,36,0,0],"gold":107,"neow_bonus":"ONE_RARE_RELIC","is_daily":false,"chose_seed":false,"campfire_upgraded":6,"win_rate":0.0,"timestamp":1613519458,"path_taken":["M","M","M","?","M","E","?","E","T","R","?","R","?","$","R","BOSS","M","$","M","M","?","E","R","E","T","R","M","?","R","?","R","BOSS","M","?","?","M","M"],"items_purchased_type":["Card","Relic","Card"],"build_version":"2020-12-22","purchased_purges":1,"victory":false,"max_hp_per_floor":[71,71,71,71,71,71,76,76,76,76,76,76,69,69,69,69,69,69,69,69,69,69,69,69,79,79,79,79,79,79,79,79,79,79,79,79,79,79,79,79],"card_choices":[{"not_picked":["Steam","Gash"],"picked":"Auto Shields","floor":1},{"not_picked":["Redo","Scrape"],"picked":"Ball Lightning","floor":2},{"not_picked":["Undo","Ball Lightning"],"picked":"Cold Snap","floor":3},{"not_picked":["Hyperbeam","Go for the Eyes"],"picked":"Capacitor","floor":5},{"not_picked":["Gash","Lockon"],"picked":"Barrage","floor":6},{"not_picked":["Beam Cell","Barrage"],"picked":"Conserve Battery","floor":8},{"not_picked":["All For One","Multi-Cast"],"picked":"Amplify","floor":16},{"not_picked":["Force Field","Sweeping Beam","Redo"],"picked":"SKIP","floor":18},{"not_picked":["Stack","Gash"],"picked":"Heatsinks","floor":20},{"not_picked":["Beam Cell","Reinforced Body"],"picked":"Cold Snap","floor":21},{"not_picked":["Heatsinks","Scrape"],"picked":"Glacier","floor":23},{"not_picked":["Stack","Ball Lightning","Steam Power"],"picked":"SKIP","floor":25},{"not_picked":["Steam Power+1","Steam","Redo"],"picked":"SKIP","floor":28},{"not_picked":["Thunder Strike","Fission"],"picked":"Echo Form","floor":33},{"not_picked":["Undo+1","Reprogram"],"picked":"Consume","floor":35},{"not_picked":["Aggregate","Rebound+1","Steam Power"],"picked":"SKIP","floor":38}],"player_experience":357579,"relics_obtained":[{"floor":6,"key":"Pantograph"},{"floor":8,"key":"PreservedInsect"},{"floor":9,"key":"Orichalcum"},{"floor":23,"key":"Toy Ornithopter"},{"floor":25,"key":"Pear"},{"floor":26,"key":"Kunai"}],"event_choices":[{"damage_healed":0,"gold_gain":150,"player_choice":"AGREE","damage_taken":0,"max_hp_gain":0,"max_hp_loss":0,"event_name":"Liars Game","floor":4,"gold_loss":0,"cards_obtained":["Doubt"]},{"damage_healed":0,"gold_gain":0,"player_choice":"Donut","damage_taken":0,"max_hp_gain":5,"max_hp_loss":0,"event_name":"Big Fish","floor":7,"gold_loss":0},{"damage_healed":0,"gold_gain":75,"player_choice":"Gather Gold","damage_taken":11,"max_hp_gain":0,"max_hp_loss":0,"event_name":"World of Goop","floor":11,"gold_loss":0},{"damage_healed":0,"gold_gain":0,"player_choice":"Lose Max HP","damage_taken":0,"relics_obtained":["Golden Idol"],"max_hp_gain":0,"max_hp_loss":7,"event_name":"Golden Idol","floor":13,"gold_loss":0},{"damage_healed":0,"gold_gain":50,"player_choice":"Stole From Cult","damage_taken":0,"max_hp_gain":0,"max_hp_loss":0,"event_name":"Nest","floor":22,"gold_loss":0},{"damage_healed":0,"gold_gain":0,"cards_transformed":["Defend_B","Strike_B"],"player_choice":"Became Test Subject","damage_taken":0,"max_hp_gain":0,"max_hp_loss":0,"event_name":"Drug Dealer","floor":29,"gold_loss":0,"cards_obtained":["Steam","Hello World"]},{"damage_healed":0,"gold_gain":0,"player_choice":"Opened","damage_taken":0,"relics_obtained":["Calipers"],"max_hp_gain":0,"max_hp_loss":0,"event_name":"The Mausoleum","floor":31,"gold_loss":0,"cards_obtained":["Writhe"]},{"damage_healed":0,"gold_gain":0,"player_choice":"Embrace Madness","damage_taken":14,"max_hp_gain":0,"max_hp_loss":0,"event_name":"Winding Halls","floor":36,"gold_loss":0,"cards_obtained":["Madness","Madness"]},{"damage_healed":0,"gold_gain":0,"player_choice":"Copied","damage_taken":0,"max_hp_gain":0,"max_hp_loss":0,"event_name":"Duplicator","floor":37,"gold_loss":0,"cards_obtained":["Glacier"]}],"is_beta":false,"boss_relics":[{"not_picked":["Empty Cage","Runic Dome"],"picked":"Ectoplasm"},{"not_picked":["Velvet Choker","Black Star"],"picked":"Philosopher\u0027s Stone"}],"items_purged_floors":[14],"is_endless":false,"potions_floor_spawned":[2,3,6,8,18,21,23,25,35],"killed_by":"Jaw Worm Horde","ascension_level":15}}