{"host":"phniwng9zo19jwdb","time":1613502119,"event":{"mods":["AchievementEnabler","BaseMod","Colored Powertips","Dark Map","Faster Ascension Climbing","GifTheSpireLib","Minty Spire (QoL Compilation)","Permanent Neow","Rare Cards Sparkle","Relic Filter Mod","StSLib","Weighted Paths"],"gold_per_floor":[118,134,146,296,296,330,340,365,365,365,379,413,40,68,68,146,146,162,174,71,86,111,138,138,167,167,186,186,186,217,235,235,313,313,326,66,288,288,288,317,327,358,358,358,385,409,409,435,435,435,435,435,435,58,83,83],"floor_reached":57,"language":"ENG","playtime":3624,"items_purged":["Doubt","Strike_G","Strike_G"],"score":3408,"play_id":"147dbae7-721a-4075-856f-cdd50c2ac2f5","local_time":"20210216200159","is_ascension_mode":true,"campfire_choices":[{"data":"Die Die Die","floor":10.0,"key":"SMITH"},{"data":"Noxious Fumes","floor":15.0,"key":"SMITH"},{"data":"Cloak And Dagger","floor":24.0,"key":"SMITH"},{"data":"Neutralize","floor":29.0,"key":"SMITH"},{"data":"Neutralize","floor":32.0,"key":"SMITH"},{"floor":44,"key":"RECALL"},{"data":"Dash","floor":49,"key":"SMITH"},{"data":"Survivor","floor":53,"key":"SMITH"}],"circlet_count":0,"master_deck":["AscendersBane","Strike_G","Strike_G","Strike_G","Defend_G+1","Defend_G+1","Defend_G","Defend_G","Defend_G","Survivor+1","Neutralize+1","Dash+1","Cloak And Dagger+1","Flying Knee","Die Die Die+1","Neutralize+1","Noxious Fumes+1","Noxious Fumes+1","Adrenaline+1","Backflip+1","Cloak And Dagger+1","Violence+1","Adrenaline+1","Prepared+1","Blade Dance+1","Distraction+1","Reflex+1","Bullet Time+1","Malaise+1","Footwork+1","Dark Shackles+1","Bandage Up+1","Good Instincts+1","Die Die Die","Malaise+1","Apotheosis+1","Blade Dance+1"],"relics":["Coffee Dripper","Omamori","Toxic Egg 2","Dead Branch","Pocketwatch","MealTicket","Ancient Tea Set","Runic Pyramid","Red Mask","Pear","Centennial Puzzle","Darkstone Periapt","Mummified Hand","SacredBark","Chemical X","WingedGreaves","Mercury Hourglass","Eternal Feather","War Paint","Bronze Scales","Boot","Bird Faced Urn"],"acts_visited":["Exordium","TheCity","TheBeyond","TheEnding"],"potions_floor_usage":[56,56],"damage_taken":[{"damage":0.0,"enemies":"2 Louse","floor":1.0,"turns":4.0},{"damage":7.0,"enemies":"Small Slimes","floor":2.0,"turns":4.0},{"damage":3.0,"enemies":"Cultist","floor":3.0,"turns":4.0},{"damage":18.0,"enemies":"3 Sentries","floor":6.0,"turns":6.0},{"damage":4.0,"enemies":"Exordium Wildlife","floor":7.0,"turns":3.0},{"damage":12.0,"enemies":"Lagavulin","floor":8.0,"turns":8.0},{"damage":0.0,"enemies":"Large Slime","floor":11.0,"turns":5.0},{"damage":0.0,"enemies":"3 Sentries","floor":12.0,"turns":5.0},{"damage":2.0,"enemies":"Lagavulin","floor":14.0,"turns":6.0},{"damage":0.0,"enemies":"Slime Boss","floor":16.0,"turns":6.0},{"damage":0.0,"enemies":"Chosen","floor":18.0,"turns":7.0},{"damage":3.0,"enemies":"Spheric Guardian","floor":19.0,"turns":4.0},{"damage":0.0,"enemies":"Centurion and Healer","floor":21.0,"turns":4.0},{"damage":0.0,"enemies":"Masked Bandits","floor":22.0,"turns":2.0},{"damage":23.0,"enemies":"Slavers","floor":23.0,"turns":5.0},{"damage":0.0,"enemies":"Book of Stabbing","floor":25.0,"turns":5.0},{"damage":27.0,"enemies":"Snecko","floor":27.0,"turns":5.0},{"damage":0.0,"enemies":"Gremlin Leader","floor":30.0,"turns":3.0},{"damage":0.0,"enemies":"Snake Plant","floor":31.0,"turns":4.0},{"damage":0.0,"enemies":"Automaton","floor":33.0,"turns":6.0},{"damage":3.0,"enemies":"3 Shapes","floor":35.0,"turns":4.0},{"damage":10,"enemies":"Reptomancer","floor":40,"turns":6},{"damage":7,"enemies":"3 Darklings","floor":41,"turns":4},{"damage":2,"enemies":"Nemesis","floor":42,"turns":9},{"damage":0,"enemies":"Giant Head","floor":45,"turns":5},{"damage":0,"enemies":"Reptomancer","floor":48,"turns":4},{"damage":25,"enemies":"Time Eater","floor":50,"turns":12},{"damage":19,"enemies":"Donu and Deca","floor":51,"turns":8},{"damage":41,"enemies":"Shield and Spear","floor":55,"turns":8},{"damage":100,"enemies":"The Heart","floor":56,"turns":9}],"seed_played":"-3270715071402727290","potions_obtained":[{"floor":2.0,"key":"Poison Potion"},{"floor":3.0,"key":"ColorlessPotion"},{"floor":7.0,"key":"SkillPotion"},{"floor":8.0,"key":"Dexterity Potion"},{"floor":21.0,"key":"FairyPotion"},{"floor":22.0,"key":"Explosive Potion"},{"floor":30.0,"key":"EntropicBrew"}],"is_trial":false,"path_per_floor":["M","M","M","?","?","E","M","E","T","R","M","E","$","E","R","B",null,"M","M","$","M","?","E","R","E","T","M","?","R","E","M","R","B",null,"M","$","?","?","?","E","M","E","T","R","E","T","?","E","R","B","B",null,"R","$","E","B",null],"character_chosen":"THE_SILENT","items_purchased":["Violence+1","MealTicket","Prepared+1","Chemical X","Apotheosis+1","Blade Dance+1"],"campfire_rested":0,"item_purchase_floors":[13,13,20,36,54,54],"current_hp_per_floor":[59,52,49,49,49,31,27,15,15,15,15,15,15,13,13,13,53,53,50,65,65,65,52,52,52,52,25,25,25,25,25,25,25,63,60,75,75,65,65,61,60,64,64,76,76,76,76,76,76,57,44,68,76,76,41,28],"gold":83,"neow_bonus":"BOSS_RELIC","is_daily":false,"chose_seed":false,"campfire_upgraded":7,"win_rate":0.0,"timestamp":1613502119,"path_taken":["M","M","M","?","?","E","M","E","T","R","M","E","$","E","R","BOSS","M","M","?","M","?","E","R","E","T","M","?","R","E","M","R","BOSS","M","$","?","?","?","E","?","E","T","R","E","?","?","E","R","BOSS","BOSS","R","$","E","BOSS"],"items_purchased_type":["Card","Relic","Card","Relic","Card","Card"],"build_version":"2020-12-22","purchased_purges":3,"victory":true,"max_hp_per_floor":[66,66,66,66,66,66,66,66,66,66,66,66,66,66,66,66,66,66,66,66,66,66,76,76,76,76,76,76,76,76,76,76,76,76,76,76,76,76,76,76,76,76,76,76,76,76,76,76,76,76,76,76,76,76,76,76],"card_choices":[{"not_picked":["Dagger Spray","All Out Attack"],"picked":"Dash","floor":1.0},{"not_picked":["Dodge and Roll","Dagger Throw"],"picked":"Cloak And Dagger","floor":2.0},{"not_picked":["Bane","Prepared"],"picked":"Flying Knee","floor":3.0},{"not_picked":["Dagger Spray","Caltrops"],"picked":"Noxious Fumes","floor":6.0},{"not_picked":["Slice","Setup"],"picked":"Noxious Fumes","floor":7.0},{"not_picked":["Dodge and Roll+1","Distraction+1"],"picked":"Adrenaline+1","floor":8.0},{"not_picked":["Concentrate+1","Masterful Stab"],"picked":"Backflip+1","floor":11.0},{"not_picked":["PiercingWail+1","Well Laid Plans"],"picked":"Cloak And Dagger+1","floor":12.0},{"not_picked":["Heel Hook","Skewer","Dagger Spray"],"picked":"SKIP","floor":14.0},{"not_picked":["Phantasmal Killer+1","Venomology+1"],"picked":"Adrenaline+1","floor":16.0},{"not_picked":["Quick Slash","Underhanded Strike","Riddle With Holes"],"picked":"SKIP","floor":18.0},{"not_picked":["Heel Hook+1","Sucker Punch","Skewer"],"picked":"SKIP","floor":19.0},{"not_picked":["Sucker Punch+1","Dagger Throw","Deadly Poison+1"],"picked":"SKIP","floor":21.0},{"not_picked":["Noxious Fumes","Bane"],"picked":"Blade Dance+1","floor":22.0},{"not_picked":["Dagger Throw","Quick Slash+1","A Thousand Cuts"],"picked":"SKIP","floor":23.0},{"not_picked":["Quick Slash","Dagger Spray","Underhanded Strike"],"picked":"SKIP","floor":25.0},{"not_picked":["Sucker Punch","Acrobatics+1"],"picked":"Distraction+1","floor":27.0},{"not_picked":["Heel Hook","Catalyst+1"],"picked":"Reflex+1","floor":30.0},{"not_picked":["Quick Slash+1","Deadly Poison+1"],"picked":"Bullet Time+1","floor":31.0},{"not_picked":["Night Terror+1","Unload"],"picked":"Malaise+1","floor":33.0},{"not_picked":["Backflip+1","Flying Knee"],"picked":"Footwork+1","floor":35},{"not_picked":["Sadistic Nature","Panache"],"picked":"Dark Shackles+1","floor":38},{"not_picked":["Enlightenment+1","Secret Weapon+1"],"picked":"Bandage Up+1","floor":38},{"not_picked":["Sadistic Nature","Swift Strike"],"picked":"Good Instincts+1","floor":38},{"not_picked":["Dagger Throw","Slice"],"picked":"Die Die Die","floor":40},{"not_picked":["Bouncing Flask+1","Bane+1","Dagger Throw"],"picked":"SKIP","floor":41},{"not_picked":["Deadly Poison+1","Quick Slash","Dagger Throw"],"picked":"SKIP","floor":42},{"not_picked":["Cloak And Dagger+1","Grand Finale","Outmaneuver+1"],"picked":"SKIP","floor":45},{"not_picked":["Quick Slash+1","All Out Attack","Predator"],"picked":"SKIP","floor":48},{"not_picked":["Bane+1","Cloak And Dagger+1","Flying Knee"],"picked":"SKIP","floor":55}],"player_experience":146627,"relics_obtained":[{"floor":6.0,"key":"Omamori"},{"floor":8.0,"key":"Toxic Egg 2"},{"floor":9.0,"key":"Dead Branch"},{"floor":12.0,"key":"Pocketwatch"},{"floor":14.0,"key":"Ancient Tea Set"},{"floor":22.0,"key":"Red Mask"},{"floor":23.0,"key":"Pear"},{"floor":25.0,"key":"Centennial Puzzle"},{"floor":30.0,"key":"Mummified Hand"},{"floor":40,"key":"WingedGreaves"},{"floor":42,"key":"Mercury Hourglass"},{"floor":43,"key":"Eternal Feather"},{"floor":45,"key":"War Paint"},{"floor":46,"key":"Bronze Scales"},{"floor":48,"key":"Boot"},{"floor":55,"key":"Bird Faced Urn"}],"event_choices":[{"damage_healed":0.0,"max_hp_gain":0.0,"max_hp_loss":0.0,"gold_gain":150.0,"event_name":"Liars Game","player_choice":"AGREE","floor":4.0,"gold_loss":0.0,"damage_taken":0.0,"cards_obtained":["Doubt"]},{"damage_healed":0.0,"max_hp_gain":0.0,"max_hp_loss":0.0,"gold_gain":0.0,"event_name":"Match and Keep!","player_choice":"2 cards matched","floor":5.0,"gold_loss":0.0,"damage_taken":0.0,"cards_obtained":["Die Die Die","Neutralize"]},{"damage_healed":0.0,"max_hp_gain":0.0,"max_hp_loss":0.0,"gold_gain":0.0,"event_name":"Match and Keep!","player_choice":"2 cards matched","floor":5.0,"gold_loss":0.0,"damage_taken":0.0,"cards_obtained":["Die Die Die","Neutralize"]},{"damage_healed":0.0,"max_hp_gain":0.0,"max_hp_loss":0.0,"gold_gain":0.0,"event_name":"Masked Bandits","player_choice":"Fought Bandits","floor":22.0,"gold_loss":0.0,"damage_taken":0.0},{"damage_healed":0.0,"max_hp_gain":0.0,"max_hp_loss":0.0,"gold_gain":0.0,"event_name":"The Mausoleum","player_choice":"Opened","floor":28.0,"gold_loss":0.0,"damage_taken":0.0,"relics_obtained":["Darkstone Periapt"],"cards_obtained":["Writhe"]},{"damage_healed":0,"gold_gain":222,"player_choice":"Wore Mask","damage_taken":0,"max_hp_gain":0,"max_hp_loss":0,"event_name":"Tomb of Lord Red Mask","floor":37,"gold_loss":0},{"damage_healed":0,"gold_gain":0,"player_choice":"Memory 3","damage_taken":10,"max_hp_gain":0,"max_hp_loss":0,"event_name":"SensoryStone","floor":38,"gold_loss":0},{"damage_healed":0,"gold_gain":0,"player_choice":"Upgraded","damage_taken":0,"max_hp_gain":0,"max_hp_loss":0,"event_name":"Upgrade Shrine","floor":39,"gold_loss":0,"cards_upgraded":["Noxious Fumes"]},{"damage_healed":0,"gold_gain":0,"player_choice":"Copied","damage_taken":0,"max_hp_gain":0,"max_hp_loss":0,"event_name":"Duplicator","floor":47,"gold_loss":0,"cards_obtained":["Malaise"]}],"is_beta":false,"boss_relics":[{"not_picked":["Ectoplasm","Pandora\u0027s Box"],"picked":"Runic Pyramid"},{"not_picked":["Fusion Hammer","Tiny House"],"picked":"SacredBark"}],"items_purged_floors":[20,36,54],"is_endless":false,"potions_floor_spawned":[2,3,7,8,21,22,30,31,33,40,41,45,55],"ascension_level":20}}