{"host":"bq4pt811tk9yrmjl","time":1613490945,"event":{"mods":["AchievementEnabler","BaseMod","Colored Map","Colored Powertips","Defuse TimeMaze Blight","Hermit","Minty Spire (QoL Compilation)","Smile Girya","StSLib","SuperFastMode"],"gold_per_floor":[116,116,116,7,7,7,45,45,45,58,58,89,89,107,107,230,230,249,272,272,286,286,286,189,213,239,264,264,264],"floor_reached":28,"language":"ENG","playtime":411,"items_purged":[],"score":289,"play_id":"eff610c3-5dc8-4cc5-a081-20103446d8a0","local_time":"20210216135545","is_ascension_mode":true,"campfire_choices":[{"data":"Loop","floor":6,"key":"SMITH"},{"data":"Zap","floor":8,"key":"SMITH"},{"data":"Melter","floor":13,"key":"SMITH"},{"data":"Dualcast","floor":15,"key":"SMITH"},{"data":"Conserve Battery","floor":23,"key":"SMITH"}],"circlet_count":0,"master_deck":["Strike_B","Strike_B","Strike_B","Strike_B","Defend_B","Defend_B","Defend_B","Defend_B","Zap+1","Dualcast+1","Melter+1","Loop+1","Conserve Battery+1","Biased Cognition","Conserve Battery+1","Beam Cell","Barrage","Self Repair"],"relics":["Cracked Core","NeowsBlessing","Golden Idol","Pear","DataDisk","Strawberry","Inserter"],"acts_visited":["Exordium","TheCity"],"potions_floor_usage":[1,12,14,16,16,28],"damage_taken":[{"damage":0,"enemies":"Small Slimes","floor":1,"turns":1},{"damage":0,"enemies":"Lagavulin","floor":7,"turns":1},{"damage":0,"enemies":"Jaw Worm","floor":10,"turns":1},{"damage":10,"enemies":"3 Sentries","floor":12,"turns":5},{"damage":0,"enemies":"2 Louse","floor":14,"turns":2},{"damage":14,"enemies":"Hexaghost","floor":16,"turns":9},{"damage":0,"enemies":"Spheric Guardian","floor":18,"turns":1},{"damage":21,"enemies":"Chosen","floor":19,"turns":5},{"damage":36,"enemies":"Snake Plant","floor":21,"turns":5},{"damage":20,"enemies":"Centurion and Healer","floor":25,"turns":9},{"damage":0,"enemies":"Sentry and Sphere","floor":27,"turns":3},{"damage":56,"enemies":"Slavers","floor":28,"turns":5}],"seed_played":"-1661543469975651674","potions_obtained":[{"floor":1,"key":"EntropicBrew"},{"floor":12,"key":"Weak Potion"},{"floor":19,"key":"FearPotion"},{"floor":25,"key":"EssenceOfDarkness"}],"is_trial":false,"path_per_floor":["M","?","?","$","?","R","E","R","T","M","$","E","R","M","R","B",null,"M","M","?","M","?","R","$","M","T","M","E"],"character_chosen":"DEFECT","items_purchased":["Melter","Loop","Beam Cell","Barrage"],"campfire_rested":0,"item_purchase_floors":[4,4,24,24],"current_hp_per_floor":[75,57,62,62,62,62,72,72,72,72,72,69,69,69,69,55,97,97,76,76,40,72,72,72,52,52,59,3,3],"gold":264,"neow_bonus":"THREE_ENEMY_KILL","is_daily":false,"chose_seed":false,"campfire_upgraded":5,"win_rate":0.0,"timestamp":1613490945,"path_taken":["M","?","?","$","?","R","E","R","T","?","?","E","R","M","R","BOSS","M","M","?","M","?","R","?","M","T","M","E"],"items_purchased_type":["Card","Card","Card","Card"],"build_version":"2020-12-22","purchased_purges":0,"victory":false,"max_hp_per_floor":[75,75,80,80,80,80,90,90,90,90,90,97,97,97,97,97,97,97,97,97,97,97,97,97,97,97,97,97,97],"card_choices":[{"not_picked":["Aggregate","Fusion","Turbo"],"picked":"SKIP","floor":1},{"not_picked":["Recycle","Turbo","Barrage"],"picked":"SKIP","floor":7},{"not_picked":["Sweeping Beam","Darkness"],"picked":"Conserve Battery","floor":10},{"not_picked":["Redo","Skim","Coolheaded"],"picked":"SKIP","floor":12},{"not_picked":["Lockon","Coolheaded","Conserve Battery"],"picked":"SKIP","floor":14},{"not_picked":["Multi-Cast","Fission"],"picked":"Biased Cognition","floor":16},{"not_picked":["Reinforced Body","Blizzard"],"picked":"Conserve Battery+1","floor":18},{"not_picked":["Rebound+1","Chaos","Heatsinks+1"],"picked":"SKIP","floor":19},{"not_picked":["Heatsinks","Barrage","Scrape"],"picked":"SKIP","floor":21},{"not_picked":["Barrage","Storm"],"picked":"Self Repair","floor":25},{"not_picked":["Rip and Tear+1","Redo","Melter"],"picked":"SKIP","floor":27}],"player_experience":312793,"relics_obtained":[{"floor":7,"key":"Pear"},{"floor":9,"key":"DataDisk"},{"floor":12,"key":"Strawberry"}],"event_choices":[{"damage_healed":0,"gold_gain":0,"player_choice":"Take Damage","damage_taken":18,"relics_obtained":["Golden Idol"],"max_hp_gain":0,"max_hp_loss":0,"event_name":"Golden Idol","floor":2,"gold_loss":0},{"damage_healed":0,"gold_gain":0,"player_choice":"Donut","damage_taken":0,"max_hp_gain":5,"max_hp_loss":0,"event_name":"Big Fish","floor":3,"gold_loss":0},{"damage_healed":0,"gold_gain":0,"player_choice":"Ignored","damage_taken":0,"max_hp_gain":0,"max_hp_loss":0,"event_name":"Liars Game","floor":5,"gold_loss":0},{"damage_healed":0,"gold_gain":0,"player_choice":"Ignored","damage_taken":0,"max_hp_gain":0,"max_hp_loss":0,"event_name":"Beggar","floor":20,"gold_loss":0},{"damage_healed":32,"gold_gain":0,"player_choice":"Heal","damage_taken":0,"max_hp_gain":0,"max_hp_loss":0,"event_name":"The Library","floor":22,"gold_loss":0}],"is_beta":false,"boss_relics":[{"not_picked":["Runic Pyramid","SlaversCollar"],"picked":"Inserter"}],"items_purged_floors":[],"is_endless":false,"potions_floor_spawned":[1,7,12,19,25],"killed_by":"Slavers","ascension_level":1}}