{"host":"ve9aztkoyqeblvav","time":1613486866,"event":{"mods":["Act Like it!","Aspiration","BaseMod","Colored Map","Colored Powertips","Highlight Path","Minty Spire (QoL Compilation)","Pale of the Ancients","Quick Restart","Reorder Act Four","StSLib","The Hierophant","Waifu the Spire"],"gold_per_floor":[114,114,114,15,25,25,59,59,59,75,87,87,103,136,148,233,245,267,297,328,352,414,426,471,483,495,533,545,482,508,80,80,157,157,173,173,173,187,62,88,137,151,151,185,196,196,211,242,242,242,242,242],"floor_reached":51,"language":"ZHS","playtime":2337,"items_purged":["Defend_G","Defend_G","Defend_G"],"score":1670,"play_id":"92a2ae57-1236-4cef-8071-2e13a4973f0f","local_time":"20210216224746","is_ascension_mode":true,"campfire_choices":[{"data":"Blade Dance","floor":6.0,"key":"SMITH"},{"data":"Neutralize","floor":8.0,"key":"SMITH"},{"data":"Accuracy","floor":12.0,"key":"SMITH"},{"data":"Blade Dance","floor":15.0,"key":"SMITH"},{"floor":23.0,"key":"REST"},{"floor":25.0,"key":"REST"},{"data":"Calculated Gamble","floor":32.0,"key":"SMITH"},{"data":"Madness","floor":46.0,"key":"SMITH"},{"floor":49.0,"key":"RECALL"}],"circlet_count":0,"master_deck":["AscendersBane","Defend_G","Defend_G","Survivor","Neutralize+1","Blade Dance+1","Acrobatics","Backflip","Accuracy+1","Blade Dance+1","Night Terror","Wraith Form v2+1","Cloak And Dagger+1","Footwork+1","Acrobatics+1","Calculated Gamble+1","Adrenaline","Madness","Madness+1","Blade Dance"],"relics":["Ring of the Snake","NeowsBlessing","Orichalcum","Du-Vu Doll","MawBank","Astrolabe","aspiration:ChemicalBlood","MealTicket","aspiration:RitualStick","FossilizedHelix","Cursed Key","Bag of Preparation","aspiration:AnachronicSnailShell","Lantern","The Courier"],"acts_visited":["Exordium","TheCity","TheBeyond"],"potions_floor_usage":[51,51,51],"damage_taken":[{"damage":0.0,"enemies":"Jaw Worm","floor":1.0,"turns":1.0},{"damage":0.0,"enemies":"2 Louse","floor":5.0,"turns":1.0},{"damage":0.0,"enemies":"Lagavulin","floor":7.0,"turns":1.0},{"damage":0.0,"enemies":"Cultist","floor":10.0,"turns":2.0},{"damage":0.0,"enemies":"Lots of Slimes","floor":11.0,"turns":5.0},{"damage":2.0,"enemies":"Exordium Wildlife","floor":13.0,"turns":3.0},{"damage":5.0,"enemies":"Gremlin Nob","floor":14.0,"turns":3.0},{"damage":4.0,"enemies":"The Guardian","floor":16.0,"turns":10.0},{"damage":4.0,"enemies":"Shell Parasite","floor":18.0,"turns":5.0},{"damage":24.0,"enemies":"2 Thieves","floor":19.0,"turns":4.0},{"damage":20.0,"enemies":"Sentry and Sphere","floor":20.0,"turns":5.0},{"damage":0.0,"enemies":"Chosen and Byrds","floor":21.0,"turns":4.0},{"damage":8.0,"enemies":"Slavers","floor":24.0,"turns":5.0},{"damage":22.0,"enemies":"Book of Stabbing","floor":27.0,"turns":4.0},{"damage":2.0,"enemies":"Snake Plant","floor":30.0,"turns":5.0},{"damage":4.0,"enemies":"Champ","floor":33.0,"turns":11.0},{"damage":0.0,"enemies":"3 Darklings","floor":35.0,"turns":4.0},{"damage":0.0,"enemies":"3 Shapes","floor":38.0,"turns":3.0},{"damage":10.0,"enemies":"Nemesis","floor":40.0,"turns":7.0},{"damage":0.0,"enemies":"2 Orb Walkers","floor":41.0,"turns":3.0},{"damage":5.0,"enemies":"Maw","floor":42.0,"turns":6.0},{"damage":0.0,"enemies":"Giant Head","floor":44.0,"turns":4.0},{"damage":0.0,"enemies":"Writhing Mass","floor":45.0,"turns":4.0},{"damage":0.0,"enemies":"Sphere and 2 Shapes","floor":47.0,"turns":3.0},{"damage":0.0,"enemies":"Nemesis","floor":48.0,"turns":3.0},{"damage":16.0,"enemies":"Donu and Deca","floor":50.0,"turns":6.0},{"damage":44,"enemies":"Time Eater","floor":51,"turns":11}],"seed_played":"-8401954202243077858","potions_obtained":[{"floor":5.0,"key":"Dexterity Potion"},{"floor":7.0,"key":"Swift Potion"},{"floor":14.0,"key":"Regen Potion"},{"floor":21.0,"key":"Block Potion"},{"floor":27.0,"key":"ColorlessPotion"},{"floor":30.0,"key":"EssenceOfSteel"},{"floor":38.0,"key":"Regen Potion"},{"floor":40.0,"key":"Ancient Potion"},{"floor":48.0,"key":"GamblersBrew"},{"floor":50.0,"key":"CunningPotion"}],"is_trial":false,"path_per_floor":["M","?","?","$","M","R","E","R","T","M","M","R","M","E","R","B",null,"M","M","M","M","?","R","E","R","T","E","?","?","M","$","R","B",null,"M","?","?","M","$","E","?","M","T","E","M","R","M","E","R","B","B"],"character_chosen":"THE_SILENT","items_purchased":["Acrobatics","FossilizedHelix"],"campfire_rested":2,"item_purchase_floors":[4,31],"current_hp_per_floor":[59,52,52,52,52,52,52,52,52,52,52,52,50,45,45,56,64,60,36,16,16,16,35,27,46,46,24,7,7,5,20,20,16,54,54,54,42,42,57,61,61,56,56,56,56,56,56,56,56,40,0,0],"gold":242,"neow_bonus":"THREE_ENEMY_KILL","is_daily":false,"chose_seed":false,"campfire_upgraded":6,"win_rate":0.0,"timestamp":1613486866,"path_taken":["M","?","?","$","M","R","E","R","T","?","M","R","M","E","R","BOSS","M","M","M","?","?","R","E","R","T","E","?","?","M","?","R","BOSS","M","?","?","M","$","E","?","M","T","E","M","R","M","E","R","BOSS","BOSS"],"items_purchased_type":["Card","Relic"],"build_version":"2020-12-22","purchased_purges":3,"victory":false,"max_hp_per_floor":[66,66,66,66,66,66,66,66,66,66,66,66,66,66,66,66,66,66,66,66,66,66,66,66,66,66,66,66,66,66,66,66,66,66,66,66,66,66,66,66,66,66,66,66,66,66,66,66,66,66,66,66],"card_choices":[{"not_picked":["Quick Slash","Deflect"],"picked":"Blade Dance","floor":1.0},{"not_picked":["Dodge and Roll","Flying Knee","Heel Hook"],"picked":"SKIP","floor":5.0},{"not_picked":["Sucker Punch","Outmaneuver"],"picked":"Prepared","floor":7.0},{"not_picked":["Dash","Cloak And Dagger"],"picked":"Backflip","floor":10.0},{"not_picked":["Bane","Dash"],"picked":"Accuracy","floor":11.0},{"not_picked":["Setup","Dodge and Roll"],"picked":"Glass Knife","floor":13.0},{"not_picked":["Poisoned Stab","Venomology"],"picked":"Blade Dance","floor":14.0},{"not_picked":["Corpse Explosion","Envenom"],"picked":"Night Terror","floor":16.0},{"not_picked":["Bane","Deadly Poison","Skewer"],"picked":"SKIP","floor":18.0},{"not_picked":["Backflip","Underhanded Strike+1","Slice"],"picked":"SKIP","floor":19.0},{"not_picked":["Dagger Spray","Dagger Throw+1","Deadly Poison"],"picked":"SKIP","floor":20.0},{"not_picked":["Eviscerate","Slice","Acrobatics"],"picked":"SKIP","floor":21.0},{"not_picked":["PiercingWail","Dagger Throw"],"picked":"Acrobatics+1","floor":24.0},{"not_picked":["Poisoned Stab","Cloak And Dagger","Sucker Punch"],"picked":"SKIP","floor":27.0},{"not_picked":["Grand Finale","Deflect"],"picked":"Calculated Gamble","floor":30.0},{"not_picked":["Envenom","Phantasmal Killer"],"picked":"Adrenaline","floor":33.0},{"not_picked":["Underhanded Strike+1","Endless Agony","Dodge and Roll+1"],"picked":"SKIP","floor":35.0},{"not_picked":["Reflex","Riddle With Holes","Slice"],"picked":"SKIP","floor":38.0},{"not_picked":["Acrobatics","Skewer"],"picked":"Blade Dance","floor":40.0},{"not_picked":["Caltrops","Flying Knee","Endless Agony"],"picked":"SKIP","floor":42.0},{"not_picked":["Expertise","Predator","Dodge and Roll+1"],"picked":"SKIP","floor":44.0},{"not_picked":["Sucker Punch","Noxious Fumes","Catalyst"],"picked":"SKIP","floor":45.0},{"not_picked":["Underhanded Strike","All Out Attack","Expertise"],"picked":"SKIP","floor":47.0},{"not_picked":["Heel Hook","Endless Agony+1","Outmaneuver"],"picked":"SKIP","floor":48.0}],"player_experience":1656576,"relics_obtained":[{"floor":7.0,"key":"Orichalcum"},{"floor":9.0,"key":"Du-Vu Doll"},{"floor":14.0,"key":"MawBank"},{"floor":24.0,"key":"aspiration:ChemicalBlood"},{"floor":27.0,"key":"MealTicket"},{"floor":40.0,"key":"Bag of Preparation"},{"floor":41.0,"key":"aspiration:AnachronicSnailShell"},{"floor":44.0,"key":"Lantern"},{"floor":48.0,"key":"The Courier"}],"event_choices":[{"cards_removed":["Strike_G"],"damage_healed":0.0,"max_hp_gain":0.0,"max_hp_loss":0.0,"gold_gain":0.0,"event_name":"Golden Wing","player_choice":"Card Removal","floor":2.0,"gold_loss":0.0,"damage_taken":7.0},{"cards_removed":["Strike_G"],"damage_healed":0.0,"max_hp_gain":0.0,"max_hp_loss":0.0,"gold_gain":0.0,"event_name":"Purifier","player_choice":"Purged","floor":3.0,"gold_loss":0.0,"damage_taken":0.0},{"damage_healed":0.0,"max_hp_gain":0.0,"max_hp_loss":0.0,"gold_gain":50.0,"event_name":"Nest","player_choice":"Stole From Cult","floor":22.0,"gold_loss":0.0,"damage_taken":0.0},{"cards_removed":["Strike_G"],"damage_healed":0.0,"max_hp_gain":0.0,"max_hp_loss":0.0,"gold_gain":0.0,"event_name":"Beggar","player_choice":"Gave Gold","floor":29.0,"gold_loss":75.0,"damage_taken":0.0},{"cards_removed":["Glass Knife"],"damage_healed":0.0,"max_hp_gain":0.0,"max_hp_loss":0.0,"gold_gain":0.0,"event_name":"Falling","player_choice":"Removed Attack","floor":36.0,"gold_loss":0.0,"damage_taken":0.0},{"damage_healed":0.0,"max_hp_gain":0.0,"max_hp_loss":0.0,"gold_gain":0.0,"event_name":"Winding Halls","player_choice":"Embrace Madness","floor":37.0,"gold_loss":0.0,"damage_taken":12.0,"cards_obtained":["Madness","Madness"]},{"damage_healed":0.0,"max_hp_gain":0.0,"max_hp_loss":0.0,"gold_gain":0.0,"event_name":"Mysterious Sphere","player_choice":"Fight","floor":41.0,"gold_loss":0.0,"damage_taken":0.0}],"is_beta":false,"boss_relics":[{"not_picked":["Velvet Choker","HoveringKite"],"picked":"Astrolabe"},{"not_picked":["SacredBark","aspiration:DefectSkillbook"],"picked":"Cursed Key"}],"items_purged_floors":[4,31,39],"is_endless":false,"potions_floor_spawned":[5,7,14,21,27,30,38,40,42,48],"killed_by":"Time Eater","ascension_level":20}}