{"host":"04hh9gplt9wkfmr1","time":1613495473,"event":{"mods":["AchievementEnabler","BaseMod","Colored Map","KOR Keyword Fix","Minty Spire (QoL Compilation)","Rare Cards Sparkle","SuperFastMode"],"gold_per_floor":[115,126,143,153,166,166,199,199,199,229,229,245,259,270,270,375,375,395,395,406,426,302,332,332,350,403,403,355,355,366,395,395,491,491,508,558,558,569,586,624,643,643,643,497,497,523,27,41,41,41],"floor_reached":51,"language":"KOR","playtime":2495,"items_purged":["Defend_P"],"score":986,"play_id":"c89903b2-d7b6-4731-9258-293616ecef3d","local_time":"20210217021113","is_ascension_mode":true,"campfire_choices":[{"data":"Blasphemy","floor":6.0,"key":"SMITH"},{"floor":8.0,"key":"REST"},{"data":"Eruption","floor":11.0,"key":"SMITH"},{"data":"DevaForm","floor":15.0,"key":"SMITH"},{"floor":27.0,"key":"REST"},{"floor":29.0,"key":"REST"},{"data":"BattleHymn","floor":32.0,"key":"SMITH"},{"data":"DeusExMachina","floor":42.0,"key":"SMITH"},{"data":"Devotion","floor":45.0,"key":"SMITH"},{"floor":49,"key":"REST"}],"circlet_count":0,"master_deck":["Eruption+1","Vigilance","Prostrate+1","Blasphemy+1","Prostrate","Prostrate","BattleHymn+1","DevaForm+1","MasterReality","SandsOfTime","Protect","Necronomicurse","Vault","Evaluate","Protect+1","DeusExMachina+1","WreathOfFlame","Wallop","Worship","Prostrate","CarveReality","TalkToTheHand","CarveReality","Sanctity","Sanctity+1","Prostrate+1","Study","Devotion+1","Fasting2+1","Pray+1"],"relics":["PureWater","Singing Bowl","CloakClasp","Shuriken","Sozu","Turnip","Du-Vu Doll","Necronomicon","War Paint","Tiny Chest","Pandora\u0027s Box","Ginger","CeramicFish","Toxic Egg 2","Orrery","HandDrill","Shovel"],"acts_visited":["Exordium","TheCity","TheBeyond","TheBeyond"],"potions_floor_usage":[],"damage_taken":[{"damage":1.0,"enemies":"Cultist","floor":1.0,"turns":5.0},{"damage":1.0,"enemies":"2 Louse","floor":2.0,"turns":4.0},{"damage":0.0,"enemies":"Jaw Worm","floor":3.0,"turns":3.0},{"damage":6.0,"enemies":"Blue Slaver","floor":4.0,"turns":6.0},{"damage":2.0,"enemies":"Looter","floor":5.0,"turns":3.0},{"damage":31.0,"enemies":"Lagavulin","floor":7.0,"turns":11.0},{"damage":13.0,"enemies":"Gremlin Nob","floor":10.0,"turns":5.0},{"damage":0.0,"enemies":"Red Slaver","floor":12.0,"turns":5.0},{"damage":15.0,"enemies":"Lots of Slimes","floor":13.0,"turns":5.0},{"damage":16.0,"enemies":"Exordium Wildlife","floor":14.0,"turns":3.0},{"damage":0.0,"enemies":"Slime Boss","floor":16.0,"turns":7.0},{"damage":19.0,"enemies":"Shell Parasite","floor":18.0,"turns":4.0},{"damage":2.0,"enemies":"Chosen","floor":20.0,"turns":4.0},{"damage":6.0,"enemies":"Snake Plant","floor":21.0,"turns":4.0},{"damage":25.0,"enemies":"Gremlin Leader","floor":23.0,"turns":6.0},{"damage":15.0,"enemies":"Chosen and Byrds","floor":25.0,"turns":4.0},{"damage":0.0,"enemies":"Centurion and Healer","floor":30.0,"turns":6.0},{"damage":33.0,"enemies":"Slavers","floor":31.0,"turns":5.0},{"damage":0.0,"enemies":"Automaton","floor":33.0,"turns":7.0},{"damage":0.0,"enemies":"3 Darklings","floor":35.0,"turns":3.0},{"damage":12.0,"enemies":"Mind Bloom Boss Battle","floor":36.0,"turns":4.0},{"damage":0.0,"enemies":"Orb Walker","floor":38.0,"turns":4.0},{"damage":17.0,"enemies":"Jaw Worm Horde","floor":39.0,"turns":4.0},{"damage":21.0,"enemies":"Nemesis","floor":40.0,"turns":3.0},{"damage":0.0,"enemies":"Transient","floor":41.0,"turns":6.0},{"damage":13,"enemies":"Spire Growth","floor":46,"turns":5},{"damage":20,"enemies":"Jaw Worm Horde","floor":48,"turns":4},{"damage":38,"enemies":"Donu and Deca","floor":50,"turns":7}],"seed_played":"-3461448213042458752","potions_obtained":[{"floor":1.0,"key":"Fruit Juice"},{"floor":3.0,"key":"Weak Potion"},{"floor":12.0,"key":"SteroidPotion"},{"floor":14.0,"key":"FairyPotion"}],"is_trial":false,"path_per_floor":["M","M","M","M","M","R","E","R","T","E","R","M","M","M","R","B",null,"M","T","M","M","$","E","?","M","T","R","$","R","M","E","R","B",null,"M","?","?","M","M","E","M","R","T","$","R","M","$","M","R","B",null],"character_chosen":"WATCHER","items_purchased":["Protect","Evaluate","Prostrate+1","Orrery","Pray+1","HandDrill","Shovel"],"campfire_rested":4,"item_purchase_floors":[22,28,44,44,47,47,47],"current_hp_per_floor":[78,77,77,71,69,69,38,61,61,55,55,55,42,26,26,26,88,69,69,69,65,65,42,26,11,11,39,39,67,67,36,36,36,96,98,86,86,88,71,50,52,52,52,58,58,45,45,27,60,22],"gold":41,"neow_bonus":"TEN_PERCENT_HP_BONUS","is_daily":false,"chose_seed":false,"campfire_upgraded":6,"win_rate":0.0,"timestamp":1613495473,"path_taken":["M","M","M","M","M","R","E","R","T","E","R","M","M","M","R","BOSS","M","?","M","M","$","E","?","M","T","R","?","R","M","E","R","BOSS","M","?","?","?","M","E","M","R","T","$","R","M","$","M","R","BOSS"],"items_purchased_type":["Card","Card","Card","Relic","Card","Relic","Relic"],"build_version":"2020-12-22","purchased_purges":1,"victory":true,"max_hp_per_floor":[79,79,79,79,79,79,79,79,79,86,86,86,88,88,88,88,88,88,88,90,92,92,94,94,94,94,94,94,94,94,96,96,96,96,98,98,98,100,100,100,102,102,102,108,108,108,108,110,110,110],"card_choices":[{"not_picked":["WaveOfTheHand","SashWhip","FollowUp"],"picked":"SKIP","floor":1.0},{"not_picked":["WheelKick","Protect"],"picked":"Prostrate","floor":2.0},{"not_picked":["Prostrate","WreathOfFlame"],"picked":"Blasphemy","floor":3.0},{"not_picked":["Weave","EmptyFist"],"picked":"Prostrate","floor":4.0},{"not_picked":["ThirdEye","Halt","PathToVictory"],"picked":"SKIP","floor":5.0},{"not_picked":["TalkToTheHand","ClearTheMind"],"picked":"Prostrate","floor":7.0},{"not_picked":["Indignation","Tantrum","EmptyFist"],"picked":"Singing Bowl","floor":10.0},{"not_picked":["ThirdEye","WreathOfFlame"],"picked":"BattleHymn","floor":12.0},{"not_picked":["FlurryOfBlows","Weave","SashWhip"],"picked":"Singing Bowl","floor":13.0},{"not_picked":["FlyingSleeves","FearNoEvil"],"picked":"DevaForm","floor":14.0},{"not_picked":["ConjureBlade","Scrawl"],"picked":"MasterReality","floor":16.0},{"not_picked":["CutThroughFate","Perseverance+1"],"picked":"SandsOfTime","floor":18.0},{"not_picked":["Wireheading","Consecrate+1","CrushJoints"],"picked":"Singing Bowl","floor":20.0},{"not_picked":["Consecrate","MentalFortress","ThirdEye+1"],"picked":"Singing Bowl","floor":21.0},{"not_picked":["ThirdEye","JustLucky+1","Perseverance+1"],"picked":"Singing Bowl","floor":23.0},{"not_picked":["LikeWater","WreathOfFlame"],"picked":"Vault","floor":25.0},{"not_picked":["WreathOfFlame","PathToVictory"],"picked":"Protect+1","floor":30.0},{"not_picked":["FlyingSleeves","SashWhip","Indignation"],"picked":"Singing Bowl","floor":31.0},{"not_picked":["LessonLearned","Blasphemy"],"picked":"DeusExMachina","floor":33.0},{"not_picked":["ClearTheMind","Collect+1","SashWhip+1"],"picked":"Singing Bowl","floor":35.0},{"not_picked":["Evaluate+1","EmptyBody"],"picked":"CarveReality","floor":36.0},{"not_picked":["EmptyBody","EmptyFist","InnerPeace"],"picked":"Singing Bowl","floor":38.0},{"not_picked":["Vengeance","LikeWater"],"picked":"Sanctity","floor":39.0},{"not_picked":["Tantrum","EmptyFist"],"picked":"Sanctity+1","floor":40.0},{"not_picked":["PathToVictory+1","JustLucky","Collect+1"],"picked":"Singing Bowl","floor":41.0},{"not_picked":["Wireheading","EmptyBody+1","Alpha+1"],"picked":"Singing Bowl","floor":44.0},{"not_picked":["FlurryOfBlows","BowlingBash+1","CutThroughFate"],"picked":"Singing Bowl","floor":44.0},{"not_picked":["DevaForm","WaveOfTheHand+1"],"picked":"Study","floor":44.0},{"not_picked":["Prostrate+1","BowlingBash+1"],"picked":"Devotion","floor":44.0},{"not_picked":["SignatureMove","Wireheading","FollowUp"],"picked":"Singing Bowl","floor":44.0},{"not_picked":["JustLucky","EmptyFist"],"picked":"Fasting2+1","floor":46},{"not_picked":["Wallop+1","TalkToTheHand","Vengeance+1"],"picked":"Singing Bowl","floor":48}],"player_experience":157191,"relics_obtained":[{"floor":7.0,"key":"Singing Bowl"},{"floor":9.0,"key":"CloakClasp"},{"floor":10.0,"key":"Shuriken"},{"floor":19.0,"key":"Turnip"},{"floor":23.0,"key":"Du-Vu Doll"},{"floor":24.0,"key":"Necronomicon"},{"floor":26.0,"key":"War Paint"},{"floor":31.0,"key":"Tiny Chest"},{"floor":36.0,"key":"Ginger"},{"floor":40.0,"key":"CeramicFish"},{"floor":43.0,"key":"Toxic Egg 2"}],"event_choices":[{"damage_healed":0.0,"max_hp_gain":0.0,"max_hp_loss":0.0,"gold_gain":0.0,"event_name":"Cursed Tome","player_choice":"Obtained Book","floor":24.0,"gold_loss":0.0,"damage_taken":16.0},{"damage_healed":0.0,"max_hp_gain":0.0,"max_hp_loss":0.0,"gold_gain":0.0,"event_name":"MindBloom","player_choice":"Fight","floor":36.0,"gold_loss":0.0,"damage_taken":0.0},{"cards_removed":["Nirvana"],"damage_healed":0.0,"max_hp_gain":0.0,"max_hp_loss":0.0,"gold_gain":0.0,"event_name":"Purifier","player_choice":"Purged","floor":37.0,"gold_loss":0.0,"damage_taken":0.0}],"is_beta":false,"boss_relics":[{"not_picked":["Runic Pyramid","Ectoplasm"],"picked":"Sozu"},{"not_picked":["Philosopher\u0027s Stone","Runic Dome"],"picked":"Pandora\u0027s Box"}],"items_purged_floors":[22],"is_endless":false,"potions_floor_spawned":[1,3,12,14,18,23,31,33,35,39,41,46],"ascension_level":2}}