{"host":"artti7o26te9gn1a","time":1613501631,"event":{"mods":["AchievementEnabler","BaseMod","Beaked The Cultist","BetterRewards","Downfall","Minty Spire (QoL Compilation)","StSLib","Trackpad"],"gold_per_floor":[118,43,61,81,81,108,108,143,143,6,6,25,42,72,72,143,143,163,163,3,19,35,70,70,88,111,111,143,143,143,153,153,231,231,246,260,279,331,351,378,378,406,406,433,433,433,450,468,468,468],"floor_reached":51,"language":"ENG","playtime":2749,"items_purged":["Strike_R"],"score":1922,"play_id":"e6cf9c66-a2c0-4dc9-ae83-a26c1346b375","local_time":"20210216195351","is_ascension_mode":true,"campfire_choices":[{"data":"Apotheosis","floor":7,"key":"SMITH"},{"floor":11,"key":"REST"},{"data":"Feel No Pain","floor":15,"key":"SMITH"},{"data":"Shockwave","floor":24,"key":"SMITH"},{"data":"Offering","floor":27,"key":"SMITH"},{"data":"Bite","floor":30,"key":"SMITH"},{"data":"Bite","floor":32,"key":"SMITH"},{"data":"Limit Break","floor":41,"key":"SMITH"},{"data":"True Grit","floor":46,"key":"SMITH"},{"data":"Ghostly","floor":49,"key":"SMITH"}],"circlet_count":0,"master_deck":["AscendersBane","Defend_R","Defend_R","Defend_R","Defend_R","Bash","Offering+1","Dropkick","Apotheosis+1","Feel No Pain+1","Panacea","True Grit+1","Twin Strike","Spot Weakness","Demon Form","Dropkick","Thunderclap","Pommel Strike","Battle Trance","Burning Pact","Feed","Shockwave+1","Ghostly","Ghostly","Ghostly+1","True Grit+1","Bite+1","Bite+1","Bite","Bite","Bite","Limit Break+1","Sword Boomerang+1","Whirlwind+1","Reckless Charge+1","Wild Strike","Shrug It Off","Sentinel+1"],"relics":["Burning Blood","Singing Bowl","trackpad:IceCube","Blue Candle","Pear","Eternal Feather","trackpad:Mousetrap","bronze:MakeshiftBattery","Medical Kit","InkBottle","Pen Nib","Paper Frog","Coffee Dripper","trackpad:ToughGloves","Pocketwatch","trackpad:AdjectivePendant","Shuriken","TungstenRod"],"acts_visited":["Exordium","TheCity","TheBeyond"],"potions_floor_usage":[25,50,50],"damage_taken":[{"damage":6,"enemies":"Cultist","floor":1,"turns":2},{"damage":10,"enemies":"Jaw Worm","floor":3,"turns":3},{"damage":6,"enemies":"2 Louse","floor":4,"turns":3},{"damage":15,"enemies":"Lagavulin","floor":6,"turns":6},{"damage":45,"enemies":"Gremlin Nob","floor":8,"turns":4},{"damage":9,"enemies":"Exordium Wildlife","floor":12,"turns":5},{"damage":6,"enemies":"Looter","floor":13,"turns":2},{"damage":32,"enemies":"Lagavulin","floor":14,"turns":6},{"damage":18,"enemies":"Hexaghost","floor":16,"turns":8},{"damage":6,"enemies":"Chosen","floor":18,"turns":5},{"damage":1,"enemies":"3 Byrds","floor":21,"turns":4},{"damage":15,"enemies":"3 Cultists","floor":22,"turns":6},{"damage":5,"enemies":"Book of Stabbing","floor":23,"turns":7},{"damage":9,"enemies":"Snake Plant","floor":25,"turns":4},{"damage":5,"enemies":"Slavers","floor":28,"turns":4},{"damage":6,"enemies":"Centurion and Healer","floor":31,"turns":4},{"damage":20,"enemies":"Collector","floor":33,"turns":8},{"damage":6,"enemies":"3 Darklings","floor":35,"turns":5},{"damage":1,"enemies":"Orb Walker","floor":36,"turns":4},{"damage":7,"enemies":"Transient","floor":37,"turns":6},{"damage":9,"enemies":"2 Orb Walkers","floor":38,"turns":3},{"damage":13,"enemies":"4 Shapes","floor":39,"turns":5},{"damage":6,"enemies":"Giant Head","floor":40,"turns":6},{"damage":49,"enemies":"Nemesis","floor":42,"turns":7},{"damage":14,"enemies":"Giant Head","floor":44,"turns":7},{"damage":5,"enemies":"Jaw Worm Horde","floor":47,"turns":4},{"damage":13,"enemies":"Writhing Mass","floor":48,"turns":7},{"damage":63,"enemies":"Time Eater","floor":50,"turns":7}],"seed_played":"-3448301398932126860","potions_obtained":[{"floor":3,"key":"DuplicationPotion"},{"floor":4,"key":"HeartOfIron"},{"floor":14,"key":"bronze:BurnAndBuffPotion"},{"floor":25,"key":"Fruit Juice"},{"floor":33,"key":"LiquidMemories"}],"is_trial":false,"path_per_floor":["M","?","M","M","?","E","R","E","T","$","R","M","M","E","R","B",null,"M","?","$","M","M","E","R","M","T","R","E","?","R","M","R","B",null,"M","M","M","?","M","E","R","E","T","E","?","R","M","M","R","B",null],"character_chosen":"IRONCLAD","items_purchased":["Singing Bowl","Offering","Dropkick","trackpad:IceCube","Apotheosis","Feel No Pain","Dropkick","Thunderclap","Medical Kit"],"campfire_rested":1,"item_purchase_floors":[0,0,0,0,0,0,10,10,20],"current_hp_per_floor":[68,68,66,66,66,57,57,28,28,28,66,63,63,37,49,37,75,79,45,45,50,46,49,57,61,61,64,68,47,47,53,53,53,53,55,55,55,55,57,61,61,32,32,44,46,65,71,71,71,26],"gold":468,"neow_bonus":"","is_daily":false,"chose_seed":false,"campfire_upgraded":9,"win_rate":0.0,"timestamp":1613501631,"path_taken":["M","?","M","M","?","E","R","E","T","?","R","M","M","E","R","BOSS","M","?","$","M","M","E","R","M","T","R","E","?","R","M","R","BOSS","M","M","M","?","M","E","R","E","T","E","?","R","M","M","R","BOSS"],"items_purchased_type":["Relic","Card","Card","Relic","Card","Card","Card","Card","Relic"],"build_version":"2020-12-22","purchased_purges":1,"victory":true,"max_hp_per_floor":[75,75,77,77,77,77,77,87,87,87,87,87,87,87,87,87,87,91,45,45,50,55,57,57,64,64,64,68,47,47,53,53,53,53,55,55,55,55,61,61,61,61,61,63,65,65,71,71,71,71],"card_choices":[{"not_picked":["Pummel","Havoc"],"picked":"True Grit","floor":1},{"not_picked":["Heavy Blade","Body Slam","Infernal Blade"],"picked":"Singing Bowl","floor":3},{"not_picked":["Carnage","True Grit"],"picked":"Twin Strike","floor":4},{"not_picked":["Headbutt","Anger"],"picked":"Spot Weakness","floor":6},{"not_picked":["Sentinel","Havoc"],"picked":"Demon Form","floor":8},{"not_picked":["Armaments","Uppercut"],"picked":"Pommel Strike","floor":12},{"not_picked":["Body Slam","True Grit"],"picked":"Battle Trance","floor":13},{"not_picked":["Anger","Body Slam"],"picked":"Burning Pact","floor":14},{"not_picked":["Corruption","Brutality"],"picked":"Feed","floor":16},{"not_picked":["Infernal Blade+1","Iron Wave"],"picked":"Shockwave","floor":18},{"not_picked":["Thunderclap","Heavy Blade","Hemokinesis"],"picked":"Singing Bowl","floor":21},{"not_picked":["Headbutt","Shockwave","Perfected Strike"],"picked":"Singing Bowl","floor":22},{"not_picked":["Demon Form","Inflame","Second Wind"],"picked":"Singing Bowl","floor":23},{"not_picked":["Intimidate","Inflame","Burning Pact"],"picked":"Singing Bowl","floor":25},{"not_picked":["Uppercut","Headbutt"],"picked":"True Grit+1","floor":28},{"not_picked":["Havoc","Flex","True Grit"],"picked":"Singing Bowl","floor":31},{"not_picked":["Brutality","Bludgeon"],"picked":"Limit Break","floor":33},{"not_picked":["Armaments","Searing Blow","Shockwave"],"picked":"Singing Bowl","floor":35},{"not_picked":["Twin Strike","Perfected Strike+1"],"picked":"Sword Boomerang+1","floor":36},{"not_picked":["Heavy Blade","Disarm"],"picked":"Whirlwind+1","floor":37},{"not_picked":["Flex","Warcry"],"picked":"Reckless Charge+1","floor":38},{"not_picked":["Armaments","Bludgeon","Carnage"],"picked":"Singing Bowl","floor":39},{"not_picked":["Hemokinesis","Spot Weakness"],"picked":"Wild Strike","floor":40},{"not_picked":["Intimidate","Armaments"],"picked":"Shrug It Off","floor":42},{"not_picked":["True Grit","Intimidate+1","Armaments"],"picked":"Singing Bowl","floor":44},{"not_picked":["Purity","Good Instincts","Transmutation"],"picked":"Singing Bowl","floor":45},{"not_picked":["Sword Boomerang","Clash","Intimidate"],"picked":"Singing Bowl","floor":47},{"not_picked":["Clothesline+1","Ghostly Armor"],"picked":"Sentinel+1","floor":48}],"player_experience":791294,"relics_obtained":[{"floor":6,"key":"Blue Candle"},{"floor":8,"key":"Pear"},{"floor":9,"key":"Eternal Feather"},{"floor":14,"key":"trackpad:Mousetrap"},{"floor":23,"key":"InkBottle"},{"floor":26,"key":"Pen Nib"},{"floor":28,"key":"Paper Frog"},{"floor":38,"key":"trackpad:ToughGloves"},{"floor":40,"key":"Pocketwatch"},{"floor":42,"key":"trackpad:AdjectivePendant"},{"floor":43,"key":"Shuriken"},{"floor":44,"key":"TungstenRod"}],"event_choices":[{"cards_removed":["Strike_R"],"damage_healed":0,"gold_gain":0,"player_choice":"Card Removal","damage_taken":0,"max_hp_gain":0,"max_hp_loss":0,"event_name":"The Cleric","floor":2,"gold_loss":75},{"damage_healed":0,"gold_gain":0,"player_choice":"Ignored","damage_taken":0,"max_hp_gain":0,"max_hp_loss":0,"event_name":"Shining Light","floor":5,"gold_loss":0},{"damage_healed":0,"gold_gain":0,"player_choice":"Became a Ghost","damage_taken":0,"max_hp_gain":0,"max_hp_loss":46,"event_name":"Ghosts","floor":19,"gold_loss":0,"cards_obtained":["Ghostly","Ghostly","Ghostly"]},{"damage_healed":0,"gold_gain":0,"player_choice":"Became a vampire","damage_taken":0,"max_hp_gain":0,"max_hp_loss":21,"event_name":"Vampires","floor":29,"gold_loss":0,"cards_obtained":["Bite","Bite","Bite","Bite","Bite"]},{"damage_healed":0,"gold_gain":0,"player_choice":"Fight","damage_taken":0,"max_hp_gain":0,"max_hp_loss":0,"event_name":"Mysterious Sphere","floor":38,"gold_loss":0},{"damage_healed":0,"gold_gain":0,"player_choice":"Memory 1","damage_taken":0,"max_hp_gain":0,"max_hp_loss":0,"event_name":"SensoryStone","floor":45,"gold_loss":0}],"is_beta":false,"boss_relics":[{"not_picked":["Astrolabe","Runic Cube"],"picked":"bronze:MakeshiftBattery"},{"not_picked":["SacredBark","Busted Crown"],"picked":"Coffee Dripper"}],"items_purged_floors":[0],"is_endless":false,"potions_floor_spawned":[3,4,12,13,14,16,21,23,25,33,36,39,40,42,47],"ascension_level":18}}