{"host":"q393yg6r5o2yq652","time":1613484630,"event":{"mods":["BaseMod","Colored Map","Minty Spire (QoL Compilation)","Permanent Neow","Relic Stats","everything is the same but u backflip on backflip"],"gold_per_floor":[113,113,14,14,26,55,71,71,94,124,136,148,177,205,217,333,345,372,399,411,443,725,737,784,392,392,392,417,417,437,20,20,125,125,136,151,168,181,230,230,249,277,302,302,319,334,354,58,58,58],"floor_reached":51,"language":"ENG","playtime":1361,"items_purged":["Defend_R","Defend_R","Defend_R","Strike_R"],"score":840,"play_id":"8796f8ad-7732-4e5e-88e7-574d47bf4400","local_time":"20210216091030","is_ascension_mode":true,"campfire_choices":[{"data":"Flex","floor":11.0,"key":"SMITH"},{"data":"Battle Trance","floor":15.0,"key":"SMITH"},{"data":"Double Tap","floor":23,"key":"SMITH"},{"floor":27,"key":"REST"},{"data":"Flex","floor":29,"key":"SMITH"},{"data":"Inflame","floor":32,"key":"SMITH"},{"data":"Spot Weakness","floor":40,"key":"SMITH"},{"floor":44,"key":"REST"},{"data":"Strike_R","floor":49,"key":"SMITH"}],"circlet_count":0,"master_deck":["Strike_R","Strike_R","Strike_R+1","Strike_R+1","Bash+1","Flex+1","Battle Trance+1","Double Tap+1","Sword Boomerang+1","Thunderclap+1","Whirlwind+1","Flex+1","Spot Weakness+1","Inflame+1","Offering+1","Heavy Blade+1","Heavy Blade+1"],"relics":["Burning Blood","Whetstone","Paper Frog","Boot","Molten Egg 2","Dream Catcher","MawBank","Velvet Choker","Oddly Smooth Stone","Vajra","Bag of Marbles","Bag of Preparation","Red Skull","ClockworkSouvenir","Sozu","Champion Belt","Toy Ornithopter","War Paint","HandDrill"],"acts_visited":["Exordium","TheCity","TheBeyond"],"potions_floor_usage":[50,50],"damage_taken":[{"damage":6.0,"enemies":"Jaw Worm","floor":1.0,"turns":3.0},{"damage":1.0,"enemies":"2 Louse","floor":5.0,"turns":2.0},{"damage":8.0,"enemies":"Gremlin Nob","floor":6.0,"turns":3.0},{"damage":5.0,"enemies":"Small Slimes","floor":7.0,"turns":2.0},{"damage":26.0,"enemies":"Lagavulin","floor":10.0,"turns":5.0},{"damage":11.0,"enemies":"Exordium Wildlife","floor":13.0,"turns":3.0},{"damage":7.0,"enemies":"Blue Slaver","floor":14.0,"turns":2.0},{"damage":11.0,"enemies":"Slime Boss","floor":16.0,"turns":5.0},{"damage":19,"enemies":"Shell Parasite","floor":18,"turns":3},{"damage":0,"enemies":"Spheric Guardian","floor":19,"turns":2},{"damage":4,"enemies":"Chosen and Byrds","floor":21,"turns":3},{"damage":33,"enemies":"Slavers","floor":24,"turns":3},{"damage":0,"enemies":"Book of Stabbing","floor":28,"turns":1},{"damage":0,"enemies":"Shelled Parasite and Fungi","floor":30,"turns":1},{"damage":38,"enemies":"Collector","floor":33,"turns":3},{"damage":0,"enemies":"Orb Walker","floor":35,"turns":1},{"damage":0,"enemies":"3 Darklings","floor":36,"turns":1},{"damage":18,"enemies":"4 Shapes","floor":37,"turns":1},{"damage":25,"enemies":"Maw","floor":38,"turns":3},{"damage":0,"enemies":"2 Orb Walkers","floor":39,"turns":1},{"damage":6,"enemies":"Transient","floor":41,"turns":5},{"damage":9,"enemies":"Giant Head","floor":42,"turns":3},{"damage":12,"enemies":"4 Shapes","floor":45,"turns":1},{"damage":0,"enemies":"3 Darklings","floor":46,"turns":1},{"damage":0,"enemies":"Spire Growth","floor":47,"turns":2},{"damage":24,"enemies":"Time Eater","floor":50,"turns":4}],"seed_played":"-8235240344370280317","potions_obtained":[{"floor":5.0,"key":"Fire Potion"},{"floor":7.0,"key":"BloodPotion"},{"floor":14.0,"key":"HeartOfIron"},{"floor":18,"key":"ColorlessPotion"},{"floor":24,"key":"EssenceOfSteel"},{"floor":28,"key":"Ancient Potion"}],"is_trial":false,"path_per_floor":["M","?","$","?","M","E","M","T","T","E","R","?","M","M","R","B",null,"M","M","?","M","?","R","E","$","T","R","E","R","M","$","R","B",null,"M","M","M","M","?","R","M","E","T","R","M","M","M","$","R","B",null],"character_chosen":"IRONCLAD","items_purchased":["Flex","Bag of Marbles","Spot Weakness","Inflame","Offering","ClockworkSouvenir","HandDrill"],"campfire_rested":2,"item_purchase_floors":[3,25,25,25,31,31,48],"current_hp_per_floor":[80,68,68,73,78,76,77,77,77,57,57,57,52,51,51,46,85,72,78,78,80,53,53,26,26,26,51,57,57,63,63,63,31,85,85,85,73,54,60,60,60,57,57,82,76,82,85,85,85,77],"gold":58,"neow_bonus":"RANDOM_COMMON_RELIC","is_daily":false,"chose_seed":false,"campfire_upgraded":7,"win_rate":0.0,"timestamp":1613484630,"path_taken":["M","?","$","?","M","E","M","?","T","E","R","?","?","M","R","BOSS","M","M","?","?","?","R","E","$","T","R","E","R","M","$","R","BOSS","M","M","M","?","?","R","M","E","T","R","M","M","M","$","R","BOSS"],"items_purchased_type":["Card","Relic","Card","Card","Card","Relic","Relic"],"build_version":"2020-12-22","purchased_purges":4,"victory":true,"max_hp_per_floor":[80,80,80,85,85,85,85,85,85,85,85,85,85,85,85,85,85,85,85,85,85,85,85,85,85,85,85,85,85,85,85,85,85,85,85,85,85,85,85,85,85,85,85,85,85,85,85,85,85,85],"relic_stats":{"counters":[26,64],"Bag of Preparation":[28],"Whetstone":["Bash","Strike_R"],"War Paint":["Offering"],"Boot":[10],"MawBank":180,"Burning Blood":141,"Sozu":2,"Dream Catcher":2,"HandDrill":[0],"Champion Belt":[21],"obtain_stats":[{"Velvet Choker":17,"Oddly Smooth Stone":20,"Vajra":24,"Bag of Preparation":26,"Whetstone":0,"War Paint":43,"Boot":6,"MawBank":10,"Burning Blood":0,"ClockworkSouvenir":31,"Sozu":34,"Dream Catcher":9,"Molten Egg 2":8,"Bag of Marbles":25,"HandDrill":48,"Champion Belt":39,"Red Skull":28,"Toy Ornithopter":42,"Paper Frog":2},{"Velvet Choker":8,"Oddly Smooth Stone":10,"Vajra":12,"Bag of Preparation":12,"Whetstone":0,"War Paint":22,"Boot":3,"MawBank":5,"Burning Blood":0,"ClockworkSouvenir":14,"Sozu":15,"Dream Catcher":4,"Molten Egg 2":4,"Bag of Marbles":12,"HandDrill":25,"Champion Belt":20,"Red Skull":13,"Toy Ornithopter":22,"Paper Frog":1},{"Velvet Choker":25,"Oddly Smooth Stone":30,"Vajra":36,"Bag of Preparation":36,"Whetstone":0,"War Paint":56,"Boot":8,"MawBank":15,"Burning Blood":0,"ClockworkSouvenir":38,"Sozu":41,"Dream Catcher":10,"Molten Egg 2":10,"Bag of Marbles":36,"HandDrill":60,"Champion Belt":48,"Red Skull":37,"Toy Ornithopter":56,"Paper Frog":3}],"Toy Ornithopter":10},"card_choices":[{"not_picked":["Wild Strike","Perfected Strike","Ghostly Armor"],"picked":"SKIP","floor":1.0},{"not_picked":["Armaments","Shrug It Off","Body Slam"],"picked":"SKIP","floor":5.0},{"not_picked":["True Grit","Warcry","Shrug It Off"],"picked":"SKIP","floor":6.0},{"not_picked":["Warcry","Dropkick","Armaments"],"picked":"SKIP","floor":7.0},{"not_picked":["Disarm","Reckless Charge+1"],"picked":"Battle Trance","floor":10.0},{"not_picked":["Dark Embrace","Anger+1","Shrug It Off"],"picked":"SKIP","floor":13.0},{"not_picked":["Shrug It Off","Havoc","Armaments"],"picked":"SKIP","floor":14.0},{"not_picked":["Impervious","Corruption"],"picked":"Double Tap","floor":16.0},{"not_picked":["Heavy Blade+1","Pommel Strike+1"],"picked":"Sword Boomerang+1","floor":18},{"not_picked":["Body Slam+1","Armaments"],"picked":"Thunderclap+1","floor":19},{"not_picked":["Thunderclap+1","Second Wind"],"picked":"Whirlwind+1","floor":21},{"not_picked":["True Grit","Second Wind"],"picked":"Flex","floor":24},{"not_picked":["Corruption","Havoc","Iron Wave+1"],"picked":"SKIP","floor":28},{"not_picked":["Disarm","Dropkick+1","Anger+1"],"picked":"SKIP","floor":30},{"not_picked":["Dark Embrace","Clash+1","Perfected Strike+1"],"picked":"SKIP","floor":35},{"not_picked":["Body Slam+1","True Grit","Havoc+1"],"picked":"SKIP","floor":36},{"not_picked":["Armaments+1","Wild Strike+1","Perfected Strike+1"],"picked":"SKIP","floor":37},{"not_picked":["Thunderclap+1","Headbutt+1"],"picked":"Heavy Blade+1","floor":38},{"not_picked":["Inflame","Havoc","Clothesline+1"],"picked":"SKIP","floor":41},{"not_picked":["Clothesline+1","Sentinel","Headbutt+1"],"picked":"SKIP","floor":42},{"not_picked":["Rage","Brutality","Dropkick+1"],"picked":"SKIP","floor":45},{"not_picked":["Ghostly Armor+1","Seeing Red+1"],"picked":"Heavy Blade+1","floor":46},{"not_picked":["Carnage+1","Cleave+1","Heavy Blade+1"],"picked":"SKIP","floor":47}],"player_experience":329919,"relics_obtained":[{"floor":6.0,"key":"Boot"},{"floor":8.0,"key":"Molten Egg 2"},{"floor":9.0,"key":"Dream Catcher"},{"floor":10.0,"key":"MawBank"},{"floor":24,"key":"Vajra"},{"floor":26,"key":"Bag of Preparation"},{"floor":28,"key":"Red Skull"},{"floor":39,"key":"Champion Belt"},{"floor":42,"key":"Toy Ornithopter"},{"floor":43,"key":"War Paint"}],"event_choices":[{"damage_healed":0.0,"max_hp_gain":0.0,"max_hp_loss":0.0,"gold_gain":0.0,"event_name":"Scrap Ooze","player_choice":"Success","floor":2.0,"gold_loss":0.0,"damage_taken":12.0,"relics_obtained":["Paper Frog"]},{"damage_healed":0.0,"max_hp_gain":5.0,"max_hp_loss":0.0,"gold_gain":0.0,"event_name":"Big Fish","player_choice":"Donut","floor":4.0,"gold_loss":0.0,"damage_taken":0.0},{"cards_removed":["Defend_R"],"damage_healed":0.0,"max_hp_gain":0.0,"max_hp_loss":0.0,"gold_gain":0.0,"event_name":"Living Wall","player_choice":"Forget","floor":12.0,"gold_loss":0.0,"damage_taken":0.0},{"damage_healed":0,"gold_gain":0,"player_choice":"Gave Potion","damage_taken":0,"relics_obtained":["Oddly Smooth Stone"],"max_hp_gain":0,"max_hp_loss":0,"event_name":"WeMeetAgain","floor":20,"gold_loss":0},{"damage_healed":0,"gold_gain":270,"player_choice":"GOLD GOLD GOLD ","damage_taken":27,"max_hp_gain":0,"max_hp_loss":0,"event_name":"Knowing Skull","floor":22,"potions_obtained":[],"gold_loss":0,"cards_obtained":[]},{"damage_healed":0,"gold_gain":0,"player_choice":"Fight","damage_taken":0,"max_hp_gain":0,"max_hp_loss":0,"event_name":"Mysterious Sphere","floor":39,"gold_loss":0}],"is_beta":false,"boss_relics":[{"not_picked":["Snecko Eye","Fusion Hammer"],"picked":"Velvet Choker"},{"not_picked":["Empty Cage","Runic Pyramid"],"picked":"Sozu"}],"items_purged_floors":[3,25,31,48],"is_endless":false,"potions_floor_spawned":[5,7,14,18,24,28,30,33,35,37,39,41,45],"ascension_level":1}}