{"host":"uikxj58mzlixykyi","time":1613475435,"event":{"mods":["AchievementEnabler","BaseMod","BetterRewards","Colored Map","Colored Powertips","Downfall","Highlight Path","Minty Spire (QoL Compilation)","Rare Cards Sparkle","Replay The Spire","Shop Mod","StSLib"],"gold_per_floor":[99,99,99,99,99,99,99,249,249,264,264,274,292,292,304,304,304,304],"floor_reached":16,"language":"ENG","playtime":360,"items_purged":[],"score":145,"play_id":"65e6d2bd-0aa3-4143-9212-e28c991366b5","local_time":"20210216133715","is_ascension_mode":true,"campfire_choices":[{"data":"Slimebound:CorrosiveSpit","floor":1,"key":"SMITH"},{"data":"Slimebound:ProtectTheBoss","floor":6,"key":"SMITH"},{"data":"Slimebound:Split","floor":9,"key":"SMITH"},{"data":"Slimebound:FirmFortitude","floor":11,"key":"SMITH"}],"circlet_count":0,"master_deck":["AscendersBane","Slimebound:Strike_Slimebound","Slimebound:Strike_Slimebound","Slimebound:Strike_Slimebound","Slimebound:Tackle","Slimebound:Defend_Slimebound","Slimebound:Defend_Slimebound","Slimebound:Defend_Slimebound","Slimebound:Defend_Slimebound","Slimebound:Split+1","Slimebound:CorrosiveSpit+1","Slimebound:ProtectTheBoss+1","Slimebound:SplitMire","Slimebound:FirmFortitude+1"],"relics":["Slimebound:AbsorbEndCombat","downfall:HeartsMalice","Nunchaku","CultistMask"],"acts_visited":["Exordium"],"potions_floor_usage":[13],"damage_taken":[{"damage":0,"enemies":"Small Slimes","floor":2,"turns":1},{"damage":0,"enemies":"Cultist","floor":4,"turns":1},{"damage":0,"enemies":"downfall:FleeingMerchant","floor":5,"turns":1},{"damage":3,"enemies":"2 Louse","floor":10,"turns":3},{"damage":4,"enemies":"Red Slaver","floor":12,"turns":3},{"damage":4,"enemies":"Lots of Slimes","floor":13,"turns":2},{"damage":10,"enemies":"2 Fungi Beasts","floor":15,"turns":2},{"damage":42,"enemies":"WA_ARCHETYPE_RETAIN","floor":16,"turns":6}],"seed_played":"-2834100638492866235","potions_obtained":[{"floor":10,"key":"Reflective Coating"},{"floor":12,"key":"Explosive Potion"},{"floor":15,"key":"Venom Potion"}],"is_trial":false,"path_per_floor":["R","M","?","M","$","R","T","?","R","M","R","M","M","?","M","B"],"character_chosen":"SLIMEBOUND","items_purchased":[],"campfire_rested":0,"item_purchase_floors":[],"current_hp_per_floor":[59,59,41,41,41,41,41,41,41,44,44,44,40,40,34,0,0,0],"gold":304,"neow_bonus":"THREE_ENEMY_KILL","is_daily":false,"chose_seed":false,"campfire_upgraded":4,"win_rate":0.0,"timestamp":1613475435,"path_taken":["R","M","?","M","$","R","T","?","R","M","R","?","M","?","M","BOSS"],"items_purchased_type":[],"build_version":"2020-12-22","purchased_purges":0,"victory":false,"max_hp_per_floor":[65,65,65,65,65,65,65,65,65,65,65,65,65,65,65,65,65,65],"card_choices":[{"not_picked":["Slimebound:GoopTackle","Slimebound:LeechEnergy","Slimebound:LeechingTouch"],"picked":"SKIP","floor":2},{"not_picked":["Slimebound:GoopTackle","Slimebound:GrowthPunch"],"picked":"Slimebound:ProtectTheBoss","floor":4},{"not_picked":["Slimebound:PressTheAttack","Slimebound:Equalize"],"picked":"Slimebound:SplitMire","floor":5},{"not_picked":["Slimebound:ItLooksTasty","Slimebound:HauntingLick"],"picked":"Slimebound:FirmFortitude","floor":10},{"not_picked":["Slimebound:LeechingTouch","Slimebound:RollThrough","Slimebound:BestDefense"],"picked":"SKIP","floor":12},{"not_picked":["Slimebound:SamplingLick","Slimebound:GoopTackle","Slimebound:PressTheAttack"],"picked":"SKIP","floor":13},{"not_picked":["Slimebound:RainOfGoop","Slimebound:AcidTongue","Slimebound:Grow"],"picked":"SKIP","floor":15}],"player_experience":194268,"relics_obtained":[{"floor":7,"key":"Blue Candle"}],"event_choices":[{"damage_healed":0,"gold_gain":0,"player_choice":"Success","damage_taken":18,"relics_obtained":["Nunchaku"],"max_hp_gain":0,"max_hp_loss":0,"event_name":"Scrap Ooze","floor":3,"gold_loss":0},{"damage_healed":0,"gold_gain":0,"player_choice":"Trade","damage_taken":0,"relics_obtained":["CultistMask"],"max_hp_gain":0,"max_hp_loss":0,"event_name":"FaceTrader","floor":14,"gold_loss":0}],"is_beta":false,"boss_relics":[],"items_purged_floors":[],"is_endless":false,"potions_floor_spawned":[10,12,15],"killed_by":"WA_ARCHETYPE_RETAIN","ascension_level":13}}