{"host":"5wwct7e0z3l0f094","time":1613437435,"event":{"mods":["AchievementEnabler","BaseMod","Downfall","Highlight Path","Minty Spire (QoL Compilation)","StSLib","SuperFastMode"],"gold_per_floor":[118,137,87,87,12,43,43,43,43,68,68,85,85,85],"floor_reached":13,"language":"ENG","playtime":295,"items_purged":["Defend_G"],"score":174,"play_id":"1ead5e7c-1db6-482d-97ba-581bcb729e35","local_time":"20210215200355","is_ascension_mode":true,"campfire_choices":[],"circlet_count":0,"master_deck":["AscendersBane","Strike_G","Strike_G","Strike_G","Strike_G","Defend_G","Defend_G","Defend_G","Survivor","Neutralize","Cloak And Dagger","Blade Dance","Regret"],"relics":["Ring of the Snake","NeowsBlessing","Orichalcum","Bronze Scales","Thread and Needle","Ancient Tea Set"],"acts_visited":["Exordium"],"potions_floor_usage":[13],"damage_taken":[{"damage":0,"enemies":"Jaw Worm","floor":1,"turns":1},{"damage":0,"enemies":"Small Slimes","floor":2,"turns":1},{"damage":0,"enemies":"3 Sentries","floor":6,"turns":1},{"damage":29,"enemies":"Gremlin Nob","floor":10,"turns":5},{"damage":2,"enemies":"2 Louse","floor":12,"turns":3},{"damage":25,"enemies":"Lagavulin","floor":13,"turns":8}],"seed_played":"1729135566523644239","potions_obtained":[{"floor":6,"key":"Guardian:BlockOnCardUsePotion"}],"is_trial":false,"path_per_floor":["M","M","?","?","$","E","?","$","T","E","$","M","E"],"character_chosen":"THE_SILENT","items_purchased":[],"campfire_rested":0,"item_purchase_floors":[],"current_hp_per_floor":[63,63,63,56,56,56,56,56,56,27,27,25,0,0],"gold":85,"neow_bonus":"THREE_ENEMY_KILL","is_daily":false,"chose_seed":false,"campfire_upgraded":0,"win_rate":0.0,"timestamp":1613437435,"path_taken":["M","M","?","?","$","E","?","$","T","E","?","?","E"],"items_purchased_type":[],"build_version":"2020-12-22","purchased_purges":1,"victory":false,"max_hp_per_floor":[70,70,70,70,70,70,70,70,70,70,70,70,70,70],"card_choices":[{"not_picked":["PiercingWail","Expertise","Sucker Punch"],"picked":"SKIP","floor":1},{"not_picked":["Slice","Quick Slash"],"picked":"Cloak And Dagger","floor":2},{"not_picked":["Skewer","Unload"],"picked":"Blade Dance","floor":6},{"not_picked":["Dagger Spray","Well Laid Plans","Poisoned Stab"],"picked":"SKIP","floor":10},{"not_picked":["Distraction","Quick Slash","Sucker Punch"],"picked":"SKIP","floor":12}],"player_experience":330320,"relics_obtained":[{"floor":6,"key":"Orichalcum"},{"floor":9,"key":"Thread and Needle"},{"floor":10,"key":"Ancient Tea Set"}],"event_choices":[{"cards_removed":["Defend_G"],"damage_healed":0,"gold_gain":0,"player_choice":"Card Removal","damage_taken":0,"max_hp_gain":0,"max_hp_loss":0,"event_name":"The Cleric","floor":3,"gold_loss":50},{"cards_removed":["Strike_G"],"damage_healed":0,"gold_gain":0,"player_choice":"Card Removal","damage_taken":7,"max_hp_gain":0,"max_hp_loss":0,"event_name":"Golden Wing","floor":4,"gold_loss":0},{"damage_healed":0,"gold_gain":0,"player_choice":"Box","damage_taken":0,"relics_obtained":["Bronze Scales"],"max_hp_gain":0,"max_hp_loss":0,"event_name":"Big Fish","floor":7,"gold_loss":0,"cards_obtained":["Regret"]}],"is_beta":false,"boss_relics":[],"items_purged_floors":[5],"is_endless":false,"potions_floor_spawned":[6],"killed_by":"Lagavulin","ascension_level":10}}