{"host":"e4udrxcgdvpx3wcj","time":1613514761,"event":{"mods":["Act Like it!","Aspiration","Astrologer","BaseMod","Gensokyo","Highlight Path","Infinite Spire","Koishi","Marisa????????","Minty Spire (QoL Compilation)","Replay The Spire","StSLib","SuperFastMode","The Bug Knight","The Construct","The Jungle","The Runesmith","The Servant 0.9.4","TheBandit"],"gold_per_floor":[115,132,48,48,66,98,98,129,129,129,13,32,32,363,363,440,440,453,466,466,66,66,66],"floor_reached":22,"language":"ENG","playtime":1123,"items_purged":["Strike_S"],"score":424,"play_id":"18731394-c1fe-4154-8243-b5455264eb3d","local_time":"20210216173241","is_ascension_mode":true,"campfire_choices":[{"data":"MurderousAura","floor":7,"key":"SMITH"},{"data":"Moondial","floor":10,"key":"SMITH"},{"floor":15,"key":"REST"}],"circlet_count":0,"master_deck":["AscendersBane","Strike_S","Defend_S","KidneyShot","Exchange","Koishi:Provoke","MurderousAura+1","ShatteredReality","Defy","SoulSculpture","Phantasmal Killer","Blur","Concentrate","BestPractice","Deny","Moondial+1","Manipulate","Initiator","Sabotage","SoulSculpture","Moondial"],"relics":["Uniform","Replay:Wax Seal","Omamori","Replay:Rubber Ducky","OldScarf","Replay:Drink Me","Golden Egg","Juzu Bracelet","CeramicFish"],"acts_visited":["Gensokyo:Gensokyo","Gensokyo:Gensokyoer"],"potions_floor_usage":[6,14,22],"damage_taken":[{"damage":4,"enemies":"Gensokyo:2_Kodama","floor":1,"turns":5},{"damage":8,"enemies":"Gensokyo:Gryphon","floor":2,"turns":4},{"damage":0,"enemies":"Gensokyo:Python","floor":5,"turns":2},{"damage":15,"enemies":"Gensokyo:Cirno","floor":6,"turns":8},{"damage":0,"enemies":"Gensokyo:Mamizou","floor":8,"turns":6},{"damage":8,"enemies":"Gensokyo:Gryphon_and_Rabbit","floor":12,"turns":7},{"damage":9,"enemies":"Gensokyo:Cirno","floor":14,"turns":7},{"damage":12,"enemies":"Gensokyo:Kokoro","floor":16,"turns":11},{"damage":0,"enemies":"Gensokyo:2_Gloops","floor":18,"turns":4},{"damage":26,"enemies":"Gensokyo:3_Dogs","floor":19,"turns":4},{"damage":31,"enemies":"Gensokyo:Slime_Group","floor":22,"turns":2}],"seed_played":"5281182336220399645","potions_obtained":[{"floor":2,"key":"Adrenaline Potion"},{"floor":12,"key":"ColorlessPotion"},{"floor":14,"key":"FairyPotion"},{"floor":16,"key":"Doom Potion"},{"floor":18,"key":"Weak Potion"}],"is_trial":false,"path_per_floor":["M","M","$","?","M","E","R","E","T","R","COS","M","$","E","R","B",null,"M","M","?","$","M"],"character_chosen":"THE_SERVANT","items_purchased":["SoulSculpture","Juzu Bracelet","CeramicFish"],"campfire_rested":1,"item_purchase_floors":[3,21,21],"current_hp_per_floor":[50,42,42,42,42,27,27,27,27,27,27,19,19,10,28,16,38,38,12,14,14,0,0],"gold":66,"neow_bonus":"THREE_RARE_CARDS","is_daily":false,"chose_seed":false,"campfire_upgraded":2,"win_rate":0.0,"timestamp":1613514761,"path_taken":["M","M","$","?","M","E","R","E","T","R","COS","M","?","E","R","BOSS","M","M","?","$","M"],"items_purchased_type":["Card","Relic","Relic"],"build_version":"2020-12-22","purchased_purges":1,"victory":false,"max_hp_per_floor":[60,60,60,60,60,60,60,60,60,60,60,60,60,60,60,60,45,45,45,45,45,45,45],"card_choices":[{"not_picked":["FloweringNight","Sunlight"],"picked":"MurderousAura","floor":0},{"not_picked":["Unruled","Spin"],"picked":"ShatteredReality","floor":1},{"not_picked":["DoubleEdge","Rearm"],"picked":"Defy","floor":2},{"not_picked":["Unruled","FastForward"],"picked":"BestPractice","floor":5},{"not_picked":["FastForward","SilverMatrix"],"picked":"Deny","floor":6},{"not_picked":["Foresight","DoubleEdge"],"picked":"Moondial","floor":8},{"not_picked":["FanOfKnives","Desolation"],"picked":"Manipulate","floor":12},{"not_picked":["Deny","MurderousAura"],"picked":"Initiator","floor":14},{"not_picked":["Shuttle","Reset"],"picked":"Sabotage","floor":14},{"not_picked":["KillingDoll","MurderousAura"],"picked":"SoulSculpture","floor":16},{"not_picked":["Rearm","Revamp","Defy"],"picked":"SKIP","floor":18},{"not_picked":["Potential","ShatteredReality"],"picked":"Moondial","floor":19}],"player_experience":2413184,"relics_obtained":[{"floor":6,"key":"Replay:Wax Seal"},{"floor":8,"key":"Omamori"},{"floor":9,"key":"Replay:Rubber Ducky"},{"floor":14,"key":"OldScarf"}],"event_choices":[],"is_beta":false,"boss_relics":[{"not_picked":["Snecko Heart","Snecko Eye"],"picked":"Replay:Drink Me"}],"items_purged_floors":[21],"is_endless":false,"potions_floor_spawned":[2,12,14,16,18,19],"killed_by":"Gensokyo:Slime_Group","ascension_level":20}}