{"host":"dlqyscxstsnu98l1","time":1613459891,"event":{"mods":["AchievementEnabler","BaseMod","Colored Map","Colored Powertips","GifTheSpireLib","Highlight Path","Minty Spire (QoL Compilation)","Random Character Button","SacredBarkPlus","StSLib","everything is the same but u backflip on backflip"],"gold_per_floor":[211,230,230,230,246,246,266,8,8,8,8,8,43,53,53,158,158,169,84,96,96,106,106,106,106,157,157,190,210,210,45,45,148,148,168,128,144,154,164,199,199,199,225,225,245,195,214,231,231,231,231,231,55,80,80],"floor_reached":56,"language":"ENG","playtime":3127,"items_purged":["Strike_B+1","Pain","Strike_B+1"],"score":1436,"play_id":"71342046-981a-4b7a-9195-48be59f1ca70","local_time":"20210216011811","is_ascension_mode":true,"campfire_choices":[{"data":"Genetic Algorithm","floor":6,"key":"SMITH"},{"data":"Dualcast","floor":10,"key":"SMITH"},{"data":"FTL","floor":12,"key":"SMITH"},{"data":"Cold Snap","floor":15,"key":"SMITH"},{"floor":23,"key":"REST"},{"floor":25,"key":"RECALL"},{"floor":27,"key":"REST"},{"floor":30,"key":"REST"},{"floor":32,"key":"REST"},{"floor":41,"key":"REST"},{"floor":49,"key":"REST"},{"floor":52,"key":"REST"}],"circlet_count":0,"master_deck":["Strike_B+1","Strike_B+1","Defend_B+1","Defend_B+1","Defend_B+1","Defend_B+1","Zap+1","Dualcast+1","Steam","FTL+1","Genetic Algorithm+1","Cold Snap+1","Heatsinks+1","Loop+1","Creative AI+1","Conserve Battery+1","Leap","Ghostly","Ghostly","Ghostly","Ghostly","Ghostly","Loop+1","Machine Learning+1","Defragment+1","Glacier","Amplify+1","Ball Lightning+1","Lockon+1","Defragment+1","Decay","Force Field","Capacitor+1","Auto Shields"],"relics":["Cracked Core","Membership Card","Vajra","Frozen Egg 2","Question Card","Fusion Hammer","Unceasing Top","Tiny Chest","Sundial","Runic Capacitor","Cursed Key","DataDisk","Bag of Preparation","Oddly Smooth Stone","Whetstone"],"acts_visited":["Exordium","TheCity","TheBeyond","TheEnding"],"potions_floor_usage":[13,16,16,28,33,50,50,50],"damage_taken":[{"damage":0,"enemies":"2 Louse","floor":1,"turns":2},{"damage":0,"enemies":"Small Slimes","floor":2,"turns":2},{"damage":7,"enemies":"Jaw Worm","floor":5,"turns":3},{"damage":9,"enemies":"3 Louse","floor":7,"turns":3},{"damage":0,"enemies":"3 Sentries","floor":13,"turns":6},{"damage":9,"enemies":"Red Slaver","floor":14,"turns":2},{"damage":15,"enemies":"Slime Boss","floor":16,"turns":9},{"damage":20,"enemies":"2 Thieves","floor":18,"turns":4},{"damage":17,"enemies":"Spheric Guardian","floor":20,"turns":4},{"damage":22,"enemies":"Snake Plant","floor":22,"turns":4},{"damage":6,"enemies":"Slavers","floor":28,"turns":7},{"damage":3,"enemies":"Centurion and Healer","floor":29,"turns":8},{"damage":13,"enemies":"Champ","floor":33,"turns":8},{"damage":0,"enemies":"Orb Walker","floor":35,"turns":5},{"damage":0,"enemies":"3 Shapes","floor":37,"turns":6},{"damage":0,"enemies":"Maw","floor":38,"turns":6},{"damage":0,"enemies":"Jaw Worm Horde","floor":39,"turns":5},{"damage":34,"enemies":"Giant Head","floor":40,"turns":9},{"damage":8,"enemies":"Sphere and 2 Shapes","floor":45,"turns":7},{"damage":0,"enemies":"Spire Growth","floor":47,"turns":4},{"damage":0,"enemies":"Maw","floor":48,"turns":6},{"damage":6,"enemies":"Time Eater","floor":50,"turns":9},{"damage":36,"enemies":"Shield and Spear","floor":54,"turns":6},{"damage":0,"enemies":"The Heart","floor":55,"turns":12}],"seed_played":"3502505058047152962","potions_obtained":[{"floor":2,"key":"LiquidBronze"},{"floor":7,"key":"Strength Potion"},{"floor":11,"key":"FocusPotion"},{"floor":11,"key":"SkillPotion"},{"floor":16,"key":"FocusPotion"},{"floor":28,"key":"Strength Potion"},{"floor":33,"key":"LiquidMemories"},{"floor":35,"key":"SkillPotion"},{"floor":37,"key":"PotionOfCapacity"},{"floor":54,"key":"SteroidPotion"}],"is_trial":false,"path_per_floor":["M","M","?","?","M","R","M","$","T","R","?","R","E","M","R","B",null,"M","?","M","?","M","R","?","R","T","R","E","M","R","$","R","B",null,"M","?","M","M","M","E","R","?","T","T","M","$","M","M","R","B",null,"R","$","E","B",null],"character_chosen":"DEFECT","items_purchased":["Membership Card","Vajra","Block Potion","Runic Capacitor","Defragment+1","Glacier","Oddly Smooth Stone","Capacitor+1"],"campfire_rested":7,"item_purchase_floors":[8,8,8,31,31,31,53,53],"current_hp_per_floor":[75,75,75,75,68,68,59,59,59,59,59,59,59,50,50,35,75,55,55,38,38,16,38,37,37,37,37,31,28,37,37,37,24,37,37,37,37,37,37,3,14,14,14,14,6,6,6,6,17,11,37,37,37,1,1],"gold":80,"neow_bonus":"HUNDRED_GOLD","is_daily":false,"chose_seed":false,"campfire_upgraded":4,"win_rate":0.0,"timestamp":1613459891,"path_taken":["M","M","?","?","M","R","?","$","T","R","?","R","E","M","R","BOSS","M","?","M","?","M","R","?","R","T","R","E","M","R","$","R","BOSS","M","?","M","?","M","E","R","?","T","?","M","$","M","M","R","BOSS","R","$","E","BOSS"],"items_purchased_type":["Relic","Relic","Potion","Relic","Card","Card","Relic","Card"],"build_version":"2020-12-22","purchased_purges":3,"victory":true,"max_hp_per_floor":[75,75,75,75,75,75,75,75,75,75,75,75,75,75,75,75,75,75,75,75,75,75,75,37,37,37,37,37,37,37,37,37,37,37,37,37,37,37,37,37,37,37,37,37,37,37,37,37,37,37,37,37,37,37,37],"card_choices":[{"not_picked":["Hologram","Stack"],"picked":"Steam","floor":1},{"not_picked":["Force Field","Doom and Gloom"],"picked":"FTL","floor":2},{"not_picked":["Doom and Gloom","Storm"],"picked":"Genetic Algorithm","floor":5},{"not_picked":["Coolheaded","Sweeping Beam"],"picked":"Cold Snap","floor":7},{"not_picked":["Sweeping Beam","Storm+1"],"picked":"Heatsinks+1","floor":13},{"not_picked":["Beam Cell","Rebound","Coolheaded"],"picked":"Loop+1","floor":14},{"not_picked":["All For One","Meteor Strike","Core Surge"],"picked":"Creative AI+1","floor":16},{"not_picked":["Consume","Gash","Stack+1","Sweeping Beam"],"picked":"SKIP","floor":18},{"not_picked":["Go for the Eyes","Beam Cell","Barrage"],"picked":"Conserve Battery+1","floor":20},{"not_picked":["Doom and Gloom+1","Hologram","Redo"],"picked":"Leap","floor":22},{"not_picked":["Streamline","Consume","Cold Snap"],"picked":"Loop+1","floor":28},{"not_picked":["Turbo+1","Hologram+1","Recycle"],"picked":"Machine Learning+1","floor":29},{"not_picked":["Core Surge","Buffer+1","Biased Cognition+1"],"picked":"Amplify","floor":33},{"not_picked":["Turbo+1","Conserve Battery","Streamline","Scrape+1"],"picked":"SKIP","floor":35},{"not_picked":["Streamline+1","Beam Cell+1","Sunder","Double Energy+1"],"picked":"SKIP","floor":37},{"not_picked":["Steam","Stack","Reprogram+1"],"picked":"Ball Lightning+1","floor":38},{"not_picked":["Rebound","Undo+1","Sweeping Beam"],"picked":"Lockon+1","floor":39},{"not_picked":["Double Energy","Skim+1","Beam Cell+1","Fusion+1"],"picked":"SKIP","floor":40},{"not_picked":["Beam Cell+1","Hello World+1","Creative AI+1"],"picked":"Force Field","floor":45},{"not_picked":["Hologram+1","FTL","Beam Cell+1","Aggregate+1"],"picked":"SKIP","floor":47},{"not_picked":["Auto Shields","Recycle+1","Beam Cell+1","Chaos"],"picked":"SKIP","floor":48},{"not_picked":["Gash","Double Energy","Conserve Battery"],"picked":"Auto Shields","floor":54}],"player_experience":218111,"relics_obtained":[{"floor":9,"key":"Frozen Egg 2"},{"floor":13,"key":"Question Card"},{"floor":26,"key":"Tiny Chest"},{"floor":28,"key":"Sundial"},{"floor":40,"key":"DataDisk"},{"floor":44,"key":"Bag of Preparation"},{"floor":54,"key":"Whetstone"}],"event_choices":[{"damage_healed":0,"gold_gain":0,"player_choice":"Leave","damage_taken":0,"max_hp_gain":0,"max_hp_loss":0,"event_name":"The Cleric","floor":3,"gold_loss":0},{"damage_healed":0,"gold_gain":0,"player_choice":"Grow","damage_taken":0,"max_hp_gain":0,"max_hp_loss":0,"event_name":"Living Wall","floor":4,"gold_loss":0,"cards_upgraded":["Zap"]},{"damage_healed":0,"gold_gain":0,"player_choice":"Got Potions","damage_taken":0,"max_hp_gain":0,"max_hp_loss":0,"event_name":"Lab","floor":11,"gold_loss":0},{"damage_healed":0,"gold_gain":0,"player_choice":"Obtained Relic","damage_taken":0,"relics_obtained":["Unceasing Top"],"max_hp_gain":0,"max_hp_loss":0,"event_name":"Addict","floor":19,"gold_loss":85},{"damage_healed":0,"gold_gain":0,"player_choice":"Simplicity","damage_taken":0,"max_hp_gain":0,"max_hp_loss":0,"event_name":"Back to Basics","floor":21,"gold_loss":0,"cards_upgraded":["Strike_B","Strike_B","Strike_B","Strike_B","Defend_B","Defend_B","Defend_B","Defend_B"]},{"damage_healed":0,"gold_gain":0,"player_choice":"Became a Ghost","damage_taken":0,"max_hp_gain":0,"max_hp_loss":38,"event_name":"Ghosts","floor":24,"gold_loss":0,"cards_obtained":["Ghostly","Ghostly","Ghostly","Ghostly","Ghostly"]},{"damage_healed":0,"gold_gain":0,"player_choice":"Upgrade","damage_taken":0,"max_hp_gain":0,"max_hp_loss":0,"event_name":"Designer","floor":36,"gold_loss":40,"cards_upgraded":["Amplify"]},{"damage_healed":0,"gold_gain":0,"player_choice":"Copied","damage_taken":0,"max_hp_gain":0,"max_hp_loss":0,"event_name":"Duplicator","floor":42,"gold_loss":0,"cards_obtained":["Defragment"]}],"is_beta":false,"boss_relics":[{"not_picked":["Runic Dome","SacredBark"],"picked":"Fusion Hammer"},{"not_picked":["Pandora\u0027s Box","Velvet Choker"],"picked":"Cursed Key"}],"items_purged_floors":[31,46,53],"is_endless":false,"potions_floor_spawned":[2,7,16,28,33,35,37,47,48,54],"ascension_level":4}}