{"host":"txona5ehdq2r96f3","time":1613482073,"event":{"mods":["2.2 Compatiblity","AchievementEnabler","Aspiration","Bard","BaseMod","Beaked The Cultist","Colored Powertips","Conspire","Downfall","Halation","Hubris","Infinite Spire","Mad Scientist","Marisa????????","Minty Spire (QoL Compilation)","Random Character Button","Rare Cards Sparkle","Reliquary","Replay The Spire","StSLib","The Animator","The Cursed","The Disciple","The Necromancer","The Runesmith","The Servant 0.9.4","Unceasing Turn Reminder","egg","everything is the same but u backflip on backflip"],"gold_per_floor":[118,133,133,133,58,93,93,93,93],"floor_reached":8,"language":"ENG","playtime":312,"items_purged":["Strike_G"],"score":68,"play_id":"7e405b5d-fb7a-4c9c-8c17-3ee7b86571c8","local_time":"20210216142753","is_ascension_mode":true,"campfire_choices":[{"floor":7,"key":"REST"}],"circlet_count":0,"master_deck":["Strike_G","Strike_G+1","Strike_G","Defend_G","Defend_G","Defend_G","Defend_G","Defend_G","Survivor","Neutralize","Night Terror+1","Cloak And Dagger"],"relics":["Ring of the Snake","halation:PinkSoulGem","Replay:Wax Seal"],"acts_visited":["Exordium"],"potions_floor_usage":[],"damage_taken":[{"damage":0,"enemies":"2 Louse","floor":1,"turns":4},{"damage":10,"enemies":"Jaw Worm","floor":2,"turns":9},{"damage":29,"enemies":"3 Sentries","floor":6,"turns":9},{"damage":64,"enemies":"Gremlin Nob","floor":8,"turns":5}],"seed_played":"-535898862100768609","potions_obtained":[{"floor":2,"key":"Swift Potion"}],"is_trial":false,"path_per_floor":["M","M","?","?","$","E","R","E"],"character_chosen":"THE_SILENT","items_purchased":[],"campfire_rested":1,"item_purchase_floors":[],"current_hp_per_floor":[70,60,46,46,46,17,38,0,0],"gold":93,"neow_bonus":"TRANSFORM_CARD","is_daily":false,"chose_seed":false,"campfire_upgraded":0,"win_rate":0.0,"timestamp":1613482073,"path_taken":["M","M","?","?","?","E","R","E"],"items_purchased_type":[],"build_version":"2020-12-22","purchased_purges":1,"victory":false,"max_hp_per_floor":[70,70,70,70,70,70,70,70,70],"card_choices":[{"not_picked":["PiercingWail","Blade Dance"],"picked":"Cloak And Dagger","floor":1},{"not_picked":["Cloak And Dagger","Sneak Up","hubris:SlightOfHand"],"picked":"SKIP","floor":2},{"not_picked":["Backflip","Deflect","Sucker Punch"],"picked":"SKIP","floor":6}],"player_experience":147835,"relics_obtained":[{"floor":6,"key":"Replay:Wax Seal"}],"event_choices":[{"damage_healed":0,"gold_gain":0,"player_choice":"Entered Light","damage_taken":14,"max_hp_gain":0,"max_hp_loss":0,"event_name":"Shining Light","floor":3,"gold_loss":0,"cards_upgraded":["Night Terror","Strike_G"]}],"is_beta":false,"boss_relics":[],"items_purged_floors":[5],"is_endless":false,"potions_floor_spawned":[2],"killed_by":"Gremlin Nob","ascension_level":5}}