{"host":"p55ahgraoahruc9a","time":1613441324,"event":{"mods":["AchievementEnabler","BaseMod","Colored Map","Keyboard Shortcuts","Minty Spire (QoL Compilation)","Permanent Neow","Quick Restart"],"gold_per_floor":[366,380,397,410,335,335,349,349,349,374,374,405,422,436,436,539,539,555,312,277,73,73,73,90,90,90,90,100,118,138,150,150,150,150],"floor_reached":33,"language":"KOR","playtime":1971,"items_purged":["Strike_R","Bash","Strike_R"],"score":316,"play_id":"5ef23095-9aa8-4800-bbe3-d872d3d49303","local_time":"20210216110844","is_ascension_mode":true,"campfire_choices":[{"data":"Flame Barrier","floor":6.0,"key":"SMITH"},{"data":"Armaments","floor":8.0,"key":"SMITH"},{"data":"Body Slam","floor":15.0,"key":"SMITH"},{"data":"Seeing Red","floor":23.0,"key":"SMITH"},{"floor":27.0,"key":"REST"},{"floor":32,"key":"REST"}],"circlet_count":0,"master_deck":["Strike_R","Strike_R","Strike_R","Defend_R","Defend_R","Defend_R","Defend_R","Wild Strike","Flex","Flame Barrier+1","Pummel","Armaments+1","Body Slam+1","Shrug It Off","Shrug It Off","Seeing Red+1","Offering"],"relics":["Burning Blood","White Beast Statue","Question Card","Omamori","SacredBark","Medical Kit","Oddly Smooth Stone"],"acts_visited":["Exordium","TheCity"],"potions_floor_usage":[33],"damage_taken":[{"damage":6.0,"enemies":"Jaw Worm","floor":1.0,"turns":4.0},{"damage":0.0,"enemies":"Cultist","floor":2.0,"turns":2.0},{"damage":0.0,"enemies":"Small Slimes","floor":3.0,"turns":3.0},{"damage":4.0,"enemies":"Exordium Wildlife","floor":4.0,"turns":3.0},{"damage":15.0,"enemies":"Large Slime","floor":7.0,"turns":6.0},{"damage":50.0,"enemies":"3 Sentries","floor":10.0,"turns":15.0},{"damage":19.0,"enemies":"Lagavulin","floor":12.0,"turns":8.0},{"damage":1.0,"enemies":"Red Slaver","floor":13.0,"turns":2.0},{"damage":0.0,"enemies":"2 Fungi Beasts","floor":14.0,"turns":3.0},{"damage":28.0,"enemies":"The Guardian","floor":16.0,"turns":10.0},{"damage":9.0,"enemies":"3 Byrds","floor":18.0,"turns":6.0},{"damage":18.0,"enemies":"2 Thieves","floor":20.0,"turns":5.0},{"damage":39.0,"enemies":"Centurion and Healer","floor":24.0,"turns":13.0},{"damage":13.0,"enemies":"Snake Plant","floor":28.0,"turns":4.0},{"damage":0.0,"enemies":"Sentry and Sphere","floor":29.0,"turns":1.0},{"damage":14.0,"enemies":"Shelled Parasite and Fungi","floor":30.0,"turns":8.0},{"damage":11,"enemies":"Snake Plant","floor":31,"turns":5},{"damage":13,"enemies":"Automaton","floor":33,"turns":4}],"seed_played":"4916649955784314327","potions_obtained":[{"floor":4.0,"key":"Block Potion"},{"floor":7.0,"key":"Regen Potion"},{"floor":10.0,"key":"PowerPotion"},{"floor":12.0,"key":"GamblersBrew"},{"floor":13.0,"key":"Block Potion"},{"floor":16.0,"key":"Swift Potion"},{"floor":18.0,"key":"DuplicationPotion"},{"floor":20.0,"key":"ElixirPotion"},{"floor":24.0,"key":"AttackPotion"},{"floor":28.0,"key":"CultistPotion"},{"floor":29.0,"key":"Explosive Potion"},{"floor":30.0,"key":"ElixirPotion"},{"floor":31,"key":"Regen Potion"}],"is_trial":false,"path_per_floor":["M","M","M","M","$","R","M","R","T","E","?","E","M","M","R","B",null,"M","$","M","$","?","R","M","?","T","R","M","M","M","M","R","B"],"character_chosen":"IRONCLAD","items_purchased":["Medical Kit","Seeing Red"],"campfire_rested":2,"item_purchase_floors":[19,21],"current_hp_per_floor":[72,72,72,72,72,72,63,63,63,34,34,21,26,32,32,10,72,69,69,57,57,44,44,11,11,11,34,27,33,25,20,43,30,30],"gold":150,"neow_bonus":"TWO_FIFTY_GOLD","is_daily":false,"chose_seed":false,"campfire_upgraded":4,"win_rate":0.0,"timestamp":1613441324,"path_taken":["M","M","M","M","$","R","M","R","T","E","?","E","M","?","R","BOSS","M","$","M","$","?","R","M","?","T","R","M","M","M","M","R","BOSS"],"items_purchased_type":["Relic","Card"],"build_version":"2020-12-22","purchased_purges":3,"victory":false,"max_hp_per_floor":[72,72,72,72,72,72,72,72,72,72,72,72,72,72,72,72,72,72,72,72,72,77,77,77,77,77,77,77,77,77,77,77,77,77],"card_choices":[{"not_picked":["Anger","Dual Wield"],"picked":"Wild Strike","floor":1.0},{"not_picked":["True Grit","Pommel Strike"],"picked":"Flex","floor":2.0},{"not_picked":["Feel No Pain","Reckless Charge"],"picked":"Flame Barrier","floor":3.0},{"not_picked":["Flex","Heavy Blade"],"picked":"Pummel","floor":4.0},{"not_picked":["Anger","Ghostly Armor"],"picked":"Armaments","floor":7.0},{"not_picked":["Corruption","Headbutt","Infernal Blade"],"picked":"SKIP","floor":10.0},{"not_picked":["Whirlwind","Wild Strike","Iron Wave"],"picked":"Body Slam","floor":12.0},{"not_picked":["Pommel Strike","Reckless Charge","Perfected Strike","Heavy Blade"],"picked":"SKIP","floor":13.0},{"not_picked":["Wild Strike","Twin Strike","Clash"],"picked":"Shrug It Off","floor":14.0},{"not_picked":["Rupture","Wild Strike","Headbutt","Disarm+1"],"picked":"SKIP","floor":18.0},{"not_picked":["Sword Boomerang","Dual Wield","Headbutt+1"],"picked":"Shrug It Off","floor":20.0},{"not_picked":["Havoc","Rupture","Uppercut","Rage"],"picked":"SKIP","floor":24.0},{"not_picked":["Headbutt","Thunderclap","Clothesline","Wild Strike"],"picked":"SKIP","floor":28.0},{"not_picked":["Cleave","Clothesline","Fire Breathing+1"],"picked":"Offering","floor":29.0},{"not_picked":["Shrug It Off","Combust","Reckless Charge+1","Headbutt"],"picked":"SKIP","floor":30.0},{"not_picked":["Armaments","Dark Embrace","Clash","Twin Strike"],"picked":"SKIP","floor":31}],"player_experience":101890,"relics_obtained":[{"floor":9.0,"key":"White Beast Statue"},{"floor":10.0,"key":"Question Card"},{"floor":12.0,"key":"Omamori"},{"floor":26.0,"key":"Oddly Smooth Stone"}],"event_choices":[{"damage_healed":0.0,"max_hp_gain":0.0,"max_hp_loss":0.0,"gold_gain":0.0,"event_name":"FaceTrader","player_choice":"Leave","floor":11.0,"gold_loss":0.0,"damage_taken":0.0},{"damage_healed":0.0,"max_hp_gain":5.0,"max_hp_loss":0.0,"gold_gain":0.0,"event_name":"Forgotten Altar","player_choice":"Shed Blood","floor":22.0,"gold_loss":0.0,"damage_taken":18.0},{"damage_healed":0.0,"max_hp_gain":0.0,"max_hp_loss":0.0,"gold_gain":0.0,"event_name":"Cursed Tome","player_choice":"Ignored","floor":25.0,"gold_loss":0.0,"damage_taken":0.0}],"is_beta":false,"boss_relics":[{"not_picked":["Astrolabe","Coffee Dripper"],"picked":"SacredBark"}],"items_purged_floors":[5,19,21],"is_endless":false,"potions_floor_spawned":[4,7,10,12,13,14,16,18,20,24,28,29,30,31],"killed_by":"Automaton","ascension_level":4}}