{"host":"627up2rvtmm0cf0r","time":1613457261,"event":{"mods":["ATMod(°¢èªMod)","Act Like it!","BaseMod","Better Vampires","Bossed Relics","CapriCore","Card Filter","Card Forge","Colored Powertips","DeckTracker","Dota2Spire","Downfall","Energized Spire","Friendly Minions","Highlight Path","Infinite Spire","Jedi Mod","Minty Spire (QoL Compilation)","MostiFishMod","Permanent Neow","Practice Mode","Quick Restart","Relic Stats","Reliquary","Shop Mod","Spicy Shops","StSLib","SuperFastMode","TestMod","¡¾ÒÅÎï¿¨ÅÆ¡¿REMEMod","óô»ðÖ¸ÄÏ"],"gold_per_floor":[116,134,148,158,158,158,158,158],"floor_reached":7,"language":"ZHS","playtime":175,"items_purged":[],"score":54,"play_id":"13dd4523-7453-4483-8c8b-149ec13cdb3f","local_time":"20210216143421","is_ascension_mode":true,"campfire_choices":[{"data":"MostiFishMod:Overload","floor":6,"key":"SMITH"}],"circlet_count":0,"master_deck":["Strike_B","Strike_B","Strike_B","Strike_B","Defend_B","Defend_B","Defend_B","Defend_B","Zap","Dualcast","MostiFishMod:Exploitation","MostiFishMod:Overload+1"],"relics":["Cracked Core","Hammer of Thor","Seething Fire","Anvil of the Gods","DaveBox","testmod-TestBox","REME_ComplimentaryCards","AT_ATBox","testmod-RealStoneCalender","The Courier","SynthV:TestCard"],"acts_visited":["Exordium"],"potions_floor_usage":[7,7],"damage_taken":[{"damage":28,"enemies":"infinitespire:Voidling","floor":1,"turns":4},{"damage":0,"enemies":"Small Slimes","floor":2,"turns":2},{"damage":6,"enemies":"Cultist","floor":3,"turns":4},{"damage":12,"enemies":"3 Louse","floor":4,"turns":4},{"damage":38,"enemies":"Gremlin Nob","floor":7,"turns":3}],"seed_played":"2988083164390149088","potions_obtained":[{"floor":1,"key":"jedi:coolantleak"},{"floor":2,"key":"PotionOfCapacity"},{"floor":4,"key":"GamblersBrew"},{"floor":5,"key":"Explosive Potion"}],"is_trial":false,"path_per_floor":["M","M","M","M","?","R","E"],"character_chosen":"DEFECT","items_purchased":[],"campfire_rested":0,"item_purchase_floors":[],"current_hp_per_floor":[56,56,50,38,38,38,0,0],"gold":158,"neow_bonus":"ONE_RANDOM_RARE_CARD","is_daily":false,"chose_seed":false,"campfire_upgraded":1,"win_rate":0.0,"timestamp":1613457261,"path_taken":["M","M","?","M","?","R","E"],"items_purchased_type":[],"build_version":"2020-12-22","purchased_purges":0,"victory":false,"max_hp_per_floor":[75,75,75,75,75,75,75,75],"relic_stats":{"counters":[5,17],"obtain_stats":[{"testmod-RealStoneCalender":0,"testmod-TestBox":0,"AT_ATBox":0,"SynthV:TestCard":1,"DaveBox":0,"Anvil of the Gods":0,"Hammer of Thor":0,"The Courier":0,"Seething Fire":0,"Cracked Core":0,"REME_ComplimentaryCards":0},{"testmod-RealStoneCalender":0,"testmod-TestBox":0,"AT_ATBox":0,"SynthV:TestCard":1,"DaveBox":0,"Anvil of the Gods":0,"Hammer of Thor":0,"The Courier":0,"Seething Fire":0,"Cracked Core":0,"REME_ComplimentaryCards":0},{"testmod-RealStoneCalender":0,"testmod-TestBox":0,"AT_ATBox":0,"SynthV:TestCard":4,"DaveBox":0,"Anvil of the Gods":0,"Hammer of Thor":0,"The Courier":0,"Seething Fire":0,"Cracked Core":0,"REME_ComplimentaryCards":0}]},"card_choices":[{"not_picked":["MostiFishMod:Impulse","Turbo","jedi:markofdeath"],"picked":"SKIP","floor":1},{"not_picked":["REME_Compress","Tempest","jedi:BurstFrost","jedi:BurstLightning","Chaos"],"picked":"SKIP","floor":2},{"not_picked":["Fusion","Defragment","Barrage","MostiFishMod:PushDownKick","Leap"],"picked":"SKIP","floor":3},{"not_picked":["Rebound","Cold Snap","Sweeping Beam","AT_StudyProgram"],"picked":"MostiFishMod:Overload","floor":4}],"player_experience":167594,"relics_obtained":[{"floor":1,"key":"SynthV:TestCard"}],"event_choices":[{"damage_healed":0,"gold_gain":0,"player_choice":"Got Potions","damage_taken":0,"max_hp_gain":0,"max_hp_loss":0,"event_name":"Lab","floor":5,"gold_loss":0}],"is_beta":false,"boss_relics":[],"items_purged_floors":[],"is_endless":false,"potions_floor_spawned":[1,2,4],"killed_by":"Gremlin Nob","ascension_level":5}}