{"host":"2uq4yl5bzsf2ox6r","time":1613505251,"event":{"mods":["BaseMod","Downfall","Highlight Path","Minty Spire (QoL Compilation)","Relic Stats","StSLib"],"gold_per_floor":[99,99,99,99,99,99,148,148,148,172,12,47,47,32,49,49,49,49],"floor_reached":16,"language":"ENG","playtime":836,"items_purged":["Slimebound:Strike_Slimebound"],"score":110,"play_id":"159c6cad-a8a8-4d53-8be5-b057e500a6d0","local_time":"20210216145411","is_ascension_mode":true,"campfire_choices":[{"data":"Slimebound:CorrosiveSpit","floor":1,"key":"SMITH"},{"data":"Slimebound:BestDefense","floor":8,"key":"SMITH"},{"floor":13,"key":"REST"}],"circlet_count":0,"master_deck":["Slimebound:Strike_Slimebound","Slimebound:Strike_Slimebound","Slimebound:Tackle","Slimebound:Defend_Slimebound","Slimebound:Defend_Slimebound","Slimebound:Defend_Slimebound","Slimebound:Split","Slimebound:CorrosiveSpit+1","Slimebound:Prepare","Slimebound:ViciousTackle","Slimebound:BestDefense+1","Slimebound:FinishingTackle","Slimebound:ComboTackle","Slimebound:BestDefense","Slimebound:RollThrough","Slimebound:SpikyOuterGoop"],"relics":["Slimebound:AbsorbEndCombat","downfall:HeartsMalice","Anchor","Bag of Preparation","Blue Candle","Odd Mushroom","Turnip"],"acts_visited":["Exordium"],"potions_floor_usage":[16,16],"damage_taken":[{"damage":0,"enemies":"2 Louse","floor":2,"turns":1},{"damage":0,"enemies":"Small Slimes","floor":3,"turns":1},{"damage":0,"enemies":"Jaw Worm","floor":5,"turns":1},{"damage":18,"enemies":"The Mushroom Lair","floor":10,"turns":4},{"damage":5,"enemies":"downfall:FleeingMerchant","floor":11,"turns":4},{"damage":34,"enemies":"3 Sentries","floor":12,"turns":7},{"damage":7,"enemies":"downfall:FleeingMerchant","floor":14,"turns":4},{"damage":0,"enemies":"Large Slime","floor":15,"turns":3},{"damage":58,"enemies":"DF_ARCHETYPE_STREAMLINE","floor":16,"turns":6}],"seed_played":"-5405364954085263471","potions_obtained":[{"floor":12,"key":"Energy Potion"},{"floor":15,"key":"Slimebound:SlimedPotion"}],"is_trial":false,"path_per_floor":["R","M","M","?","M","?","T","R","T","?","$","E","R","$","M","B"],"character_chosen":"SLIMEBOUND","items_purchased":["Slimebound:BestDefense"],"campfire_rested":1,"item_purchase_floors":[11],"current_hp_per_floor":[65,65,65,65,65,58,58,58,58,44,43,11,30,27,31,0,0,0],"gold":49,"neow_bonus":"THREE_ENEMY_KILL","is_daily":false,"chose_seed":false,"campfire_upgraded":2,"win_rate":0.0,"timestamp":1613505251,"path_taken":["R","M","M","?","M","?","T","R","?","?","$","E","R","?","M","BOSS"],"items_purchased_type":["Card"],"build_version":"2020-12-22","purchased_purges":1,"victory":false,"max_hp_per_floor":[65,65,65,65,65,65,65,65,65,65,65,65,65,65,65,65,65,65],"relic_stats":{"counters":[9,28],"Blue Candle":[0],"Turnip":[2],"Bag of Preparation":[12],"obtain_stats":[{"Anchor":6,"Blue Candle":9,"downfall:HeartsMalice":0,"Turnip":12,"Slimebound:AbsorbEndCombat":0,"Bag of Preparation":7,"Odd Mushroom":10},{"Anchor":3,"Blue Candle":3,"downfall:HeartsMalice":0,"Turnip":6,"Slimebound:AbsorbEndCombat":0,"Bag of Preparation":3,"Odd Mushroom":4},{"Anchor":0,"Blue Candle":0,"downfall:HeartsMalice":0,"Turnip":15,"Slimebound:AbsorbEndCombat":0,"Bag of Preparation":0,"Odd Mushroom":4}]},"card_choices":[{"not_picked":["Slimebound:LivingWall","Slimebound:ItLooksTasty"],"picked":"Slimebound:Prepare","floor":2},{"not_picked":["Slimebound:TongueLash","Slimebound:Equalize"],"picked":"Slimebound:ViciousTackle","floor":3},{"not_picked":["Slimebound:LeadByExample","Slimebound:LivingWall"],"picked":"Slimebound:BestDefense","floor":5},{"not_picked":["Slimebound:SplitBruiser","Slimebound:ComboTackle"],"picked":"Slimebound:FinishingTackle","floor":10},{"not_picked":["Slimebound:Overexert","Slimebound:HauntingLick"],"picked":"Slimebound:ComboTackle","floor":11},{"not_picked":["Slimebound:FinishingTackle","Slimebound:RainOfGoop"],"picked":"Slimebound:RollThrough","floor":12},{"not_picked":["Slimebound:PressTheAttack","Slimebound:SlimeBarrage","Slimebound:PrepareCrush"],"picked":"SKIP","floor":14},{"not_picked":["Slimebound:ComboTackle","Slimebound:LeechingTouch"],"picked":"Slimebound:SpikyOuterGoop","floor":15}],"player_experience":196047,"relics_obtained":[{"floor":7,"key":"Bag of Preparation"},{"floor":9,"key":"Blue Candle"},{"floor":10,"key":"Odd Mushroom"},{"floor":12,"key":"Turnip"}],"event_choices":[{"cards_removed":["Slimebound:Defend_Slimebound"],"damage_healed":0,"gold_gain":0,"player_choice":"Card Removal","damage_taken":0,"max_hp_gain":0,"max_hp_loss":0,"event_name":"The Cleric","floor":4,"gold_loss":0},{"damage_healed":0,"gold_gain":0,"player_choice":"Success","damage_taken":7,"relics_obtained":["Anchor"],"max_hp_gain":0,"max_hp_loss":0,"event_name":"Scrap Ooze","floor":6,"gold_loss":0},{"damage_healed":0,"gold_gain":0,"player_choice":"Fought Mushrooms","damage_taken":0,"max_hp_gain":0,"max_hp_loss":0,"event_name":"Mushrooms","floor":10,"gold_loss":0}],"is_beta":false,"boss_relics":[],"items_purged_floors":[11],"is_endless":false,"potions_floor_spawned":[12,15],"killed_by":"DF_ARCHETYPE_STREAMLINE","ascension_level":4}}