{"host":"toh0bbw446wnuexf","time":1613436877,"event":{"mods":["BaseMod","Downfall","Hermit","Minty Spire (QoL Compilation)","Random Character Button","Robot Space Explorer","StSLib"],"gold_per_floor":[113,113,124,144,163,163,189,189,213,228,228,228,228,253,253,354,354,364,364,374,374,391,416,416,432,459,459,471,471,471,165,165,262,262,282,292,292,305,50,50,66,84,84,94,105,30,30,30,30,30],"floor_reached":51,"language":"ENG","playtime":2633,"items_purged":["RobotSpaceExplorer:PowerGlove+1"],"score":769,"play_id":"c7d3b5de-02c9-4a01-ae01-50da4600381e","local_time":"20210216135437","is_ascension_mode":false,"campfire_choices":[{"data":"RobotSpaceExplorer:MiniDrones","floor":6,"key":"SMITH"},{"data":"RobotSpaceExplorer:PowerGlove","floor":8,"key":"SMITH"},{"data":"RobotSpaceExplorer:MiniBoosters","floor":11,"key":"SMITH"},{"floor":15,"key":"REST"},{"data":"RobotSpaceExplorer:MiniLasers","floor":24,"key":"SMITH"},{"data":"RobotSpaceExplorer:ChargingLaser","floor":27,"key":"SMITH"},{"data":"RobotSpaceExplorer:JunkDive","floor":30,"key":"SMITH"},{"data":"RobotSpaceExplorer:Scan","floor":32,"key":"SMITH"},{"data":"RobotSpaceExplorer:Defend","floor":40,"key":"SMITH"},{"floor":47,"key":"REST"},{"data":"RobotSpaceExplorer:Defend","floor":49,"key":"SMITH"}],"circlet_count":0,"master_deck":["RobotSpaceExplorer:Strike+1","RobotSpaceExplorer:Strike+1","RobotSpaceExplorer:Strike+1","RobotSpaceExplorer:Strike+1","RobotSpaceExplorer:Defend+1","RobotSpaceExplorer:Defend+1","RobotSpaceExplorer:Defend","RobotSpaceExplorer:Defend","RobotSpaceExplorer:Scan+1","RobotSpaceExplorer:MiniLasers+1","RobotSpaceExplorer:MiniDrones+1","RobotSpaceExplorer:MiniBoosters+1","RobotSpaceExplorer:JunkDive+1","RobotSpaceExplorer:ChargingLaser+1"],"relics":["RobotSpaceExplorer:RoboCore","NeowsBlessing","Bag of Preparation","Nunchaku","hexamod:BolsterEngine","Ancient Tea Set","Sozu","MutagenicStrength","Centennial Puzzle","Anchor","Whetstone","ClockworkSouvenir","Black Star","RobotSpaceExplorer:BottledGravity","Sundial"],"acts_visited":["Exordium","TheCity","TheBeyond"],"potions_floor_usage":[],"damage_taken":[{"damage":0,"enemies":"Small Slimes","floor":1,"turns":1},{"damage":0,"enemies":"2 Louse","floor":3,"turns":1},{"damage":0,"enemies":"Jaw Worm","floor":4,"turns":1},{"damage":5,"enemies":"Looter","floor":5,"turns":3},{"damage":12,"enemies":"3 Sentries","floor":7,"turns":9},{"damage":0,"enemies":"Large Slime","floor":10,"turns":1},{"damage":5,"enemies":"Hexaghost","floor":16,"turns":8},{"damage":0,"enemies":"3 Byrds","floor":18,"turns":3},{"damage":5,"enemies":"Shell Parasite","floor":20,"turns":6},{"damage":0,"enemies":"Snake Plant","floor":22,"turns":3},{"damage":1,"enemies":"Slavers","floor":23,"turns":3},{"damage":0,"enemies":"3 Cultists","floor":25,"turns":1},{"damage":0,"enemies":"Snecko","floor":28,"turns":3},{"damage":4,"enemies":"Automaton","floor":33,"turns":6},{"damage":0,"enemies":"Orb Walker","floor":35,"turns":2},{"damage":0,"enemies":"3 Shapes","floor":36,"turns":1},{"damage":0,"enemies":"Sphere and 2 Shapes","floor":38,"turns":3},{"damage":7,"enemies":"Spire Growth","floor":41,"turns":3},{"damage":0,"enemies":"3 Darklings","floor":42,"turns":5},{"damage":17,"enemies":"Maw","floor":44,"turns":6},{"damage":0,"enemies":"4 Shapes","floor":45,"turns":3},{"damage":60,"enemies":"Awakened One","floor":50,"turns":11}],"seed_played":"165146576372860636","potions_obtained":[{"floor":1,"key":"AttackPotion"},{"floor":3,"key":"Energy Potion"},{"floor":5,"key":"Energy Potion"}],"is_trial":false,"path_per_floor":["M","?","M","M","M","R","E","R","T","M","R","?","?","T","R","B",null,"M","?","M","?","M","E","R","M","T","R","M","?","R","$","R","B",null,"M","M","?","M","$","R","M","M","T","M","M","$","R","$","R","B",null],"character_chosen":"RobotSpaceExplorer","items_purchased":["Whetstone","ClockworkSouvenir","RobotSpaceExplorer:BottledGravity"],"campfire_rested":2,"item_purchase_floors":[31,31,39],"current_hp_per_floor":[75,60,60,60,55,55,43,43,43,43,43,43,36,36,58,53,75,75,75,70,70,70,69,69,69,69,69,69,69,69,69,69,65,75,75,75,75,75,75,75,68,68,68,51,51,51,73,73,73,13],"gold":30,"neow_bonus":"THREE_ENEMY_KILL","is_daily":false,"chose_seed":false,"campfire_upgraded":9,"win_rate":0.0,"timestamp":1613436877,"path_taken":["M","?","M","M","M","R","E","R","T","M","R","?","?","?","R","BOSS","M","?","M","?","M","E","R","M","T","R","M","?","R","$","R","BOSS","M","M","?","M","$","R","?","M","T","?","M","?","R","$","R","BOSS"],"items_purchased_type":["Relic","Relic","Relic"],"build_version":"2020-12-22","purchased_purges":1,"victory":true,"max_hp_per_floor":[75,75,75,75,75,75,75,75,75,75,75,75,75,75,75,75,75,75,75,75,75,75,75,75,75,75,75,75,75,75,75,75,75,75,75,75,75,75,75,75,75,75,75,75,75,75,75,75,75,75],"card_choices":[{"not_picked":["RobotSpaceExplorer:DoubleFind","RobotSpaceExplorer:ScrapToss"],"picked":"RobotSpaceExplorer:MiniDrones","floor":1},{"not_picked":["RobotSpaceExplorer:MiniDrones","RobotSpaceExplorer:ShockKick"],"picked":"RobotSpaceExplorer:MiniBoosters","floor":3},{"not_picked":["RobotSpaceExplorer:DoubleFind","RobotSpaceExplorer:ShockKick"],"picked":"RobotSpaceExplorer:SlimeMissile","floor":4},{"not_picked":["RobotSpaceExplorer:StunGrenade","RobotSpaceExplorer:PlasmaMissile"],"picked":"RobotSpaceExplorer:JunkDive","floor":5},{"not_picked":["RobotSpaceExplorer:Ammunition","RobotSpaceExplorer:GlueShot"],"picked":"RobotSpaceExplorer:PowerGlove","floor":7},{"not_picked":["RobotSpaceExplorer:MakeshiftVolley","RobotSpaceExplorer:Ammunition","RobotSpaceExplorer:ShovelStrike"],"picked":"SKIP","floor":10},{"not_picked":["RobotSpaceExplorer:Comet","RobotSpaceExplorer:Scanner"],"picked":"RobotSpaceExplorer:ChargingLaser","floor":16},{"not_picked":["RobotSpaceExplorer:FrostMissile","RobotSpaceExplorer:ShovelStrike","RobotSpaceExplorer:GlueShot"],"picked":"SKIP","floor":18},{"not_picked":["RobotSpaceExplorer:SwiftStep","RobotSpaceExplorer:SurgingStrike","RobotSpaceExplorer:MiniBoosters"],"picked":"SKIP","floor":20},{"not_picked":["RobotSpaceExplorer:Probe","RobotSpaceExplorer:ImprovisedAttack+1","RobotSpaceExplorer:SlimeMissile"],"picked":"SKIP","floor":22},{"not_picked":["RobotSpaceExplorer:IronShell","RobotSpaceExplorer:PlasmaMissile","RobotSpaceExplorer:LaserBurst"],"picked":"SKIP","floor":23},{"not_picked":["RobotSpaceExplorer:SurgingShield+1","RobotSpaceExplorer:Reload","RobotSpaceExplorer:ScrapMissile"],"picked":"SKIP","floor":25},{"not_picked":["RobotSpaceExplorer:ImprovisedAttack","RobotSpaceExplorer:FrostMissile","RobotSpaceExplorer:Blaster"],"picked":"SKIP","floor":28},{"not_picked":["RobotSpaceExplorer:FranticSearch+1","RobotSpaceExplorer:Counterblock","RobotSpaceExplorer:SurgingShield+1"],"picked":"SKIP","floor":35},{"not_picked":["RobotSpaceExplorer:GearShield+1","RobotSpaceExplorer:SurgingShield","RobotSpaceExplorer:StunGrenade+1"],"picked":"SKIP","floor":36},{"not_picked":["RobotSpaceExplorer:MiniDrones","RobotSpaceExplorer:Counterblock+1","RobotSpaceExplorer:SlimeMissile+1"],"picked":"SKIP","floor":38},{"not_picked":["RobotSpaceExplorer:Electropulse","RobotSpaceExplorer:Probe+1","RobotSpaceExplorer:StunGrenade"],"picked":"SKIP","floor":41},{"not_picked":["RobotSpaceExplorer:ExhaustFan+1","RobotSpaceExplorer:ImprovisedAttack","RobotSpaceExplorer:Electroshield+1"],"picked":"SKIP","floor":42},{"not_picked":["RobotSpaceExplorer:ShovelStrike+1","RobotSpaceExplorer:Ammunition","RobotSpaceExplorer:StunGrenade+1"],"picked":"SKIP","floor":44},{"not_picked":["RobotSpaceExplorer:LaserBurst","RobotSpaceExplorer:HighVoltage","RobotSpaceExplorer:SurgingShield"],"picked":"SKIP","floor":45}],"player_experience":698126,"relics_obtained":[{"floor":7,"key":"Bag of Preparation"},{"floor":9,"key":"Nunchaku"},{"floor":14,"key":"Ancient Tea Set"},{"floor":23,"key":"Centennial Puzzle"},{"floor":26,"key":"Anchor"},{"floor":43,"key":"Sundial"}],"event_choices":[{"damage_healed":0,"gold_gain":0,"player_choice":"Entered Light","damage_taken":15,"max_hp_gain":0,"max_hp_loss":0,"event_name":"Shining Light","floor":2,"gold_loss":0,"cards_upgraded":["RobotSpaceExplorer:Strike","RobotSpaceExplorer:Strike"]},{"damage_healed":0,"gold_gain":0,"player_choice":"Searched \u00271\u0027 times","damage_taken":0,"relics_obtained":["hexamod:BolsterEngine"],"max_hp_gain":0,"max_hp_loss":0,"event_name":"Dead Adventurer","floor":12,"gold_loss":0},{"cards_removed":["RobotSpaceExplorer:SlimeMissile"],"damage_healed":0,"gold_gain":0,"player_choice":"Card Removal","damage_taken":7,"max_hp_gain":0,"max_hp_loss":0,"event_name":"Golden Wing","floor":13,"gold_loss":0},{"damage_healed":0,"gold_gain":0,"player_choice":"Ignored","damage_taken":0,"max_hp_gain":0,"max_hp_loss":0,"event_name":"Vampires","floor":19,"gold_loss":0},{"damage_healed":0,"gold_gain":0,"player_choice":"Inject Mutagens","damage_taken":0,"relics_obtained":["MutagenicStrength"],"max_hp_gain":0,"max_hp_loss":0,"event_name":"Drug Dealer","floor":21,"gold_loss":0},{"damage_healed":0,"gold_gain":0,"player_choice":"Got Potions","damage_taken":0,"max_hp_gain":0,"max_hp_loss":0,"event_name":"Lab","floor":37,"gold_loss":0}],"is_beta":false,"boss_relics":[{"not_picked":["Cursed Key","RobotSpaceExplorer:SearchSpecs"],"picked":"Sozu"},{"not_picked":["Calling Bell","Velvet Choker"],"picked":"Black Star"}],"items_purged_floors":[46],"is_endless":false,"potions_floor_spawned":[1,3,5,22,23,28,33,38,45],"ascension_level":0}}