{"host":"qy1e0kd24tpj3i2m","time":1613498371,"event":{"mods":["Act Like it!","BaseMod","Better Skull","Better Vampires","Colored Map","Colored Powertips","Custom Start","Faster Ascension Climbing","Friendly Minions","GifTheSpireLib","Gremlin Skip","Highlight Path","Minty Spire (QoL Compilation)","Permanent Neow","Poor People Problems","Quick Restart","Red Circlet Mod","Relic Filter Mod","Relic Sorter","Reorder Act Four","SacredBarkPlus","Shop Mod","StSLib","SuperFastMode","Transform Curses","没有小屋子和绿帽子啦"],"gold_per_floor":[115,131,131,150,7,7,36,36,36,36,51,51,63,138,138,236,236,251,251,251,263,286,286,23,23,23,38,38,38,38],"floor_reached":29,"language":"ZHS","playtime":727,"items_purged":["Strike_R"],"score":232,"play_id":"f8ba514f-55f1-44b9-87b0-76d117f03c6e","local_time":"20210217025931","daily_mods":["Vintage","Heirloom"],"is_ascension_mode":true,"campfire_choices":[{"data":"Defend_R","floor":6.0,"key":"SMITH"},{"data":"Defend_R","floor":10.0,"key":"SMITH"},{"data":"Defend_R","floor":12.0,"key":"SMITH"},{"data":"Strike_R","floor":15.0,"key":"SMITH"},{"data":"Limit Break","floor":23,"key":"SMITH"},{"data":"Strike_R","floor":25,"key":"SMITH"}],"circlet_count":0,"master_deck":["Strike_R+1","Strike_R+1","Strike_R","Strike_R","Defend_R+1","Defend_R+1","Defend_R+1","Defend_R+1","Limit Break+1"],"relics":["Burning Blood","TungstenRod","Lizard Tail","HornCleat","Dream Catcher","Membership Card","Pen Nib","Pocketwatch","Darkstone Periapt","PreservedInsect","Coffee Dripper","Oddly Smooth Stone","Matryoshka","Centennial Puzzle","MealTicket","MerchantsRug","HandDrill","Lantern","Toxic Egg 2","Self Forming Clay","Anchor","Smiling Mask"],"acts_visited":["Exordium","TheCity"],"potions_floor_usage":[],"damage_taken":[{"damage":4.0,"enemies":"Jaw Worm","floor":1.0,"turns":4.0},{"damage":3.0,"enemies":"Cultist","floor":2.0,"turns":4.0},{"damage":1.0,"enemies":"Small Slimes","floor":4.0,"turns":4.0},{"damage":18.0,"enemies":"Gremlin Nob","floor":7.0,"turns":5.0},{"damage":0.0,"enemies":"3 Louse","floor":11.0,"turns":5.0},{"damage":0.0,"enemies":"Exordium Wildlife","floor":13.0,"turns":3.0},{"damage":23.0,"enemies":"The Guardian","floor":16.0,"turns":23.0},{"damage":15.0,"enemies":"Spheric Guardian","floor":18.0,"turns":8.0},{"damage":30,"enemies":"Chosen","floor":21,"turns":7},{"damage":7,"enemies":"Centurion and Healer","floor":27,"turns":10},{"damage":16,"enemies":"Gremlin Leader","floor":29,"turns":9}],"seed_played":"-8194341021934095416","potions_obtained":[{"floor":4.0,"key":"SteroidPotion"},{"floor":7.0,"key":"Block Potion"},{"floor":13.0,"key":"Dexterity Potion"},{"floor":21,"key":"FearPotion"}],"is_trial":true,"path_per_floor":["M","M","?","M","$","R","E","?","T","R","M","R","M","?","R","B",null,"M","?","?","M","T","R","$","R","T","M","?","E"],"character_chosen":"IRONCLAD","items_purchased":["Membership Card","MerchantsRug","HandDrill","Lantern"],"campfire_rested":0,"item_purchase_floors":[5,24,24,24],"current_hp_per_floor":[80,80,80,80,80,80,68,68,68,68,74,74,80,70,70,53,80,71,71,57,33,33,33,48,48,48,47,47,31,31],"gold":38,"neow_bonus":"","is_daily":false,"chose_seed":false,"campfire_upgraded":6,"win_rate":0.0,"timestamp":1613498371,"path_taken":["M","M","?","M","?","R","E","?","T","R","?","R","M","?","R","BOSS","M","?","?","M","?","R","$","R","T","?","?","E"],"items_purchased_type":["Relic","Relic","Relic","Relic"],"build_version":"2020-12-22","purchased_purges":1,"victory":false,"max_hp_per_floor":[80,80,80,80,80,80,80,80,80,80,80,80,80,80,80,80,80,80,80,85,85,85,85,85,85,85,85,85,85,85],"card_choices":[{"not_picked":["Perfected Strike","Cleave","Entrench"],"picked":"SKIP","floor":7.0},{"not_picked":["Bludgeon","Berserk"],"picked":"Limit Break","floor":16.0}],"player_experience":886434,"relics_obtained":[{"floor":1.0,"key":"Lizard Tail"},{"floor":2.0,"key":"HornCleat"},{"floor":4.0,"key":"Dream Catcher"},{"floor":7.0,"key":"Pen Nib"},{"floor":9.0,"key":"Pocketwatch"},{"floor":11.0,"key":"Darkstone Periapt"},{"floor":13.0,"key":"PreservedInsect"},{"floor":18.0,"key":"Oddly Smooth Stone"},{"floor":21,"key":"Matryoshka"},{"floor":22,"key":"Centennial Puzzle"},{"floor":22,"key":"MealTicket"},{"floor":26,"key":"Toxic Egg 2"},{"floor":26,"key":"Self Forming Clay"},{"floor":27,"key":"Anchor"}],"event_choices":[{"cards_removed":["Bash"],"damage_healed":0.0,"max_hp_gain":0.0,"max_hp_loss":0.0,"gold_gain":0.0,"event_name":"Bonfire Elementals","player_choice":"Offered Basic","floor":3.0,"gold_loss":0.0,"damage_taken":0.0},{"damage_healed":0.0,"max_hp_gain":0.0,"max_hp_loss":0.0,"gold_gain":0.0,"event_name":"Upgrade Shrine","player_choice":"Upgraded","floor":8.0,"gold_loss":0.0,"damage_taken":0.0,"cards_upgraded":["Defend_R"]},{"damage_healed":0.0,"max_hp_gain":0.0,"max_hp_loss":0.0,"gold_gain":75.0,"event_name":"World of Goop","player_choice":"Gather Gold","floor":14.0,"gold_loss":0.0,"damage_taken":11.0},{"damage_healed":0.0,"max_hp_gain":0.0,"max_hp_loss":0.0,"gold_gain":0.0,"event_name":"Ghosts","player_choice":"Ignored","floor":19.0,"gold_loss":0.0,"damage_taken":0.0},{"damage_healed":0.0,"max_hp_gain":5.0,"max_hp_loss":0.0,"gold_gain":0.0,"event_name":"Forgotten Altar","player_choice":"Shed Blood","floor":20.0,"gold_loss":0.0,"damage_taken":20.0},{"damage_healed":0,"gold_gain":0,"player_choice":"Gave Potion","damage_taken":0,"relics_obtained":["Smiling Mask"],"max_hp_gain":0,"max_hp_loss":0,"event_name":"WeMeetAgain","floor":28,"gold_loss":0}],"is_beta":false,"boss_relics":[{"not_picked":["Velvet Choker","Runic Pyramid"],"picked":"Coffee Dripper"}],"items_purged_floors":[24],"is_endless":false,"potions_floor_spawned":[4,7,13,21],"killed_by":"Gremlin Leader","ascension_level":1}}