{"host":"zxd2l8an9de7z7b9","time":1613454086,"event":{"mods":["2.2 Compatiblity","AchievementEnabler","BaseMod","CapriCore","Colored Map","Colored Powertips","Minty Spire (QoL Compilation)","Rare Cards Sparkle","StSLib","SuperFastMode"],"gold_per_floor":[113,113,126,136,106,106,117,117,167,199,227,254,282,311,323,436,448,474,502,28,28,45,45,62,62,85,111,42,74,74,105,105,207,207,218,440,84,132,132,132,132],"floor_reached":40,"language":"KOR","playtime":1950,"items_purged":["Strike_R","Defend_R","Strike_R"],"score":501,"play_id":"698b83ed-29d4-4b9e-9586-aaa95deda7ce","local_time":"20210216144126","is_ascension_mode":false,"campfire_choices":[{"data":"Feed","floor":6.0,"key":"SMITH"},{"data":"Warcry","floor":8.0,"key":"SMITH"},{"data":"Fire Breathing","floor":15.0,"key":"SMITH"},{"data":"Barricade","floor":23.0,"key":"SMITH"},{"data":"Reaper","floor":25.0,"key":"SMITH"},{"floor":32.0,"key":"RECALL"}],"circlet_count":0,"master_deck":["Strike_R+1","Defend_R","Defend_R","Bash","Ghostly Armor","Warcry+1","Feed+1","Evolve","Fire Breathing+1","Shrug It Off","Reaper+1","Barricade+1","Bloodletting+1","Wild Strike+1","Feel No Pain","Disarm","True Grit+1","Exhume","Feel No Pain","Sever Soul","Reaper","Immolate","Double Tap"],"relics":["Burning Blood","NeowsBlessing","Potion Belt","MawBank","Mark of Pain","Membership Card","Singing Bowl","Blood Vial","WingedGreaves","Red Skull","MealTicket","Art of War","Red Mask","Empty Cage","Whetstone","Akabeko","Magic Flower"],"acts_visited":["Exordium","TheCity","TheBeyond"],"potions_floor_usage":[],"damage_taken":[{"damage":0.0,"enemies":"Cultist","floor":1.0,"turns":1.0},{"damage":0.0,"enemies":"Jaw Worm","floor":3.0,"turns":1.0},{"damage":0.0,"enemies":"2 Louse","floor":4.0,"turns":1.0},{"damage":6.0,"enemies":"2 Fungi Beasts","floor":7.0,"turns":5.0},{"damage":19.0,"enemies":"3 Sentries","floor":10.0,"turns":5.0},{"damage":0.0,"enemies":"Looter","floor":11.0,"turns":3.0},{"damage":6.0,"enemies":"3 Louse","floor":12.0,"turns":6.0},{"damage":21.0,"enemies":"Gremlin Gang","floor":13.0,"turns":12.0},{"damage":5.0,"enemies":"Looter","floor":14.0,"turns":4.0},{"damage":85.0,"enemies":"Hexaghost","floor":16.0,"turns":11.0},{"damage":28.0,"enemies":"2 Thieves","floor":18.0,"turns":5.0},{"damage":29.0,"enemies":"Shell Parasite","floor":19.0,"turns":12.0},{"damage":16.0,"enemies":"Snake Plant","floor":22.0,"turns":6.0},{"damage":29.0,"enemies":"Centurion and Healer","floor":24.0,"turns":9.0},{"damage":29.0,"enemies":"Book of Stabbing","floor":27.0,"turns":8.0},{"damage":50.0,"enemies":"Slavers","floor":29.0,"turns":4.0},{"damage":20.0,"enemies":"Masked Bandits","floor":31.0,"turns":5.0},{"damage":29.0,"enemies":"Champ","floor":33.0,"turns":14.0},{"damage":18.0,"enemies":"3 Shapes","floor":35.0,"turns":7.0},{"damage":85.0,"enemies":"2 Orb Walkers","floor":38.0,"turns":5.0},{"damage":80,"enemies":"Giant Head","floor":40,"turns":11}],"seed_played":"-273706904462742349","potions_obtained":[{"floor":3.0,"key":"ElixirPotion"},{"floor":5.0,"key":"Swift Potion"},{"floor":5.0,"key":"AttackPotion"},{"floor":14.0,"key":"SteroidPotion"},{"floor":16.0,"key":"BlessingOfTheForge"},{"floor":19.0,"key":"BlessingOfTheForge"},{"floor":24.0,"key":"Regen Potion"},{"floor":27.0,"key":"ElixirPotion"},{"floor":29.0,"key":"Swift Potion"},{"floor":35.0,"key":"Dexterity Potion"}],"is_trial":false,"path_per_floor":["M","?","M","M","?","R","M","R","T","E","M","M","M","M","R","B",null,"M","M","$","?","M","R","M","R","T","E","$","E","?","?","R","B",null,"M","?","$","?","?","E"],"character_chosen":"IRONCLAD","items_purchased":["Membership Card","Feel No Pain","Disarm","Singing Bowl","Blood Vial","Explosive Potion","Feel No Pain","Immolate","Double Tap","Whetstone","Akabeko","BloodPotion"],"campfire_rested":0,"item_purchase_floors":[20,20,20,20,20,20,28,37,37,37,37,37],"current_hp_per_floor":[80,80,80,80,80,80,84,84,84,75,85,89,78,83,83,8,104,86,71,71,71,67,67,56,56,56,58,73,46,83,80,80,69,122,124,124,128,63,63,13,13],"gold":132,"neow_bonus":"THREE_ENEMY_KILL","is_daily":false,"chose_seed":false,"campfire_upgraded":5,"win_rate":0.0,"timestamp":1613454086,"path_taken":["M","?","M","M","?","R","M","R","T","E","M","M","M","M","R","BOSS","M","M","$","?","M","R","M","R","T","E","$","E","?","?","R","BOSS","M","?","$","?","?","E"],"items_purchased_type":["Relic","Card","Card","Relic","Relic","Potion","Card","Card","Card","Relic","Relic","Potion"],"build_version":"2020-12-22","purchased_purges":3,"victory":false,"max_hp_per_floor":[80,80,80,80,80,80,84,84,84,88,92,96,100,104,104,104,104,108,112,112,112,112,112,112,112,112,112,112,112,112,118,118,122,122,128,128,128,130,130,130,130],"card_choices":[{"not_picked":["Twin Strike","Clothesline","Heavy Blade"],"picked":"SKIP","floor":1.0},{"not_picked":["Heavy Blade","Iron Wave"],"picked":"Warcry","floor":3.0},{"not_picked":["Sword Boomerang","Armaments"],"picked":"Feed","floor":4.0},{"not_picked":["Warcry","Dropkick"],"picked":"Evolve","floor":7.0},{"not_picked":["Flex","Warcry","Metallicize"],"picked":"SKIP","floor":10.0},{"not_picked":["Headbutt","Armaments"],"picked":"Fire Breathing","floor":11.0},{"not_picked":["Clothesline","Sword Boomerang","Searing Blow"],"picked":"SKIP","floor":12.0},{"not_picked":["Bloodletting","Shrug It Off","Cleave"],"picked":"SKIP","floor":13.0},{"not_picked":["Bloodletting","Cleave"],"picked":"Shrug It Off","floor":13.0},{"not_picked":["Havoc","Iron Wave"],"picked":"Reaper","floor":14.0},{"not_picked":["Bludgeon","Juggernaut"],"picked":"Barricade","floor":16.0},{"not_picked":["Iron Wave+1","Armaments"],"picked":"Bloodletting+1","floor":18.0},{"not_picked":["Sentinel+1","Cleave+1"],"picked":"Wild Strike","floor":19.0},{"not_picked":["Iron Wave","Hemokinesis"],"picked":"Wild Strike","floor":22.0},{"not_picked":["Body Slam","Perfected Strike"],"picked":"True Grit+1","floor":24.0},{"not_picked":["Flex","Pommel Strike"],"picked":"Exhume","floor":27.0},{"not_picked":["Combust","Power Through"],"picked":"Sever Soul","floor":29.0},{"not_picked":["Cleave+1","Clothesline","Armaments"],"picked":"Singing Bowl","floor":31.0},{"not_picked":["Corruption","Exhume"],"picked":"Reaper","floor":33.0},{"not_picked":["Thunderclap+1","Armaments+1","Headbutt"],"picked":"Singing Bowl","floor":35.0},{"not_picked":["Clash+1","Anger","Corruption"],"picked":"Singing Bowl","floor":38.0}],"player_experience":362031,"relics_obtained":[{"floor":9.0,"key":"Potion Belt"},{"floor":10.0,"key":"MawBank"},{"floor":26.0,"key":"Red Skull"},{"floor":27.0,"key":"MealTicket"},{"floor":29.0,"key":"Art of War"},{"floor":31.0,"key":"Red Mask"},{"floor":38.0,"key":"Magic Flower"}],"event_choices":[{"damage_healed":0.0,"max_hp_gain":0.0,"max_hp_loss":0.0,"gold_gain":0.0,"cards_transformed":["Strike_R"],"event_name":"Living Wall","player_choice":"Change","floor":2.0,"gold_loss":0.0,"damage_taken":0.0,"cards_obtained":["Ghostly Armor"]},{"damage_healed":0.0,"max_hp_gain":0.0,"max_hp_loss":0.0,"gold_gain":0.0,"event_name":"The Woman in Blue","player_choice":"Bought 2 Potions","floor":5.0,"gold_loss":0.0,"damage_taken":0.0},{"damage_healed":0.0,"max_hp_gain":0.0,"max_hp_loss":0.0,"gold_gain":0.0,"event_name":"The Mausoleum","player_choice":"Opened","floor":21.0,"gold_loss":0.0,"damage_taken":0.0,"relics_obtained":["WingedGreaves"]},{"damage_healed":37.0,"max_hp_gain":0.0,"max_hp_loss":0.0,"gold_gain":0.0,"event_name":"The Library","player_choice":"Heal","floor":30.0,"gold_loss":0.0,"damage_taken":0.0},{"damage_healed":0.0,"max_hp_gain":0.0,"max_hp_loss":0.0,"gold_gain":0.0,"event_name":"Masked Bandits","player_choice":"Fought Bandits","floor":31.0,"gold_loss":0.0,"damage_taken":0.0},{"damage_healed":0.0,"max_hp_gain":0.0,"max_hp_loss":0.0,"gold_gain":222.0,"event_name":"Tomb of Lord Red Mask","player_choice":"Wore Mask","floor":36.0,"gold_loss":0.0,"damage_taken":0.0},{"damage_healed":0.0,"max_hp_gain":0.0,"max_hp_loss":0.0,"gold_gain":0.0,"event_name":"Mysterious Sphere","player_choice":"Fight","floor":38.0,"gold_loss":0.0,"damage_taken":0.0},{"cards_removed":["Wild Strike"],"damage_healed":0.0,"max_hp_gain":0.0,"max_hp_loss":0.0,"gold_gain":0.0,"event_name":"Falling","player_choice":"Removed Attack","floor":39.0,"gold_loss":0.0,"damage_taken":0.0}],"is_beta":false,"boss_relics":[{"not_picked":["Busted Crown","Coffee Dripper"],"picked":"Mark of Pain"},{"not_picked":["Black Star","Velvet Choker"],"picked":"Empty Cage"}],"items_purged_floors":[20,28,37],"is_endless":false,"potions_floor_spawned":[3,7,14,16,19,24,27,29,35],"killed_by":"Giant Head","ascension_level":0}}