{"host":"ippeulvg90hectqg","time":1613475694,"event":{"mods":["BaseMod","Downfall","Hermit","Infinite Spire","Lobotomy","Minty Spire (QoL Compilation)","Replay The Spire","StSLib","The Saiyan"],"gold_per_floor":[117,117,134,147,147,147,161,193,218,236,249,249,283,283,283,388,388,408,408,427,443,452,452,465,493,493,493,382,382,382,426,426,426,426],"floor_reached":33,"language":"ZHS","playtime":9728,"items_purged":["hermit:Shortfuse","hermit:Strike_Hermit"],"score":277,"play_id":"97cc2d1d-3c2b-4da5-8081-6521df5836db","local_time":"20210216194134","is_ascension_mode":false,"campfire_choices":[{"data":"hermit:GoldenBullet","floor":6.0,"key":"SMITH"},{"data":"hermit:HeroicBravado","floor":12.0,"key":"SMITH"},{"data":"hermit:Strike_Hermit","floor":15.0,"key":"PURGE"},{"data":"hermit:Brawl","floor":23.0,"key":"SMITH"},{"floor":27.0,"key":"REST"},{"data":"hermit:Purgatory","floor":30,"key":"SMITH"}],"circlet_count":0,"master_deck":["hermit:Strike_Hermit","hermit:Strike_Hermit+1","hermit:Defend_Hermit","hermit:Defend_Hermit+1","hermit:Defend_Hermit","hermit:Snapshot","hermit:Covet","hermit:HeroicBravado+1","hermit:Brawl+1","hermit:GoldenBullet+1","hermit:Misfire","hermit:Feint","hermit:Spite","hermit:HighCaliber","hermit:Purgatory+1","hermit:Dive","infinitespire:Punishment","hermit:EyeOfTheStorm","hermit:Quickdraw","hermit:GhostlyPresence+1"],"relics":["hermit:Momento","MealTicket","infinitespire:PuzzleCube","CeramicFish","Busted Crown","Torii","Blood Vial","Art of War"],"acts_visited":["Exordium","TheCity"],"potions_floor_usage":[31,33,33],"damage_taken":[{"damage":3.0,"enemies":"Jaw Worm","floor":1.0,"turns":3.0},{"damage":1.0,"enemies":"2 Louse","floor":3.0,"turns":4.0},{"damage":2.0,"enemies":"Cultist","floor":4.0,"turns":4.0},{"damage":12.0,"enemies":"Large Slime","floor":7.0,"turns":5.0},{"damage":22.0,"enemies":"3 Sentries","floor":8.0,"turns":7.0},{"damage":0.0,"enemies":"Exordium Wildlife","floor":10.0,"turns":2.0},{"damage":0.0,"enemies":"Looter","floor":11.0,"turns":2.0},{"damage":10.0,"enemies":"Lagavulin","floor":13.0,"turns":8.0},{"damage":1.0,"enemies":"Slime Boss","floor":16.0,"turns":9.0},{"damage":9.0,"enemies":"3 Byrds","floor":18.0,"turns":5.0},{"damage":12.0,"enemies":"Shell Parasite","floor":20.0,"turns":2.0},{"damage":1.0,"enemies":"Centurion and Healer","floor":21.0,"turns":5.0},{"damage":12.0,"enemies":"Sentry and Sphere","floor":24.0,"turns":4.0},{"damage":22.0,"enemies":"Snake Plant","floor":25.0,"turns":3.0},{"damage":41,"enemies":"Nightmare","floor":31,"turns":10},{"damage":18,"enemies":"Pondfish","floor":33,"turns":8}],"seed_played":"-6554341840506424273","potions_obtained":[{"floor":4.0,"key":"LifebloodPotion"},{"floor":8.0,"key":"AttackPotion"},{"floor":13.0,"key":"Strength Potion"},{"floor":20.0,"key":"Dexterity Potion"},{"floor":31,"key":"hermit:Tonic"}],"is_trial":false,"path_per_floor":["M","?","M","M","?","R","M","E","T","M","M","R","E","?","R","B",null,"M","?","M","M","AVR","R","M","M","T","R","$","?","R","NM","R","B"],"character_chosen":"HERMIT","items_purchased":["hermit:Quickdraw"],"campfire_rested":1,"item_purchase_floors":[28],"current_hp_per_floor":[72,57,56,54,54,54,42,20,20,20,20,20,10,32,32,31,75,66,66,54,53,53,53,41,19,19,41,56,56,56,15,15,0,0],"gold":426,"neow_bonus":"TRANSFORM_CARD","is_daily":false,"chose_seed":false,"campfire_upgraded":4,"win_rate":0.0,"timestamp":1613475694,"path_taken":["M","?","M","M","?","R","M","E","T","M","M","R","E","?","R","BOSS","M","?","M","M","AVR","R","?","M","T","R","$","?","R","NM","R","BOSS"],"items_purchased_type":["Card"],"build_version":"2020-12-22","purchased_purges":2,"victory":false,"max_hp_per_floor":[75,75,75,75,75,75,75,75,75,75,75,75,75,75,75,75,75,75,75,75,75,75,75,75,75,75,75,75,75,75,75,75,75,75],"card_choices":[{"not_picked":["hermit:Gestalt","hermit:Desperado"],"picked":"hermit:Brawl","floor":1.0},{"not_picked":["hermit:DeadMansHand","hermit:Roulette"],"picked":"hermit:GoldenBullet","floor":3.0},{"not_picked":["hermit:Midnight","hermit:Coalescence"],"picked":"hermit:Misfire","floor":4.0},{"not_picked":["hermit:DeadMansHand","hermit:TakeCover"],"picked":"hermit:Feint","floor":7.0},{"not_picked":["hermit:BigShot","hermit:Roulette"],"picked":"hermit:Spite","floor":8.0},{"not_picked":["hermit:Midnight","hermit:Grudge","hermit:Adapt"],"picked":"SKIP","floor":10.0},{"not_picked":["hermit:Glare","hermit:Manifest"],"picked":"hermit:Shortfuse","floor":11.0},{"not_picked":["hermit:ShadowCloak","hermit:LuckOfTheDraw"],"picked":"hermit:HighCaliber","floor":13.0},{"not_picked":["hermit:RoundhouseKick","hermit:Reprieve"],"picked":"hermit:Purgatory","floor":16.0},{"not_picked":["hermit:TakeCover"],"picked":"SKIP","floor":18.0},{"not_picked":[],"picked":"hermit:Dive","floor":20.0},{"not_picked":["hermit:Headshot"],"picked":"SKIP","floor":21.0},{"not_picked":["hermit:Scavenge"],"picked":"SKIP","floor":24.0},{"not_picked":[],"picked":"hermit:EyeOfTheStorm","floor":25.0},{"not_picked":[],"picked":"hermit:GhostlyPresence+1","floor":31}],"player_experience":579569,"relics_obtained":[{"floor":8.0,"key":"MealTicket"},{"floor":9.0,"key":"infinitespire:PuzzleCube"},{"floor":13.0,"key":"CeramicFish"},{"floor":31,"key":"Blood Vial"}],"event_choices":[{"damage_healed":0.0,"max_hp_gain":0.0,"max_hp_loss":0.0,"gold_gain":0.0,"event_name":"Shining Light","player_choice":"Entered Light","floor":2.0,"gold_loss":0.0,"damage_taken":15.0,"cards_upgraded":["hermit:Strike_Hermit","hermit:Defend_Hermit"]},{"damage_healed":0.0,"max_hp_gain":0.0,"max_hp_loss":0.0,"gold_gain":0.0,"event_name":"NoteForYourself","player_choice":"Ignored","floor":19.0,"gold_loss":0.0,"damage_taken":0.0},{"damage_healed":0,"gold_gain":0,"player_choice":"Ignored","damage_taken":0,"max_hp_gain":0,"max_hp_loss":0,"event_name":"Cursed Tome","floor":29,"gold_loss":0}],"is_beta":false,"boss_relics":[{"not_picked":["Replay:Drink Me","Kintsugi"],"picked":"Busted Crown"}],"items_purged_floors":[22,28],"is_endless":true,"potions_floor_spawned":[4,8,13,16,18,20,31],"killed_by":"Pondfish","ascension_level":0}}