{"host":"xltl1aroowo69o4n","time":1613457958,"event":{"mods":["BaseMod","Colored Map","Colored Powertips","Downfall","Marisa????????","Minty Spire (QoL Compilation)","Replay The Spire","StSLib","The Cursed","The Hierophant","The Mystic","The Necromancer","The Servant 0.9.4"],"gold_per_floor":[110,110,123,123,138,138,167,177,252,252,252,272,242,258,258,361,361,376,376,395,395,413,413,65,65,89,101,1,1,35,52,52,154,154,166,166,166,131,202,202,222,222,222],"floor_reached":42,"language":"ENG","playtime":2141,"items_purged":["Languid","Pain"],"score":416,"play_id":"829dc15b-d9e3-474c-863e-39250c640c29","local_time":"20210216014558","is_ascension_mode":false,"campfire_choices":[{"floor":6.0,"key":"RECALL"},{"floor":10.0,"key":"REST"},{"data":"mysticmod:MirrorEntity","floor":15.0,"key":"SMITH"},{"floor":23.0,"key":"REST"},{"data":"mysticmod:Dedication+1","floor":25.0,"key":"SMITH"},{"floor":29.0,"key":"REST"}],"circlet_count":0,"master_deck":["mysticmod:Strike_Mystic","mysticmod:Strike_Mystic","mysticmod:Strike_Mystic","mysticmod:Strike_Mystic","mysticmod:Defend_Mystic+1","mysticmod:Defend_Mystic","mysticmod:Defend_Mystic","mysticmod:Defend_Mystic+1","mysticmod:ShockingGrasp","mysticmod:PowerSlash","mysticmod:Grapple","mysticmod:VorpalThrust","mysticmod:Shield","mysticmod:MirrorEntity+1","mysticmod:Fireball","mysticmod:Riposte","mysticmod:BulkUp","mysticmod:Spellstrike","mysticmod:Fly+1","mysticmod:HeavyStrike","mysticmod:Daze+1","mysticmod:Grease","mysticmod:Grease","mysticmod:Dedication+2","Pot Of Greed","Pot Of Greed","Pot Of Greed","mysticmod:Probe+1","mysticmod:Disengage+1","mysticmod:PureInstinct","mysticmod:Disintegrate","mysticmod:Snowball+1","mysticmod:RapidCaster+1","mysticmod:Sideswipe+1"],"relics":["m_BookOfShivs","Thread and Needle","Simple Rune","Divine Protection","Frozen Egg 2","mysticmod:CrystalBall","WarpedTongs","Ring of Fury","Omamori","Grinning Jar","Centennial Puzzle","Ring of Chaos","White Beast Statue"],"acts_visited":["Exordium","TheCity","TheBeyond"],"potions_floor_usage":[42,42,42],"damage_taken":[{"damage":0.0,"enemies":"2 Louse","floor":1.0,"turns":2.0},{"damage":0.0,"enemies":"Small Slimes","floor":3.0,"turns":2.0},{"damage":0.0,"enemies":"Jaw Worm","floor":5.0,"turns":3.0},{"damage":32.0,"enemies":"Lagavulin","floor":7.0,"turns":9.0},{"damage":1.0,"enemies":"Looter","floor":8.0,"turns":2.0},{"damage":0.0,"enemies":"Exordium Thugs","floor":12.0,"turns":3.0},{"damage":0.0,"enemies":"2 Fungi Beasts","floor":14.0,"turns":4.0},{"damage":34.0,"enemies":"Fading Forest","floor":16.0,"turns":11.0},{"damage":10.0,"enemies":"Chosen","floor":18.0,"turns":7.0},{"damage":1.0,"enemies":"Spheric Guardian","floor":20.0,"turns":4.0},{"damage":11.0,"enemies":"Snake Plant","floor":22.0,"turns":7.0},{"damage":25.0,"enemies":"Snecko","floor":27.0,"turns":6.0},{"damage":10.0,"enemies":"Slavers","floor":30.0,"turns":8.0},{"damage":15.0,"enemies":"Shelled Parasite and Fungi","floor":31.0,"turns":9.0},{"damage":16.0,"enemies":"Champ","floor":33.0,"turns":18.0},{"damage":0.0,"enemies":"3 Shapes","floor":35.0,"turns":4.0},{"damage":0.0,"enemies":"Orb Walker","floor":41.0,"turns":3.0},{"damage":81,"enemies":"Nemesis","floor":42,"turns":9}],"seed_played":"6159210950490523388","potions_obtained":[{"floor":1.0,"key":"Adrenaline Potion"},{"floor":7.0,"key":"ColorlessPotion"},{"floor":13.0,"key":"Death Potion"},{"floor":13.0,"key":"Regen Potion"},{"floor":16.0,"key":"Weak Potion"},{"floor":20.0,"key":"Swift Potion"},{"floor":27.0,"key":"sneckomod:MuddlingPotion"},{"floor":31.0,"key":"PowerPotion"},{"floor":35.0,"key":"Dexterity Potion"},{"floor":41.0,"key":"SpeedPotion"}],"is_trial":false,"path_per_floor":["M","?","M","?","M","R","E","M","T","R","T","M","?","M","R_BF","B",null,"M","?","M","?","M","R","$","R","T","M","$","R","E","M","R_BF","B",null,"M","?","?","$","T","?","M","E"],"character_chosen":"MYSTIC_CLASS","items_purchased":["Omamori","mysticmod:Grease","mysticmod:Dedication+1","mysticmod:RapidCaster+1"],"campfire_rested":3,"item_purchase_floors":[24,24,24,38],"current_hp_per_floor":[77,77,77,59,59,59,27,26,26,49,49,49,49,49,49,50,77,67,67,66,66,55,77,77,77,77,52,52,75,65,50,73,57,77,77,77,77,77,77,77,77,0,0],"gold":222,"neow_bonus":"THREE_CARDS","is_daily":false,"chose_seed":false,"campfire_upgraded":2,"win_rate":0.0,"timestamp":1613457958,"path_taken":["M","?","M","?","M","R","E","M","T","R","?","M","?","?","R_BF","BOSS","M","?","?","?","M","R","?","R","T","M","$","R","E","?","R_BF","BOSS","M","?","?","$","?","?","M","E"],"items_purchased_type":["Relic","Card","Card","Card"],"build_version":"2020-12-13","purchased_purges":2,"victory":false,"max_hp_per_floor":[77,77,77,77,77,77,77,77,77,77,77,77,77,77,77,77,77,77,77,77,77,77,77,77,77,77,77,77,77,77,77,77,77,77,77,77,77,77,77,77,77,77,77],"card_choices":[{"not_picked":["mysticmod:Snowball","mysticmod:Fly"],"picked":"mysticmod:PowerSlash","floor":0.0},{"not_picked":["mysticmod:Alacrity","mysticmod:PowerSlash"],"picked":"mysticmod:Grapple","floor":1.0},{"not_picked":["mysticmod:BulkUp","mysticmod:PureInstinct"],"picked":"mysticmod:VorpalThrust","floor":3.0},{"not_picked":["mysticmod:PureInstinct","mysticmod:BulkUp"],"picked":"mysticmod:Shield","floor":5.0},{"not_picked":["mysticmod:PunishingArmor","mysticmod:MagicMissile"],"picked":"mysticmod:MirrorEntity","floor":7.0},{"not_picked":["mysticmod:Snowball","mysticmod:SuddenClarity"],"picked":"mysticmod:Fireball","floor":8.0},{"not_picked":["ReplayTheSpireMod:Scrap Shanks+1","mysticmod:FiveFootStep"],"picked":"mysticmod:Riposte","floor":12.0},{"not_picked":["mysticmod:VorpalThrust","mysticmod:Flurry"],"picked":"mysticmod:BulkUp","floor":14.0},{"not_picked":["mysticmod:Doublecast","mysticmod:Momentum+1"],"picked":"mysticmod:Spellstrike","floor":16.0},{"not_picked":["mysticmod:MirrorStrike","mysticmod:TomeOfSpells"],"picked":"mysticmod:Fly+1","floor":18.0},{"not_picked":["mysticmod:Snowball","mysticmod:CorrosiveTouch"],"picked":"mysticmod:HeavyStrike","floor":20.0},{"not_picked":["mysticmod:Fireball","mysticmod:BulkUp"],"picked":"mysticmod:Daze+1","floor":22.0},{"not_picked":["mysticmod:Flurry+1","mysticmod:Shield"],"picked":"mysticmod:Probe","floor":27.0},{"not_picked":["mysticmod:Sideswipe","mysticmod:MightyMagic+1"],"picked":"mysticmod:Disengage+1","floor":30.0},{"not_picked":["mysticmod:IllusionOfCalm","mysticmod:BulkUp"],"picked":"mysticmod:PureInstinct","floor":31.0},{"not_picked":["mysticmod:ObscuringMist","mysticmod:Lunge"],"picked":"mysticmod:Disintegrate","floor":33.0},{"not_picked":["mysticmod:ComponentsPouch","mysticmod:Feint"],"picked":"mysticmod:Snowball+1","floor":35.0},{"not_picked":["mysticmod:SuddenClarity","mysticmod:Snowball+1"],"picked":"mysticmod:Sideswipe+1","floor":41.0}],"player_experience":192588,"relics_obtained":[{"floor":7.0,"key":"Simple Rune"},{"floor":9.0,"key":"Divine Protection"},{"floor":11.0,"key":"Frozen Egg 2"},{"floor":21.0,"key":"Ring of Fury"},{"floor":26.0,"key":"Grinning Jar"},{"floor":30.0,"key":"Centennial Puzzle"},{"floor":39.0,"key":"White Beast Statue"}],"event_choices":[{"damage_healed":0.0,"max_hp_gain":0.0,"max_hp_loss":0.0,"gold_gain":0.0,"event_name":"Scrap Ooze","player_choice":"Success","floor":4.0,"gold_loss":0.0,"damage_taken":18.0,"relics_obtained":["Thread and Needle"]},{"damage_healed":0.0,"max_hp_gain":0.0,"max_hp_loss":0.0,"gold_gain":0.0,"event_name":"The Woman in Blue","player_choice":"Bought 2 Potions","floor":13.0,"gold_loss":0.0,"damage_taken":0.0},{"damage_healed":0.0,"max_hp_gain":0.0,"max_hp_loss":0.0,"gold_gain":0.0,"event_name":"Accursed Blacksmith","player_choice":"Rummage","floor":19.0,"gold_loss":0.0,"damage_taken":0.0,"relics_obtained":["WarpedTongs"],"cards_obtained":["Pain"]},{"damage_healed":0.0,"max_hp_gain":0.0,"max_hp_loss":0.0,"gold_gain":0.0,"event_name":"Mysterious Sphere","player_choice":"Ignored","floor":36.0,"gold_loss":0.0,"damage_taken":0.0},{"damage_healed":0.0,"max_hp_gain":0.0,"max_hp_loss":0.0,"gold_gain":0.0,"event_name":"OrinTheCat","player_choice":"Ignored","floor":37.0,"gold_loss":0.0,"damage_taken":0.0},{"cards_removed":["mysticmod:ArcaneDodge"],"damage_healed":0.0,"max_hp_gain":0.0,"max_hp_loss":0.0,"gold_gain":0.0,"event_name":"Falling","player_choice":"Removed Skill","floor":40.0,"gold_loss":0.0,"damage_taken":0.0}],"is_beta":false,"boss_relics":[{"not_picked":["bronze:MakeshiftBattery","mysticmod:DeckOfManyThings"],"picked":"mysticmod:CrystalBall"},{"not_picked":["ReplayTheSpireMod:DimensionalGlitch","Runic Pyramid"],"picked":"Ring of Chaos"}],"items_purged_floors":[24,28],"is_endless":false,"potions_floor_spawned":[1,7,16,20,27,31,35,41],"killed_by":"Nemesis","ascension_level":0}}