{"host":"whe4vf9w0yuhsr02","time":1613471292,"event":{"mods":["Act Like it!","Ascension Reborn","BaseMod","Bestiary","Better Altar","Better Match","Better Note","Better Sensory Stone","Better Skull","Better Third Choice","Colored Map","Dark Map","Hallownest","Hermit","Highlight Path","Hubris","Lobotomy","LobotomyExtend","Minty Spire (QoL Compilation)","Poor People Problems","Quick Restart","Replay The Spire","StSLib","The Animator","The Bug Knight","The Judge","The Jungle","The Necromancer","everything is the same but u backflip on backflip"],"gold_per_floor":[118,131,131,144,219,219,250,250,250,271,290,346,367,405,405,526,526,545,545],"floor_reached":18,"language":"ENG","playtime":953,"items_purged":[],"score":199,"play_id":"b7d58c90-7d60-441d-ba43-56ded16c8817","local_time":"20210216122812","is_ascension_mode":false,"campfire_choices":[],"circlet_count":0,"master_deck":["SpecialBullet","SpecialBullet","SpecialBullet","SpecialBullet","SpecialBullet","SpecialBullet","SpecialBullet","SpecialBullet","InformationCode","SecurityCode","TrainingCode","FeatherOfHonor","Lamp+1","GreedKing","OSAHOGD","Heaven","Wingbeat"],"relics":["CogitoBucket","ReplayTheSpireMod:Shallot","LetterFromLob","Golden Idol","Shuriken","Bottled Flame","ChangeAnything","Dream Catcher","Honey Jar"],"acts_visited":["Exordium","TheCity"],"potions_floor_usage":[14,16],"damage_taken":[{"damage":8,"enemies":"Jaw Worm","floor":1,"turns":2},{"damage":1,"enemies":"Cultist","floor":2,"turns":2},{"damage":14,"enemies":"Small Slimes","floor":4,"turns":3},{"damage":12,"enemies":"HollowMod:MossKnight","floor":7,"turns":5},{"damage":10,"enemies":"Red Slaver","floor":10,"turns":2},{"damage":43,"enemies":"Exordium Thugs","floor":11,"turns":3},{"damage":7,"enemies":"Looter","floor":13,"turns":2},{"damage":0,"enemies":"Gremlin Nob","floor":14,"turns":2},{"damage":33,"enemies":"The Guardian","floor":16,"turns":6},{"damage":0,"enemies":"Spheric Guardian","floor":18,"turns":2}],"seed_played":"6754044479641762270","potions_obtained":[{"floor":4,"key":"FairyPotion"},{"floor":10,"key":"Strength Potion"},{"floor":11,"key":"Energy Potion"},{"floor":13,"key":"Ancient Potion"},{"floor":14,"key":"Block Potion"},{"floor":18,"key":"FearPotion"}],"is_trial":false,"path_per_floor":["M","M","?","M","?","R","E","R","T","M","M","?","M","E","R","B",null,"M"],"character_chosen":"Angela","items_purchased":[],"campfire_rested":0,"item_purchase_floors":[],"current_hp_per_floor":[70,70,53,47,40,40,36,36,36,34,29,29,30,38,38,13,70,70,70],"gold":545,"neow_bonus":"RANDOM_EVENT","is_daily":false,"chose_seed":false,"campfire_upgraded":0,"win_rate":0.0,"timestamp":1613471292,"path_taken":["M","M","?","M","?","R","E","R","T","M","?","?","M","E","R","BOSS","M"],"items_purchased_type":[],"build_version":"2020-12-22","purchased_purges":0,"victory":false,"max_hp_per_floor":[70,70,70,70,70,70,70,70,70,70,70,70,70,70,70,70,70,70,70],"card_choices":[{"not_picked":["SomewhereSpear"],"picked":"FeatherOfHonor","floor":1},{"not_picked":["Horn","Tough"],"picked":"SKIP","floor":2},{"not_picked":["RedEyes","Loneliness"],"picked":"SKIP","floor":4},{"not_picked":["RapturousDream"],"picked":"Lamp","floor":7},{"not_picked":["Alriune","WallGazer"],"picked":"GreedKing","floor":10},{"not_picked":["Regret_ego","Wingbeat"],"picked":"SKIP","floor":10},{"not_picked":["Tough","BloodyDesire"],"picked":"SKIP","floor":11},{"not_picked":["Wingbeat","Regret_ego"],"picked":"SKIP","floor":13},{"not_picked":["BlackArmy","Wellcheers"],"picked":"OSAHOGD","floor":14},{"not_picked":["Reverberation"],"picked":"Heaven","floor":14},{"not_picked":["CherryBlossom+1","TodaysExpression"],"picked":"Wingbeat","floor":18}],"player_experience":490908,"relics_obtained":[{"floor":1,"key":"LetterFromLob"},{"floor":7,"key":"Shuriken"},{"floor":9,"key":"Bottled Flame"},{"floor":14,"key":"Dream Catcher"}],"event_choices":[{"damage_healed":0,"gold_gain":0,"player_choice":"Box","damage_taken":0,"relics_obtained":["ReplayTheSpireMod:Shallot"],"max_hp_gain":0,"max_hp_loss":0,"event_name":"Big Fish","floor":0,"gold_loss":0,"cards_obtained":["Regret"]},{"damage_healed":0,"gold_gain":0,"player_choice":"Take Damage","damage_taken":17,"relics_obtained":["Golden Idol"],"max_hp_gain":0,"max_hp_loss":0,"event_name":"Golden Idol","floor":3,"gold_loss":0},{"damage_healed":0,"gold_gain":75,"player_choice":"Touch","damage_taken":7,"max_hp_gain":0,"max_hp_loss":0,"event_name":"FaceTrader","floor":5,"gold_loss":0},{"damage_healed":0,"gold_gain":56,"player_choice":"Gained Gold","damage_taken":0,"max_hp_gain":0,"max_hp_loss":0,"event_name":"Golden Wing","floor":12,"gold_loss":0}],"is_beta":false,"boss_relics":[{"not_picked":["Snecko Eye","Runic Dome"],"picked":"Honey Jar"}],"items_purged_floors":[],"is_endless":false,"potions_floor_spawned":[4,10,11,13,14,18],"killed_by":"Spheric Guardian","ascension_level":0}}