{"host":"zlmf7uudqr1sj8t0","time":1613460617,"event":{"mods":["BaseMod","Colored Map","DeckTracker","Highlight Path","Minty Spire (QoL Compilation)"],"gold_per_floor":[111,126,126,136,149,149,175,194,248,248,268,128,93,93,93,194,194,210,227,245,245,245],"floor_reached":21,"language":"ENG","playtime":1597,"items_purged":[],"score":235,"play_id":"63f4c08b-1dd7-4446-87fc-e2b74ad88798","local_time":"20210215233017","is_ascension_mode":true,"campfire_choices":[{"data":"Streamline","floor":6,"key":"SMITH"},{"floor":10,"key":"REST"},{"data":"Machine Learning","floor":15,"key":"SMITH"}],"circlet_count":0,"master_deck":["Strike_B","Defend_B","Defend_B","Defend_B","Defend_B","Zap","Dualcast","FTL","Rebound","Streamline+1","Streamline","Rebound","Machine Learning+1","Leap","All For One","All For One","Reprogram+1","Lockon+1","Coolheaded+1","Streamline","Streamline+1"],"relics":["Cracked Core","Turnip","Nunchaku","Astrolabe"],"acts_visited":["Exordium","TheCity"],"potions_floor_usage":[16,19,21],"damage_taken":[{"damage":0,"enemies":"Small Slimes","floor":1,"turns":3},{"damage":1,"enemies":"Cultist","floor":2,"turns":3},{"damage":0,"enemies":"2 Louse","floor":4,"turns":2},{"damage":13,"enemies":"Exordium Wildlife","floor":5,"turns":5},{"damage":35,"enemies":"3 Sentries","floor":7,"turns":6},{"damage":7,"enemies":"Looter","floor":8,"turns":3},{"damage":8,"enemies":"Blue Slaver","floor":11,"turns":3},{"damage":39,"enemies":"Hexaghost","floor":16,"turns":9},{"damage":30,"enemies":"Shell Parasite","floor":18,"turns":7},{"damage":0,"enemies":"Chosen","floor":19,"turns":5},{"damage":28,"enemies":"Centurion and Healer","floor":20,"turns":6},{"damage":24,"enemies":"3 Cultists","floor":21,"turns":3}],"seed_played":"-8348336054386451803","potions_obtained":[{"floor":4,"key":"AttackPotion"},{"floor":7,"key":"Block Potion"},{"floor":8,"key":"SpeedPotion"},{"floor":18,"key":"GamblersBrew"}],"is_trial":false,"path_per_floor":["M","M","?","M","M","R","E","M","T","R","M","$","?","T","R","B",null,"M","M","M","M"],"character_chosen":"DEFECT","items_purchased":["All For One"],"campfire_rested":1,"item_purchase_floors":[12],"current_hp_per_floor":[75,74,74,74,61,61,26,19,19,41,33,33,51,51,51,12,75,45,45,17,0,0],"gold":245,"neow_bonus":"THREE_CARDS","is_daily":false,"chose_seed":false,"campfire_upgraded":2,"win_rate":0.0,"timestamp":1613460617,"path_taken":["M","M","?","M","M","R","E","M","T","R","?","$","?","?","R","BOSS","M","M","M","M"],"items_purchased_type":["Card"],"build_version":"2020-12-22","purchased_purges":0,"victory":false,"max_hp_per_floor":[75,75,75,75,75,75,75,75,75,75,75,75,75,75,75,75,75,75,75,75,75,75],"card_choices":[{"not_picked":["Steam","Redo"],"picked":"FTL","floor":0},{"not_picked":["Hologram","Undo"],"picked":"Rebound","floor":1},{"not_picked":["FTL","Gash"],"picked":"Streamline","floor":2},{"not_picked":["Heatsinks","Compile Driver","Genetic Algorithm"],"picked":"SKIP","floor":4},{"not_picked":["Undo","Defragment"],"picked":"Streamline","floor":5},{"not_picked":["Coolheaded","Genetic Algorithm"],"picked":"Rebound","floor":7},{"not_picked":["Barrage","Rebound"],"picked":"Machine Learning","floor":8},{"not_picked":["Darkness","FTL"],"picked":"Leap","floor":11},{"not_picked":["Hyperbeam","Creative AI"],"picked":"All For One","floor":16},{"not_picked":["Ball Lightning","Turbo"],"picked":"Streamline","floor":18},{"not_picked":["Cold Snap","Barrage"],"picked":"Streamline+1","floor":19},{"not_picked":["Leap+1","Fusion","Coolheaded"],"picked":"SKIP","floor":20}],"player_experience":158317,"relics_obtained":[{"floor":7,"key":"Turnip"},{"floor":14,"key":"Nunchaku"}],"event_choices":[{"damage_healed":0,"gold_gain":0,"player_choice":"Bought 0 Potions","damage_taken":0,"max_hp_gain":0,"max_hp_loss":0,"event_name":"The Woman in Blue","floor":3,"gold_loss":0},{"damage_healed":18,"gold_gain":0,"player_choice":"Healed","damage_taken":0,"max_hp_gain":0,"max_hp_loss":0,"event_name":"The Cleric","floor":13,"gold_loss":35}],"is_beta":false,"boss_relics":[{"not_picked":["Calling Bell","Runic Pyramid"],"picked":"Astrolabe"}],"items_purged_floors":[],"is_endless":false,"potions_floor_spawned":[4,7,8,18],"killed_by":"3 Cultists","ascension_level":3}}