{"host":"r081svdj6e9i7zze","time":1613464233,"event":{"mods":["AchievementEnabler","BaseMod","Colored Map","Minty Spire (QoL Compilation)","SuperFastMode"],"gold_per_floor":[114,133,83,100,100,100,125,137,137,167,180,180,34,46,46,147,147,157,157,256,256,256,256,256,256,256,256,273,20,20,20,20,119,119,133,133,133,133],"floor_reached":37,"language":"KOR","playtime":1600,"items_purged":[],"score":373,"play_id":"8250cc05-c6c3-4920-8a0c-98e67295ad22","local_time":"20210216173033","is_ascension_mode":false,"campfire_choices":[{"data":"Uppercut","floor":6,"key":"SMITH"},{"data":"Seeing Red","floor":12,"key":"SMITH"},{"data":"Immolate","floor":15,"key":"SMITH"},{"data":"Shockwave","floor":23,"key":"SMITH"},{"data":"Fire Breathing","floor":24,"key":"SMITH"},{"data":"Warcry","floor":25,"key":"SMITH"},{"data":"Clash","floor":27,"key":"SMITH"},{"data":"Infernal Blade","floor":32,"key":"SMITH"}],"circlet_count":0,"master_deck":["Strike_R+1","Strike_R+1","Strike_R","Strike_R","Defend_R","Defend_R","Defend_R","Defend_R","Bash","Fire Breathing+1","Uppercut+1","Heavy Blade","Pommel Strike","Dropkick","Seeing Red+1","Warcry+1","Immolate+1","Clash+1","Reaper","Twin Strike","Shockwave+1","Wild Strike","Infernal Blade+1","Corruption","Heavy Blade+1","Body Slam+1"],"relics":["Burning Blood","Orichalcum","Darkstone Periapt","WingedGreaves","Philosopher\u0027s Stone","Prayer Wheel","Bottled Lightning","Runic Cube"],"acts_visited":["Exordium","TheCity","TheBeyond"],"potions_floor_usage":[16,16,33,33,33],"damage_taken":[{"damage":6,"enemies":"Jaw Worm","floor":1,"turns":5},{"damage":4,"enemies":"Small Slimes","floor":2,"turns":5},{"damage":4,"enemies":"2 Louse","floor":4,"turns":4},{"damage":28,"enemies":"Gremlin Nob","floor":7,"turns":4},{"damage":6,"enemies":"2 Fungi Beasts","floor":8,"turns":4},{"damage":20,"enemies":"3 Sentries","floor":10,"turns":6},{"damage":5,"enemies":"Large Slime","floor":11,"turns":5},{"damage":4,"enemies":"Exordium Thugs","floor":14,"turns":4},{"damage":26,"enemies":"The Guardian","floor":16,"turns":8},{"damage":1,"enemies":"Spheric Guardian","floor":18,"turns":3},{"damage":6,"enemies":"Shell Parasite","floor":28,"turns":3},{"damage":78,"enemies":"Collector","floor":33,"turns":8},{"damage":12,"enemies":"3 Shapes","floor":35,"turns":3},{"damage":98,"enemies":"Donu and Deca","floor":37,"turns":5}],"seed_played":"-7313697400648827105","potions_obtained":[{"floor":0,"key":"Energy Potion"},{"floor":0,"key":"Ancient Potion"},{"floor":0,"key":"Fire Potion"},{"floor":1,"key":"Fire Potion"},{"floor":16,"key":"SpeedPotion"},{"floor":33,"key":"Fruit Juice"}],"is_trial":false,"path_per_floor":["M","M","?","M","?","R","E","M","T","E","M","R","$","M","R","B",null,"M","?","?","?","?","R","R","R","T","R","M","$","?","$","R","B",null,"M","?","B"],"character_chosen":"IRONCLAD","items_purchased":["Immolate","Bottled Lightning"],"campfire_rested":0,"item_purchase_floors":[13,29],"current_hp_per_floor":[80,80,80,80,64,64,42,42,42,28,29,29,29,31,31,11,80,80,65,65,65,65,65,65,65,65,65,70,70,70,70,70,21,90,84,84,0,0],"gold":133,"neow_bonus":"THREE_SMALL_POTIONS","is_daily":false,"chose_seed":false,"campfire_upgraded":8,"win_rate":0.0,"timestamp":1613464233,"path_taken":["M","M","?","M","?","R","E","M","T","E","M","R","$","M","R","BOSS","M","?","?","?","?","R","R","R","T","R","M","$","?","$","R","BOSS","M","?","BOSS"],"items_purchased_type":["Card","Relic"],"build_version":"2020-12-22","purchased_purges":0,"victory":false,"max_hp_per_floor":[80,80,80,80,80,80,80,80,80,80,80,80,80,80,80,80,80,80,85,85,85,85,85,85,85,85,85,85,85,85,85,85,90,90,90,90,90,90],"card_choices":[{"not_picked":["Armaments","Headbutt"],"picked":"Fire Breathing","floor":1},{"not_picked":["Headbutt","Impervious"],"picked":"Uppercut","floor":2},{"not_picked":["True Grit","Flex"],"picked":"Heavy Blade","floor":4},{"not_picked":["Heavy Blade","Body Slam"],"picked":"Pommel Strike","floor":7},{"not_picked":["Clothesline","Pummel"],"picked":"Dropkick","floor":8},{"not_picked":["Warcry","Sword Boomerang"],"picked":"Seeing Red","floor":10},{"not_picked":["Pommel Strike","Dark Embrace"],"picked":"Warcry","floor":11},{"not_picked":["Rupture","Armaments"],"picked":"Clash","floor":14},{"not_picked":["Brutality","Fiend Fire"],"picked":"Reaper","floor":16},{"not_picked":["Armaments","Clothesline"],"picked":"Twin Strike","floor":18},{"not_picked":["Sword Boomerang","Hemokinesis"],"picked":"Wild Strike","floor":28},{"not_picked":["Feel No Pain","Seeing Red"],"picked":"Infernal Blade","floor":28},{"not_picked":["Bludgeon","Exhume"],"picked":"Corruption","floor":33},{"not_picked":["Fire Breathing","Headbutt"],"picked":"Heavy Blade+1","floor":35},{"not_picked":["Thunderclap","Warcry+1"],"picked":"Body Slam+1","floor":35}],"player_experience":73770,"relics_obtained":[{"floor":7,"key":"Orichalcum"},{"floor":9,"key":"Darkstone Periapt"},{"floor":10,"key":"WingedGreaves"},{"floor":26,"key":"Prayer Wheel"}],"event_choices":[{"cards_removed":["Strike_R"],"damage_healed":0,"gold_gain":0,"player_choice":"Card Removal","damage_taken":0,"max_hp_gain":0,"max_hp_loss":0,"event_name":"The Cleric","floor":3,"gold_loss":50},{"damage_healed":0,"gold_gain":0,"player_choice":"Entered Light","damage_taken":16,"max_hp_gain":0,"max_hp_loss":0,"event_name":"Shining Light","floor":5,"gold_loss":0,"cards_upgraded":["Strike_R","Strike_R"]},{"damage_healed":0,"gold_gain":0,"player_choice":"Shed Blood","damage_taken":20,"max_hp_gain":5,"max_hp_loss":0,"event_name":"Forgotten Altar","floor":19,"gold_loss":0},{"damage_healed":0,"gold_gain":99,"player_choice":"Stole From Cult","damage_taken":0,"max_hp_gain":0,"max_hp_loss":0,"event_name":"Nest","floor":20,"gold_loss":0},{"damage_healed":0,"gold_gain":0,"player_choice":"Read","damage_taken":0,"max_hp_gain":0,"max_hp_loss":0,"event_name":"The Library","floor":21,"gold_loss":0,"cards_obtained":["Shockwave"]},{"damage_healed":0,"gold_gain":0,"player_choice":"Ignored","damage_taken":0,"max_hp_gain":0,"max_hp_loss":0,"event_name":"Ghosts","floor":22,"gold_loss":0},{"damage_healed":0,"gold_gain":0,"player_choice":"Took Portal","damage_taken":0,"max_hp_gain":0,"max_hp_loss":0,"event_name":"SecretPortal","floor":36,"gold_loss":0}],"is_beta":false,"boss_relics":[{"not_picked":["Runic Pyramid","Runic Dome"],"picked":"Philosopher\u0027s Stone"},{"not_picked":["Sozu","Calling Bell"],"picked":"Runic Cube"}],"items_purged_floors":[],"is_endless":false,"potions_floor_spawned":[1,14,16,33],"killed_by":"Donu and Deca","ascension_level":0}}