{"host":"w14xfy17z3c5mpoi","time":1613507510,"event":{"mods":["AchievementEnabler","BaseMod","Minty Spire (QoL Compilation)","Relic Stats"],"gold_per_floor":[110,126,201,201,218,218,236,269,269,280,33,60,60,86,86,190,190,203,214,41,60,60,60,74,74,74,103,28,28,28,42,42,144,144,162,162,175,1,1,1],"floor_reached":39,"language":"ENG","playtime":2162,"items_purged":["Defend_P","Defend_P","Writhe"],"score":599,"play_id":"45d157c6-b35a-4118-9e71-23623fd442b9","local_time":"20210216153150","is_ascension_mode":true,"campfire_choices":[{"floor":6,"key":"REST"},{"floor":15,"key":"REST"},{"floor":23,"key":"REST"},{"floor":25,"key":"REST"},{"floor":30,"key":"REST"},{"data":"TalkToTheHand","floor":32,"key":"SMITH"}],"circlet_count":0,"master_deck":["Strike_P","Eruption","Vigilance","SashWhip","BowlingBash","FlyingSleeves","CrushJoints","Wallop","TalkToTheHand+1","EmptyFist","Ragnarok","TalkToTheHand","FearNoEvil","CutThroughFate+1","Consecrate+1","WaveOfTheHand","WaveOfTheHand+1","SpiritShield+1","Evaluate+1","Meditate","FlurryOfBlows+1"],"relics":["Runic Dome","HornCleat","Singing Bowl","Juzu Bracelet","Lantern","Black Star","Centennial Puzzle","Peace Pipe","Mummified Hand","WingedGreaves","Astrolabe"],"acts_visited":["Exordium","TheCity","TheBeyond"],"potions_floor_usage":[14,16,16,24,33],"damage_taken":[{"damage":4,"enemies":"Jaw Worm","floor":1,"turns":2},{"damage":5,"enemies":"2 Louse","floor":2,"turns":3},{"damage":0,"enemies":"Cultist","floor":5,"turns":2},{"damage":17,"enemies":"Exordium Thugs","floor":7,"turns":5},{"damage":0,"enemies":"Gremlin Nob","floor":8,"turns":2},{"damage":10,"enemies":"Red Slaver","floor":10,"turns":3},{"damage":10,"enemies":"Lagavulin","floor":12,"turns":7},{"damage":5,"enemies":"3 Sentries","floor":14,"turns":4},{"damage":18,"enemies":"The Guardian","floor":16,"turns":13},{"damage":19,"enemies":"2 Thieves","floor":18,"turns":4},{"damage":0,"enemies":"Chosen","floor":19,"turns":3},{"damage":26,"enemies":"3 Cultists","floor":21,"turns":5},{"damage":0,"enemies":"Centurion and Healer","floor":24,"turns":4},{"damage":26,"enemies":"Slavers","floor":27,"turns":3},{"damage":0,"enemies":"Snecko","floor":31,"turns":2},{"damage":56,"enemies":"Collector","floor":33,"turns":11},{"damage":39,"enemies":"3 Darklings","floor":35,"turns":7},{"damage":11,"enemies":"3 Shapes","floor":37,"turns":4},{"damage":31,"enemies":"Jaw Worm Horde","floor":39,"turns":3}],"seed_played":"-6325839818487687497","potions_obtained":[{"floor":10,"key":"SkillPotion"},{"floor":13,"key":"Strength Potion"},{"floor":16,"key":"SkillPotion"},{"floor":24,"key":"SpeedPotion"},{"floor":31,"key":"Dexterity Potion"},{"floor":33,"key":"Block Potion"}],"is_trial":false,"path_per_floor":["M","M","?","?","M","R","M","E","T","M","$","E","?","E","R","B",null,"M","M","$","M","$","R","M","R","T","E","?","T","R","M","R","B",null,"M","?","M","$","M"],"character_chosen":"WATCHER","items_purchased":["TalkToTheHand","Block Potion","Swift Potion","GamblersBrew","Fire Potion"],"campfire_rested":5,"item_purchase_floors":[11,11,11,20,38],"current_hp_per_floor":[61,56,45,38,38,59,42,42,42,32,32,24,24,19,41,23,61,42,42,42,16,16,38,38,60,60,34,34,34,56,58,58,4,60,21,41,30,30,0,0],"gold":1,"neow_bonus":"BOSS_RELIC","is_daily":false,"chose_seed":false,"campfire_upgraded":1,"win_rate":0.0,"timestamp":1613507510,"path_taken":["M","M","?","?","M","R","M","E","T","M","$","E","?","E","R","BOSS","M","M","$","M","$","R","M","R","T","E","?","?","R","M","R","BOSS","M","?","M","$","M"],"items_purchased_type":["Card","Potion","Potion","Potion","Potion"],"build_version":"2020-12-22","purchased_purges":3,"victory":false,"max_hp_per_floor":[72,72,72,72,72,72,72,72,72,72,72,74,74,74,74,74,74,74,74,74,74,74,74,74,74,74,74,74,74,74,76,76,78,78,78,78,78,78,78,78],"relic_stats":{"Peace Pipe":0,"Centennial Puzzle":[15],"Singing Bowl":6,"counters":[19,87],"Mummified Hand":[0],"Astrolabe":["WaveOfTheHand","SpiritShield","Evaluate"],"Juzu Bracelet":0,"Black Star":1,"obtain_stats":[{"Peace Pipe":27,"Runic Dome":0,"Lantern":14,"Centennial Puzzle":26,"HornCleat":8,"Singing Bowl":9,"Mummified Hand":27,"Astrolabe":34,"WingedGreaves":29,"Juzu Bracelet":12,"Black Star":17,"PureWater":0},{"Peace Pipe":14,"Runic Dome":0,"Lantern":8,"Centennial Puzzle":13,"HornCleat":5,"Singing Bowl":5,"Mummified Hand":14,"Astrolabe":16,"WingedGreaves":14,"Juzu Bracelet":7,"Black Star":9,"PureWater":0},{"Peace Pipe":60,"Runic Dome":0,"Lantern":28,"Centennial Puzzle":57,"HornCleat":14,"Singing Bowl":14,"Mummified Hand":60,"Astrolabe":73,"WingedGreaves":60,"Juzu Bracelet":24,"Black Star":41,"PureWater":0}]},"card_choices":[{"not_picked":["CutThroughFate","EmptyBody"],"picked":"SashWhip","floor":1},{"not_picked":["FollowUp","Study"],"picked":"BowlingBash","floor":2},{"not_picked":["Protect","WreathOfFlame"],"picked":"FlyingSleeves","floor":5},{"not_picked":["EmptyBody","ThirdEye"],"picked":"CrushJoints","floor":7},{"not_picked":["FlyingSleeves","Judgement","PathToVictory"],"picked":"SKIP","floor":8},{"not_picked":["EmptyBody","Halt"],"picked":"Wallop","floor":10},{"not_picked":["PathToVictory","ThirdEye","Wallop"],"picked":"Singing Bowl","floor":12},{"not_picked":["LikeWater","ThirdEye"],"picked":"EmptyFist","floor":14},{"not_picked":["ConjureBlade","Scrawl"],"picked":"Ragnarok","floor":16},{"not_picked":["Worship","Sanctity+1"],"picked":"TalkToTheHand","floor":18},{"not_picked":["Weave","Wallop"],"picked":"FearNoEvil","floor":19},{"not_picked":["SashWhip","Prostrate"],"picked":"CutThroughFate+1","floor":21},{"not_picked":["JustLucky","Protect"],"picked":"Consecrate+1","floor":24},{"not_picked":["DeceiveReality","Consecrate+1"],"picked":"WaveOfTheHand","floor":27},{"not_picked":["FollowUp","SashWhip+1","ClearTheMind+1"],"picked":"Singing Bowl","floor":31},{"not_picked":["MasterReality","Devotion","SpiritShield"],"picked":"Singing Bowl","floor":33},{"not_picked":["ClearTheMind","Halt+1"],"picked":"Meditate","floor":35},{"not_picked":["EmptyBody","CarveReality+1"],"picked":"FlurryOfBlows+1","floor":37}],"player_experience":668779,"relics_obtained":[{"floor":8,"key":"HornCleat"},{"floor":9,"key":"Singing Bowl"},{"floor":12,"key":"Juzu Bracelet"},{"floor":14,"key":"Lantern"},{"floor":26,"key":"Centennial Puzzle"},{"floor":27,"key":"Peace Pipe"},{"floor":27,"key":"Mummified Hand"},{"floor":29,"key":"WingedGreaves"}],"event_choices":[{"damage_healed":0,"gold_gain":75,"player_choice":"Gather Gold","damage_taken":11,"max_hp_gain":0,"max_hp_loss":0,"event_name":"World of Goop","floor":3,"gold_loss":0},{"cards_removed":["Defend_P"],"damage_healed":0,"gold_gain":0,"player_choice":"Card Removal","damage_taken":7,"max_hp_gain":0,"max_hp_loss":0,"event_name":"Golden Wing","floor":4,"gold_loss":0},{"damage_healed":0,"gold_gain":0,"player_choice":"Got Potions","damage_taken":0,"max_hp_gain":0,"max_hp_loss":0,"event_name":"Lab","floor":13,"gold_loss":0},{"cards_removed":["Defend_P"],"damage_healed":0,"gold_gain":0,"player_choice":"Gave Gold","damage_taken":0,"max_hp_gain":0,"max_hp_loss":0,"event_name":"Beggar","floor":28,"gold_loss":75},{"damage_healed":20,"gold_gain":0,"player_choice":"Writhe","damage_taken":0,"max_hp_gain":0,"max_hp_loss":0,"event_name":"Winding Halls","floor":36,"gold_loss":0,"cards_obtained":["Writhe"]}],"is_beta":false,"boss_relics":[{"not_picked":["Pandora\u0027s Box","Coffee Dripper"],"picked":"Black Star"},{"not_picked":["Philosopher\u0027s Stone","SlaversCollar"],"picked":"Astrolabe"}],"items_purged_floors":[11,20,38],"is_endless":false,"potions_floor_spawned":[10,12,16,24,31,33,37],"killed_by":"Jaw Worm Horde","ascension_level":7}}