{"host":"7ttbe3gzet1mthv0","time":1613483284,"event":{"mods":["AchievementEnabler","BaseMod","Bestiary","Better Match","Better Note","Better Sensory Stone","Better Third Choice","BetterRewards","CapriCore","Colored Map","Colored Powertips","Custom Start","Downfall","Fox Events","Hermit","Highlight Path","Infinite Spire","Jorbs\u0027s Wanderer Trilogy","Luminous","Marisa????????","Minty Spire (QoL Compilation)","Rare Cards Sparkle","Relic Stats","Spicy Shops","StSLib","The Alterego","The Bug Knight","The Cursed","The Hierophant","The Marked","Wandering Minibosses"],"gold_per_floor":[111,126,121,115,110,110,117,117,117,117,117,117,123,129,129,214,214,215,234,234,234,234,234,252,257,257,257,190,190,190,934,934,1042,1042,1058,1058,1126,1174,1191,1191,1221,1221,1221,1238,1267,1281,1299,1433,1433,1445,1445,1445,45,73,125],"floor_reached":56,"language":"SPA","playtime":4826,"items_purged":["Strike_G"],"score":1436,"play_id":"62a11cea-9231-4f4f-ac3a-2f3bae7e3e77","local_time":"20210216144804","is_ascension_mode":true,"campfire_choices":[{"data":"Calculated Gamble","floor":6,"key":"SMITH"},{"data":"Unload","floor":8,"key":"SMITH"},{"data":"Cloak And Dagger","floor":10,"key":"SMITH"},{"data":"Backflip","floor":15,"key":"SMITH"},{"data":"RitualDagger","floor":23,"key":"SMITH"},{"floor":29,"key":"REST"},{"floor":32,"key":"REST"},{"data":"infinitespire:SevenWalls","floor":40,"key":"SMITH"},{"data":"Infinite Blades","floor":42,"key":"SMITH"},{"floor":49,"key":"RECALL"},{"data":"Caltrops","floor":52,"key":"SMITH"}],"circlet_count":0,"master_deck":["Strike_G","Strike_G","Strike_G","Defend_G","Defend_G","Defend_G","Defend_G","Defend_G","Survivor","Neutralize","Calculated Gamble+1","Cloak And Dagger+1","Backflip+1","Finisher","Acrobatics","Unload+1","Bouncing Flask+1","Bullet Time+1","Deflect+1","Corpse Explosion+1","Deadly Poison+1","Dash","infinitespire:SevenWalls+1","RitualDagger+1","Infinite Blades+1","Cloak And Dagger+1","Prepared+1","Prepared+1","Adrenaline+1","Noxious Fumes+1","Outmaneuver+1","Blur+1","Crippling Poison+1","Caltrops+1","Mayhem","Sadistic Nature","Noxious Fumes","Blur+1","Choke+1"],"relics":["Ring of the Snake","FossilizedHelix","Toxic Egg 2","infinitespire:Cupcake","MealTicket","infinitespire:Midas Blood","wanderingMiniBosses:MasterThiefsPresence","SlaversCollar","infinitespire:CheckeredPen","Thread and Needle","Sundial","Boot","Mercury Hourglass","The Specimen","ClockworkSouvenir","infinitespire:PuzzleCube","Bag of Marbles","Medical Kit","Centennial Puzzle"],"acts_visited":["Exordium","TheCity","TheBeyond","TheEnding"],"potions_floor_usage":[4,7,16,16,25,50,55,55,55,55],"damage_taken":[{"damage":4,"enemies":"Cultist","floor":1,"turns":5},{"damage":2,"enemies":"Small Slimes","floor":2,"turns":4},{"damage":1,"enemies":"2 Louse","floor":3,"turns":5},{"damage":6,"enemies":"Blue Slaver","floor":4,"turns":7},{"damage":15,"enemies":"Exordium Wildlife","floor":5,"turns":8},{"damage":23,"enemies":"3 Sentries","floor":7,"turns":14},{"damage":0,"enemies":"Exordium Thugs","floor":12,"turns":4},{"damage":0,"enemies":"Looter","floor":13,"turns":4},{"damage":0,"enemies":"2 Fungi Beasts","floor":14,"turns":3},{"damage":0,"enemies":"Slime Boss","floor":16,"turns":10},{"damage":0,"enemies":"3 Byrds","floor":18,"turns":2},{"damage":0,"enemies":"Spheric Guardian","floor":19,"turns":2},{"damage":0,"enemies":"Snecko","floor":24,"turns":4},{"damage":28,"enemies":"Book of Stabbing","floor":25,"turns":6},{"damage":0,"enemies":"Sentry and Sphere","floor":28,"turns":6},{"damage":0,"enemies":"Centurion and Healer","floor":30,"turns":6},{"damage":4,"enemies":"Snecko","floor":31,"turns":4},{"damage":62,"enemies":"Collector","floor":33,"turns":8},{"damage":0,"enemies":"Orb Walker","floor":35,"turns":2},{"damage":2,"enemies":"2 Orb Walkers","floor":38,"turns":4},{"damage":0,"enemies":"3 Darklings","floor":39,"turns":4},{"damage":0,"enemies":"Nemesis","floor":41,"turns":5},{"damage":0,"enemies":"Jaw Worm Horde","floor":44,"turns":3},{"damage":0,"enemies":"Giant Head","floor":45,"turns":7},{"damage":0,"enemies":"Spire Growth","floor":46,"turns":3},{"damage":0,"enemies":"Transient","floor":47,"turns":5},{"damage":43,"enemies":"Time Eater","floor":50,"turns":9},{"damage":7,"enemies":"Shield and Spear","floor":54,"turns":4},{"damage":95,"enemies":"The Heart","floor":55,"turns":8}],"seed_played":"5315494228563304476","potions_obtained":[{"floor":1,"key":"SpeedPotion"},{"floor":4,"key":"Fruit Juice"},{"floor":12,"key":"Explosive Potion"},{"floor":13,"key":"ColorlessPotion"},{"floor":19,"key":"Dexterity Potion"},{"floor":24,"key":"Swift Potion"},{"floor":31,"key":"BlessingOfTheForge"},{"floor":33,"key":"FearPotion"},{"floor":38,"key":"DuplicationPotion"},{"floor":45,"key":"EntropicBrew"},{"floor":48,"key":"FairyPotion"}],"is_trial":false,"path_per_floor":["M","M","M","M","M","R","E","R","T","R","?","M","M","M","R","B",null,"M","M","?","?","?","R","M","E","T","?","M","R","M","M","R","B",null,"M","?","T","?","M","R","E","R","T","M","E","M","M","?","R","B",null,"R","$","E","B",null],"character_chosen":"THE_SILENT","items_purchased":["Sadistic Nature","The Specimen","ClockworkSouvenir","infinitespire:PuzzleCube","Bag of Marbles","Medical Kit","Noxious Fumes","Blur+1","Energy Potion"],"campfire_rested":2,"item_purchase_floors":[53,53,53,53,53,53,53,53,53],"current_hp_per_floor":[73,71,70,69,54,54,31,31,31,31,31,31,31,31,31,31,82,82,82,82,63,57,57,57,29,29,29,29,53,53,49,73,11,82,82,82,82,80,80,80,80,80,80,80,80,80,80,80,80,37,82,82,82,75,19],"gold":125,"neow_bonus":"TEN_PERCENT_HP_BONUS","is_daily":false,"chose_seed":false,"campfire_upgraded":8,"win_rate":0.0,"timestamp":1613483284,"path_taken":["M","M","M","M","M","R","E","R","T","R","?","M","?","M","R","BOSS","M","M","?","?","?","R","M","E","T","?","?","R","M","M","R","BOSS","M","?","?","?","M","R","E","R","T","M","E","M","M","?","R","BOSS","R","$","E","BOSS"],"items_purchased_type":["Card","Relic","Relic","Relic","Relic","Relic","Card","Card","Potion"],"build_version":"2020-12-22","purchased_purges":1,"victory":true,"max_hp_per_floor":[77,77,77,82,82,82,82,82,82,82,82,82,82,82,82,82,82,82,82,82,82,82,82,82,82,82,82,82,82,82,82,82,82,82,82,82,82,82,82,82,82,82,82,82,82,82,82,82,82,82,82,82,82,82,82],"relic_stats":{"Centennial Puzzle":[3],"counters":[29,156],"Sundial":[2],"MealTicket":0,"Boot":[32],"Medical Kit":[2],"obtain_stats":[{"The Specimen":53,"wanderingMiniBosses:MasterThiefsPresence":31,"Thread and Needle":38,"infinitespire:CheckeredPen":37,"Boot":45,"Medical Kit":53,"Mercury Hourglass":48,"ClockworkSouvenir":53,"SlaversCollar":34,"Centennial Puzzle":54,"Sundial":41,"MealTicket":25,"Bag of Marbles":53,"Toxic Egg 2":9,"FossilizedHelix":7,"infinitespire:PuzzleCube":53,"Ring of the Snake":0,"infinitespire:Cupcake":17,"infinitespire:Midas Blood":26},{"The Specimen":27,"wanderingMiniBosses:MasterThiefsPresence":17,"Thread and Needle":20,"infinitespire:CheckeredPen":19,"Boot":24,"Medical Kit":27,"Mercury Hourglass":26,"ClockworkSouvenir":27,"SlaversCollar":18,"Centennial Puzzle":28,"Sundial":22,"MealTicket":14,"Bag of Marbles":27,"Toxic Egg 2":6,"FossilizedHelix":6,"infinitespire:PuzzleCube":27,"Ring of the Snake":0,"infinitespire:Cupcake":10,"infinitespire:Midas Blood":14},{"The Specimen":144,"wanderingMiniBosses:MasterThiefsPresence":94,"Thread and Needle":108,"infinitespire:CheckeredPen":104,"Boot":127,"Medical Kit":144,"Mercury Hourglass":135,"ClockworkSouvenir":144,"SlaversCollar":102,"Centennial Puzzle":148,"Sundial":117,"MealTicket":78,"Bag of Marbles":144,"Toxic Egg 2":43,"FossilizedHelix":43,"infinitespire:PuzzleCube":144,"Ring of the Snake":0,"infinitespire:Cupcake":64,"infinitespire:Midas Blood":78}],"Ring of the Snake":[58],"Mercury Hourglass":[63]},"card_choices":[{"not_picked":["Blade Dance","Quick Slash"],"picked":"Calculated Gamble","floor":1},{"not_picked":["Flechettes","Poisoned Stab"],"picked":"Cloak And Dagger","floor":2},{"not_picked":["Underhanded Strike","Bouncing Flask"],"picked":"Backflip","floor":3},{"not_picked":["Deadly Poison","Calculated Gamble"],"picked":"Finisher","floor":4},{"not_picked":["Dodge and Roll","Bouncing Flask"],"picked":"Acrobatics","floor":5},{"not_picked":["Backstab","Backflip"],"picked":"Unload","floor":7},{"not_picked":["Bane","Acrobatics+1"],"picked":"Bouncing Flask+1","floor":12},{"not_picked":["Distraction+1","Slice"],"picked":"Bullet Time+1","floor":13},{"not_picked":["Terror+1","Choke"],"picked":"Deflect+1","floor":14},{"not_picked":["Envenom","Malaise+1"],"picked":"Corpse Explosion+1","floor":16},{"not_picked":["Expertise+1","Acrobatics+1"],"picked":"Deadly Poison+1","floor":18},{"not_picked":["Cloak And Dagger+1","Flying Knee+1"],"picked":"Dash","floor":19},{"not_picked":["infinitespire:Punishment","infinitespire:SealOfDarkness+"],"picked":"infinitespire:SevenWalls","floor":21},{"not_picked":["All Out Attack","Heel Hook"],"picked":"Infinite Blades","floor":24},{"not_picked":["Acrobatics+1","Bane"],"picked":"Cloak And Dagger+1","floor":25},{"not_picked":["Skewer+1","Dash","PiercingWail+1"],"picked":"SKIP","floor":28},{"not_picked":["Deadly Poison+1","PiercingWail+1"],"picked":"Prepared+1","floor":30},{"not_picked":["Deflect+1","Dodge and Roll+1"],"picked":"Prepared+1","floor":31},{"not_picked":["Envenom","Night Terror+1"],"picked":"Adrenaline+1","floor":33},{"not_picked":["Poisoned Stab+1","Finisher"],"picked":"Noxious Fumes+1","floor":35},{"not_picked":["Dagger Throw+1","Poisoned Stab+1"],"picked":"Outmaneuver+1","floor":38},{"not_picked":["Underhanded Strike","Endless Agony"],"picked":"Blur+1","floor":39},{"not_picked":["Infinite Blades","Deflect+1","Bane"],"picked":"SKIP","floor":41},{"not_picked":["Poisoned Stab+1","Dodge and Roll+1","PiercingWail+1"],"picked":"SKIP","floor":44},{"not_picked":["Expertise+1","Acrobatics+1","Quick Slash"],"picked":"SKIP","floor":45},{"not_picked":["Riddle With Holes","Dagger Spray"],"picked":"Crippling Poison+1","floor":46},{"not_picked":["Distraction+1","Deadly Poison+1"],"picked":"Caltrops","floor":47},{"not_picked":["Dramatic Entrance","Dark Shackles+1"],"picked":"Mayhem","floor":48},{"not_picked":["Underhanded Strike+1","Dash"],"picked":"Choke+1","floor":54}],"player_experience":62591,"relics_obtained":[{"floor":7,"key":"FossilizedHelix"},{"floor":9,"key":"Toxic Egg 2"},{"floor":25,"key":"MealTicket"},{"floor":26,"key":"infinitespire:Midas Blood"},{"floor":31,"key":"wanderingMiniBosses:MasterThiefsPresence"},{"floor":37,"key":"infinitespire:CheckeredPen"},{"floor":38,"key":"Thread and Needle"},{"floor":41,"key":"Sundial"},{"floor":45,"key":"Boot"},{"floor":48,"key":"Mercury Hourglass"},{"floor":54,"key":"Centennial Puzzle"}],"event_choices":[{"cards_removed":["Strike_G"],"damage_healed":0,"gold_gain":0,"player_choice":"Offered Basic","damage_taken":0,"max_hp_gain":0,"max_hp_loss":0,"event_name":"Bonfire Elementals","floor":11,"gold_loss":0},{"damage_healed":0,"gold_gain":0,"player_choice":"Ignored","damage_taken":0,"max_hp_gain":0,"max_hp_loss":0,"event_name":"Vampires","floor":20,"gold_loss":0},{"damage_healed":0,"gold_gain":0,"player_choice":"Dagger","damage_taken":6,"max_hp_gain":0,"max_hp_loss":0,"event_name":"betterThird:BetterNest","floor":22,"gold_loss":0,"cards_obtained":["RitualDagger"]},{"damage_healed":0,"gold_gain":0,"player_choice":"Ignored","damage_taken":0,"max_hp_gain":0,"max_hp_loss":0,"event_name":"Tomb of Lord Red Mask","floor":36,"gold_loss":0},{"damage_healed":0,"gold_gain":0,"player_choice":"Fight","damage_taken":0,"max_hp_gain":0,"max_hp_loss":0,"event_name":"Mysterious Sphere","floor":38,"gold_loss":0},{"damage_healed":0,"gold_gain":0,"player_choice":"Random: Red","damage_taken":0,"max_hp_gain":0,"max_hp_loss":0,"event_name":"betterThird:BetterPortal","floor":48,"gold_loss":0}],"is_beta":false,"boss_relics":[{"not_picked":["Snecko Eye","Cursed Key"],"picked":"infinitespire:Cupcake"},{"not_picked":["SacredBark","HoveringKite"],"picked":"SlaversCollar"}],"items_purged_floors":[53],"is_endless":false,"potions_floor_spawned":[1,4,12,13,19,24,31,33,38,45,46],"ascension_level":2}}