{"host":"ynimr9ugvc6f046i","time":1613479657,"event":{"mods":["2.2 Compatiblity","BaseMod","Colored Map","DeckTracker","Highlight Path","Keyboard Shortcuts","Minty Spire (QoL Compilation)","Permanent Neow","Quick Restart","StSLib","SuperFastMode"],"gold_per_floor":[110,122,133,59,77,77,109,34,88,88,99,99,117,150,150,227,227,247,259,86,86,104,104,104],"floor_reached":23,"language":"KOR","playtime":542,"items_purged":["Strike_B"],"score":456,"play_id":"efa2a180-0943-4db0-9e81-33a41122d05b","local_time":"20210216214737","is_ascension_mode":true,"campfire_choices":[{"data":"Blizzard","floor":6,"key":"SMITH"},{"floor":10,"key":"REST"},{"data":"Zap","floor":12,"key":"SMITH"},{"data":"Dualcast","floor":15,"key":"SMITH"}],"circlet_count":0,"master_deck":["AscendersBane","Strike_B","Strike_B","Strike_B","Defend_B","Defend_B","Defend_B","Defend_B","Zap+1","Dualcast+1","Ball Lightning","Glacier","Blizzard+1","Compile Driver","Gash","Echo Form","Self Repair"],"relics":["Sozu","Kunai","Blood Vial","Nunchaku","Velvet Choker","Medical Kit"],"acts_visited":["Exordium","TheCity"],"potions_floor_usage":[],"damage_taken":[{"damage":7.0,"enemies":"Cultist","floor":1.0,"turns":4.0},{"damage":8,"enemies":"2 Louse","floor":2,"turns":3},{"damage":2,"enemies":"Small Slimes","floor":3,"turns":4},{"damage":4,"enemies":"Blue Slaver","floor":5,"turns":4},{"damage":13,"enemies":"3 Sentries","floor":7,"turns":9},{"damage":1,"enemies":"2 Fungi Beasts","floor":11,"turns":4},{"damage":6,"enemies":"Gremlin Gang","floor":13,"turns":4},{"damage":1,"enemies":"Lagavulin","floor":14,"turns":8},{"damage":46,"enemies":"Slime Boss","floor":16,"turns":10},{"damage":12,"enemies":"Chosen","floor":18,"turns":5},{"damage":11,"enemies":"2 Thieves","floor":19,"turns":4},{"damage":10,"enemies":"Centurion and Healer","floor":22,"turns":7},{"damage":37,"enemies":"Book of Stabbing","floor":23,"turns":5}],"seed_played":"2832237668378322240","potions_obtained":[],"is_trial":false,"path_per_floor":["M","M","M","$","M","R","E","$","T","R","M","R","M","E","R","B",null,"M","M","$","?","M","E"],"character_chosen":"DEFECT","items_purchased":["Blizzard","Medical Kit"],"campfire_rested":1,"item_purchase_floors":[4,20],"current_hp_per_floor":[57,49,47,47,43,43,30,30,30,51,52,52,48,49,49,5,55,45,36,36,32,31,0,0],"gold":104,"neow_bonus":"BOSS_RELIC","is_daily":false,"chose_seed":false,"campfire_upgraded":3,"win_rate":0.0,"timestamp":1613479657,"path_taken":["M","M","M","?","?","R","E","$","T","R","M","R","M","E","R","BOSS","M","M","$","?","M","E"],"items_purchased_type":["Card","Relic"],"build_version":"2020-12-22","purchased_purges":1,"victory":false,"max_hp_per_floor":[71,71,71,71,71,71,71,71,71,71,71,71,71,71,71,71,71,71,71,71,71,71,71,71],"card_choices":[{"not_picked":["Coolheaded","Aggregate"],"picked":"Ball Lightning","floor":1.0},{"not_picked":["Steam","Leap"],"picked":"Glacier","floor":2},{"not_picked":["Leap","Steam Power","Rebound"],"picked":"SKIP","floor":3},{"not_picked":["Ball Lightning","Sunder"],"picked":"Compile Driver","floor":5},{"not_picked":["Ball Lightning","Sweeping Beam","Barrage"],"picked":"SKIP","floor":7},{"not_picked":["Tempest","Creative AI","Hologram"],"picked":"SKIP","floor":11},{"not_picked":["Force Field","Conserve Battery"],"picked":"Gash","floor":13},{"not_picked":["Beam Cell","Darkness","Streamline"],"picked":"SKIP","floor":14},{"not_picked":["Thunder Strike","Electrodynamics"],"picked":"Echo Form","floor":16},{"not_picked":["Beam Cell","Heatsinks","Streamline"],"picked":"SKIP","floor":18},{"not_picked":["Undo","Leap"],"picked":"Self Repair","floor":19},{"not_picked":["Doom and Gloom","Compile Driver","Sweeping Beam"],"picked":"SKIP","floor":22}],"player_experience":581243,"relics_obtained":[{"floor":7,"key":"Kunai"},{"floor":9,"key":"Blood Vial"},{"floor":14,"key":"Nunchaku"}],"event_choices":[{"damage_healed":0,"gold_gain":0,"player_choice":"Bought 0 Potions","damage_taken":0,"max_hp_gain":0,"max_hp_loss":0,"event_name":"The Woman in Blue","floor":21,"gold_loss":0}],"is_beta":false,"boss_relics":[{"not_picked":["Cursed Key","SlaversCollar"],"picked":"Velvet Choker"}],"items_purged_floors":[8],"is_endless":false,"potions_floor_spawned":[2,5,7,14,19,22],"killed_by":"Book of Stabbing","ascension_level":20}}