{"host":"956g3854xvs16zht","time":1613461493,"event":{"mods":["Act Like it!","AlwaysNeverKeys","Arknights","BaseMod","BetterRewards","Colored Map","Colored Powertips","DeckTracker","Displayed Cursed Tome","Energized Spire","Evolution","Infinite Spire","Minty Spire (QoL Compilation)","Permanent Neow","Relic Filter","Relic Sorter","Shop Mod","Spicy Shops","StSLib"],"gold_per_floor":[361,361,378,396,42,42,42],"floor_reached":6,"language":"ENG","playtime":419,"items_purged":["Clumsy"],"score":36,"play_id":"47641fbb-104b-46c8-8298-3d09566b853b","local_time":"20210216024453","is_ascension_mode":false,"campfire_choices":[],"circlet_count":0,"master_deck":["Barrage","Strike_B","Strike_B","Defend_B","Defend_B","Defend_B","Defend_B","Zap","Dualcast","Redo","Streamline"],"relics":["Cracked Core","EVO:Axolotl","MerchantsRug","infinitespire:Golems Mask","Juzu Bracelet"],"acts_visited":["Exordium"],"potions_floor_usage":[],"damage_taken":[{"damage":11,"enemies":"Jaw Worm","floor":1,"turns":4},{"damage":7,"enemies":"Small Slimes","floor":3,"turns":3},{"damage":17,"enemies":"infinitespire:Voidling","floor":4,"turns":3},{"damage":16,"enemies":"3 Sentries","floor":6,"turns":4}],"seed_played":"7527171692662884400","potions_obtained":[{"floor":1,"key":"Weak Potion"},{"floor":4,"key":"SkillPotion"}],"is_trial":false,"path_per_floor":["M","?","M","M","$","E"],"character_chosen":"DEFECT","items_purchased":["MerchantsRug","infinitespire:Golems Mask","Streamline","Juzu Bracelet"],"campfire_rested":0,"item_purchase_floors":[5,5,5,5],"current_hp_per_floor":[43,36,29,16,16,0,0],"gold":42,"neow_bonus":"TWO_FIFTY_GOLD","is_daily":false,"chose_seed":false,"campfire_upgraded":0,"win_rate":0.0,"timestamp":1613461493,"path_taken":["M","?","M","M","$","E"],"items_purchased_type":["Relic","Relic","Card","Relic"],"build_version":"2020-12-22","purchased_purges":1,"victory":false,"max_hp_per_floor":[75,75,75,75,75,75,75],"card_choices":[{"not_picked":["Double Energy","Compile Driver","Cold Snap"],"picked":"SKIP","floor":1},{"not_picked":["Gash","Heatsinks"],"picked":"Redo","floor":3},{"not_picked":["Compile Driver","Hologram","Doom and Gloom"],"picked":"SKIP","floor":4}],"player_experience":20122,"relics_obtained":[],"event_choices":[{"cards_removed":["Strike_B"],"damage_healed":0,"gold_gain":0,"player_choice":"Card Removal","damage_taken":7,"max_hp_gain":0,"max_hp_loss":0,"event_name":"Golden Wing","floor":2,"gold_loss":0}],"is_beta":false,"boss_relics":[],"items_purged_floors":[5],"is_endless":false,"potions_floor_spawned":[1,4],"killed_by":"3 Sentries","ascension_level":0}}