{"host":"ftf7rwqr5w72pdsx","time":1613438804,"event":{"mods":["BaseMod","Bestiary","Minty Spire (QoL Compilation)","Relic Stats","Slay the Relics Exporter"],"gold_per_floor":[118,118,132,156,177,177,217,217,285,320,350,362,395,407,419,554,566,593,530,542,590,602,614,662,706,718,763,775,819,884,924,936,948,948],"floor_reached":33,"language":"ENG","playtime":1769,"items_purged":[],"score":485,"play_id":"0a69102d-5d8b-40c7-a977-3423e55da31d","local_time":"20210215192644","is_ascension_mode":true,"campfire_choices":[{"floor":6,"key":"REST"},{"data":"Shockwave","floor":8,"key":"SMITH"},{"data":"True Grit","floor":12,"key":"SMITH"},{"floor":15,"key":"REST"},{"data":"Ghostly","floor":23,"key":"SMITH"},{"data":"Ghostly","floor":28,"key":"SMITH"},{"data":"Ghostly","floor":32,"key":"SMITH"}],"circlet_count":0,"master_deck":["AscendersBane","Strike_R","Strike_R","Strike_R","Strike_R","Strike_R","Defend_R","Defend_R","Defend_R","Bash","Pommel Strike","Sever Soul","Wild Strike","Shockwave+1","Shrug It Off","True Grit+1","Twin Strike+1","Wild Strike","Feed","Twin Strike","Ghostly","Ghostly+1","Ghostly+1","Ghostly+1","Ghostly","Feel No Pain","Shrug It Off+1","Perfected Strike","Seeing Red+1","Offering","Perfected Strike+1"],"relics":["Burning Blood","Lizard Tail","Golden Idol","CaptainsWheel","StrikeDummy","MawBank","Sozu","Red Mask","CeramicFish","Bottled Flame","Gremlin Horn","Nunchaku"],"acts_visited":["Exordium","TheCity"],"potions_floor_usage":[7,7],"damage_taken":[{"damage":3,"enemies":"2 Louse","floor":1,"turns":4},{"damage":5,"enemies":"Small Slimes","floor":3,"turns":3},{"damage":14,"enemies":"Jaw Worm","floor":4,"turns":4},{"damage":4,"enemies":"2 Fungi Beasts","floor":5,"turns":4},{"damage":30,"enemies":"Lagavulin","floor":7,"turns":7},{"damage":27,"enemies":"3 Sentries","floor":10,"turns":6},{"damage":1,"enemies":"3 Louse","floor":11,"turns":5},{"damage":7,"enemies":"Lots of Slimes","floor":13,"turns":5},{"damage":26,"enemies":"Slime Boss","floor":16,"turns":6},{"damage":2,"enemies":"Chosen","floor":18,"turns":4},{"damage":8,"enemies":"Masked Bandits","floor":21,"turns":7},{"damage":60,"enemies":"Gremlin Leader","floor":24,"turns":16},{"damage":9,"enemies":"3 Byrds","floor":25,"turns":6},{"damage":9,"enemies":"Snake Plant","floor":27,"turns":6},{"damage":0,"enemies":"Shelled Parasite and Fungi","floor":29,"turns":7},{"damage":9,"enemies":"Book of Stabbing","floor":30,"turns":6},{"damage":7,"enemies":"Centurion and Healer","floor":31,"turns":6},{"damage":35,"enemies":"Champ","floor":33,"turns":8}],"seed_played":"-127603621387224056","potions_obtained":[{"floor":3,"key":"LiquidMemories"},{"floor":5,"key":"SkillPotion"},{"floor":7,"key":"GamblersBrew"}],"is_trial":false,"path_per_floor":["M","?","M","M","M","R","E","R","T","E","M","R","M","?","R","B",null,"M","?","?","?","?","R","E","M","T","M","R","M","E","M","R","B"],"character_chosen":"IRONCLAD","items_purchased":[],"campfire_rested":2,"item_purchase_floors":[],"current_hp_per_floor":[72,54,55,47,49,70,46,46,46,25,30,30,29,29,50,30,62,66,66,36,37,37,37,25,25,25,22,22,28,25,27,27,0,0],"gold":948,"neow_bonus":"ONE_RARE_RELIC","is_daily":false,"chose_seed":false,"campfire_upgraded":5,"win_rate":0.0,"timestamp":1613438804,"path_taken":["M","?","M","M","M","R","E","R","T","E","M","R","M","?","R","BOSS","M","?","?","?","?","R","E","M","T","?","R","M","E","?","R","BOSS"],"items_purchased_type":[],"build_version":"2020-12-22","purchased_purges":0,"victory":false,"max_hp_per_floor":[72,72,72,72,72,72,72,72,72,72,72,72,72,72,72,72,72,72,72,36,39,39,39,39,42,42,42,42,42,42,45,45,45,45],"relic_stats":{"Sozu":4,"Lizard Tail":19,"Nunchaku":[3],"Gremlin Horn":[2,2],"counters":[18,110],"Golden Idol":105,"CeramicFish":45,"MawBank":276,"obtain_stats":[{"Sozu":17,"Lizard Tail":0,"CaptainsWheel":7,"Bottled Flame":24,"Nunchaku":30,"Gremlin Horn":26,"Golden Idol":2,"CeramicFish":22,"Red Mask":21,"StrikeDummy":9,"MawBank":10,"Burning Blood":0},{"Sozu":9,"Lizard Tail":0,"CaptainsWheel":5,"Bottled Flame":12,"Nunchaku":16,"Gremlin Horn":13,"Golden Idol":1,"CeramicFish":11,"Red Mask":11,"StrikeDummy":5,"MawBank":6,"Burning Blood":0},{"Sozu":44,"Lizard Tail":0,"CaptainsWheel":22,"Bottled Flame":71,"Nunchaku":96,"Gremlin Horn":77,"Golden Idol":4,"CeramicFish":55,"Red Mask":55,"StrikeDummy":22,"MawBank":28,"Burning Blood":0}],"Burning Blood":99},"card_choices":[{"not_picked":["True Grit","Rage"],"picked":"Pommel Strike","floor":1},{"not_picked":["Warcry","Havoc"],"picked":"Sever Soul","floor":3},{"not_picked":["Pommel Strike","Twin Strike"],"picked":"Wild Strike","floor":4},{"not_picked":["Flex","Thunderclap"],"picked":"Shockwave","floor":5},{"not_picked":["Flame Barrier","Twin Strike"],"picked":"Shrug It Off","floor":7},{"not_picked":["Heavy Blade","Reckless Charge"],"picked":"True Grit","floor":10},{"not_picked":["Demon Form","Inflame"],"picked":"Twin Strike","floor":11},{"not_picked":["Entrench","Cleave"],"picked":"Wild Strike","floor":13},{"not_picked":["Bludgeon","Berserk"],"picked":"Feed","floor":16},{"not_picked":["Sword Boomerang","Pommel Strike+1"],"picked":"Twin Strike","floor":18},{"not_picked":["Sever Soul+1","Reckless Charge"],"picked":"Feel No Pain","floor":21},{"not_picked":["Clash+1","Body Slam","Combust"],"picked":"SKIP","floor":24},{"not_picked":["Combust+1","Iron Wave"],"picked":"Shrug It Off+1","floor":25},{"not_picked":["Sword Boomerang+1","Entrench"],"picked":"Perfected Strike","floor":27},{"not_picked":["Heavy Blade","Pommel Strike"],"picked":"Seeing Red+1","floor":29},{"not_picked":["Clash","Rupture+1"],"picked":"Offering","floor":30},{"not_picked":["Sword Boomerang","Uppercut+1"],"picked":"Perfected Strike+1","floor":31}],"player_experience":821934,"relics_obtained":[{"floor":7,"key":"CaptainsWheel"},{"floor":9,"key":"StrikeDummy"},{"floor":10,"key":"MawBank"},{"floor":21,"key":"Red Mask"},{"floor":24,"key":"Bottled Flame"},{"floor":26,"key":"Gremlin Horn"},{"floor":30,"key":"Nunchaku"}],"event_choices":[{"damage_healed":0,"gold_gain":0,"player_choice":"Take Damage","damage_taken":18,"relics_obtained":["Golden Idol"],"max_hp_gain":0,"max_hp_loss":0,"event_name":"Golden Idol","floor":2,"gold_loss":0},{"damage_healed":0,"gold_gain":0,"player_choice":"Grow","damage_taken":0,"max_hp_gain":0,"max_hp_loss":0,"event_name":"Living Wall","floor":14,"gold_loss":0,"cards_upgraded":["Twin Strike"]},{"cards_removed":["Defend_R"],"damage_healed":0,"gold_gain":0,"player_choice":"Gave Gold","damage_taken":0,"max_hp_gain":0,"max_hp_loss":0,"event_name":"Beggar","floor":19,"gold_loss":75},{"damage_healed":0,"gold_gain":0,"player_choice":"Became a Ghost","damage_taken":0,"max_hp_gain":0,"max_hp_loss":36,"event_name":"Ghosts","floor":20,"gold_loss":0,"cards_obtained":["Ghostly","Ghostly","Ghostly","Ghostly","Ghostly"]},{"damage_healed":0,"gold_gain":0,"player_choice":"Fought Bandits","damage_taken":0,"max_hp_gain":0,"max_hp_loss":0,"event_name":"Masked Bandits","floor":21,"gold_loss":0},{"damage_healed":0,"gold_gain":0,"player_choice":"Gave Potion","damage_taken":0,"relics_obtained":["CeramicFish"],"max_hp_gain":0,"max_hp_loss":0,"event_name":"WeMeetAgain","floor":22,"gold_loss":0}],"is_beta":false,"boss_relics":[{"not_picked":["Calling Bell","Astrolabe"],"picked":"Sozu"}],"items_purged_floors":[],"is_endless":false,"potions_floor_spawned":[3,5,7,24,25,30,31],"killed_by":"Champ","ascension_level":11}}