{"host":"2n2g1vowfllvjtvi","time":1613498601,"event":{"mods":["AchievementEnabler","BaseMod","Custom Start","GifTheSpireLib","Keyboard Shortcuts","Minty Spire (QoL Compilation)","Permanent Neow","Quick Restart","StSLib","SuperFastMode"],"gold_per_floor":[109,126,126,51,51,51,65,90,90,9,9,25,25,43,43,114,114,128,139,151,76,76,76,87,106,129,159,184,184,197,72,72,146,146,161,216,61,61,61,93,93,123,123,133,167,167,389,30,30,30],"floor_reached":51,"language":"KOR","playtime":1043,"items_purged":["Defend_P","Strike_P","Defend_P"],"score":1327,"play_id":"7ed6202e-f76d-45e8-be4e-b53d89663d93","local_time":"20210217030321","is_ascension_mode":true,"campfire_choices":[{"data":"Apotheosis","floor":6.0,"key":"SMITH"},{"floor":11.0,"key":"REST"},{"floor":13.0,"key":"REST"},{"data":"MentalFortress","floor":15.0,"key":"SMITH"},{"floor":23.0,"key":"REST"},{"floor":29.0,"key":"REST"},{"data":"Eruption","floor":32.0,"key":"SMITH"},{"data":"1","floor":46,"key":"LIFT"},{"data":"2","floor":49,"key":"LIFT"}],"circlet_count":0,"master_deck":["AscendersBane","Defend_P","Defend_P","Vigilance","Apotheosis+1","Tantrum","Pray","MentalFortress+1","FlurryOfBlows","Vault","Halt+1","EmptyBody","Pray","FearNoEvil+1","Prostrate","Scrawl","InnerPeace","SpiritShield","MentalFortress","Fasting2"],"relics":["PureWater","Mercury Hourglass","Shuriken","Runic Pyramid","Juzu Bracelet","Molten Egg 2","Red Mask","Fusion Hammer","Gambling Chip","Lee\u0027s Waffle","Singing Bowl","Girya","Meat on the Bone","Gremlin Horn","Lantern","OrangePellets"],"acts_visited":["Exordium","TheCity","TheBeyond"],"potions_floor_usage":[36,42,45],"damage_taken":[{"damage":0.0,"enemies":"Small Slimes","floor":1.0,"turns":4.0},{"damage":2.0,"enemies":"Cultist","floor":2.0,"turns":3.0},{"damage":0.0,"enemies":"Jaw Worm","floor":7.0,"turns":3.0},{"damage":34.0,"enemies":"3 Sentries","floor":8.0,"turns":5.0},{"damage":6.0,"enemies":"Looter","floor":12.0,"turns":3.0},{"damage":2.0,"enemies":"2 Fungi Beasts","floor":14.0,"turns":4.0},{"damage":16.0,"enemies":"The Guardian","floor":16.0,"turns":9.0},{"damage":9.0,"enemies":"Shell Parasite","floor":18.0,"turns":5.0},{"damage":2.0,"enemies":"Chosen","floor":19.0,"turns":3.0},{"damage":6.0,"enemies":"Shelled Parasite and Fungi","floor":20.0,"turns":4.0},{"damage":0.0,"enemies":"Snake Plant","floor":24.0,"turns":4.0},{"damage":0.0,"enemies":"3 Cultists","floor":25.0,"turns":5.0},{"damage":16.0,"enemies":"Slavers","floor":27.0,"turns":7.0},{"damage":0.0,"enemies":"Masked Bandits","floor":28.0,"turns":4.0},{"damage":0.0,"enemies":"Snecko","floor":30.0,"turns":5.0},{"damage":8.0,"enemies":"Automaton","floor":33.0,"turns":7.0},{"damage":12,"enemies":"Orb Walker","floor":35,"turns":4},{"damage":26,"enemies":"2 Orb Walkers","floor":36,"turns":7},{"damage":5,"enemies":"Reptomancer","floor":40,"turns":3},{"damage":3,"enemies":"Nemesis","floor":42,"turns":4},{"damage":0,"enemies":"3 Shapes","floor":44,"turns":3},{"damage":0,"enemies":"Reptomancer","floor":45,"turns":3},{"damage":13,"enemies":"Donu and Deca","floor":50,"turns":6}],"seed_played":"-3455008068667342177","potions_obtained":[{"floor":7.0,"key":"Energy Potion"},{"floor":12.0,"key":"SkillPotion"},{"floor":16.0,"key":"Fire Potion"},{"floor":27.0,"key":"ColorlessPotion"},{"floor":33.0,"key":"SteroidPotion"},{"floor":35,"key":"DuplicationPotion"},{"floor":40,"key":"Block Potion"},{"floor":45,"key":"Fruit Juice"}],"is_trial":false,"path_per_floor":["M","M","?","$","T","R","M","E","T","$","R","M","R","M","R","B",null,"M","M","M","?","?","R","M","M","T","E","?","R","M","$","R","B",null,"M","?","$","?","?","E","?","E","T","M","E","R","?","$","R","B",null],"character_chosen":"WATCHER","items_purchased":["MentalFortress","Prostrate","Lee\u0027s Waffle","Fasting2","OrangePellets"],"campfire_rested":4,"item_purchase_floors":[10,31,37,48,48],"current_hp_per_floor":[43,41,41,41,41,41,41,7,7,7,27,21,41,39,39,23,57,48,46,40,40,40,60,60,60,60,44,44,64,64,64,64,56,65,53,27,75,75,75,70,70,69,69,69,76,76,76,76,76,63],"gold":30,"neow_bonus":"RANDOM_COLORLESS_2","is_daily":false,"chose_seed":false,"campfire_upgraded":3,"win_rate":0.0,"timestamp":1613498601,"path_taken":["M","M","?","$","?","R","M","E","T","$","R","?","R","M","R","BOSS","M","?","M","?","?","R","M","M","T","E","?","R","M","$","R","BOSS","BOSS","M","?","$","?","?","E","?","E","T","M","E","R","?","$","R","BOSS"],"items_purchased_type":["Card","Card","Relic","Card","Relic"],"build_version":"2020-12-22","purchased_purges":3,"victory":true,"max_hp_per_floor":[68,68,68,68,68,68,68,68,68,68,68,68,68,68,68,68,68,68,68,68,68,68,68,68,68,68,68,68,68,68,68,68,68,68,68,68,75,75,75,75,75,77,77,77,84,84,84,84,84,84],"card_choices":[{"not_picked":["Panache","Chrysalis"],"picked":"Apotheosis","floor":0.0},{"not_picked":["CutThroughFate","Crescendo","Consecrate"],"picked":"SKIP","floor":1.0},{"not_picked":["Indignation","LikeWater","CrushJoints"],"picked":"SKIP","floor":2.0},{"not_picked":["Meditate","FlurryOfBlows"],"picked":"Tantrum","floor":7.0},{"not_picked":["CutThroughFate","LessonLearned"],"picked":"Pray","floor":8.0},{"not_picked":["BowlingBash","ClearTheMind","Collect"],"picked":"SKIP","floor":12.0},{"not_picked":["Conclude","Evaluate"],"picked":"FlurryOfBlows","floor":14.0},{"not_picked":["MasterReality","Establishment"],"picked":"Vault","floor":16.0},{"not_picked":["Protect","Consecrate","ThirdEye"],"picked":"SKIP","floor":18.0},{"not_picked":["ThirdEye","FollowUp"],"picked":"Halt+1","floor":19.0},{"not_picked":["EmptyFist","TalkToTheHand"],"picked":"EmptyBody","floor":20.0},{"not_picked":["CrushJoints","Weave","DeceiveReality+1"],"picked":"SKIP","floor":24.0},{"not_picked":["SashWhip","FollowUp"],"picked":"Pray","floor":25.0},{"not_picked":["DevaForm","FlurryOfBlows+1"],"picked":"FearNoEvil+1","floor":27.0},{"not_picked":["FlyingSleeves+1","Protect","Wallop+1"],"picked":"SKIP","floor":30.0},{"not_picked":["ConjureBlade","SpiritShield"],"picked":"Scrawl","floor":33.0},{"not_picked":["SashWhip+1","Wallop+1"],"picked":"InnerPeace","floor":35},{"not_picked":["CutThroughFate+1","Indignation"],"picked":"SpiritShield","floor":40},{"not_picked":["EmptyFist+1","ForeignInfluence","WaveOfTheHand"],"picked":"Singing Bowl","floor":42},{"not_picked":["JustLucky+1","EmptyBody"],"picked":"MentalFortress","floor":44},{"not_picked":["ClearTheMind","Crescendo+1","FollowUp+1"],"picked":"Singing Bowl","floor":45}],"player_experience":238897,"relics_obtained":[{"floor":5.0,"key":"Mercury Hourglass"},{"floor":9.0,"key":"Shuriken"},{"floor":26.0,"key":"Juzu Bracelet"},{"floor":27.0,"key":"Molten Egg 2"},{"floor":28.0,"key":"Red Mask"},{"floor":36,"key":"Gambling Chip"},{"floor":39,"key":"Singing Bowl"},{"floor":40,"key":"Girya"},{"floor":42,"key":"Meat on the Bone"},{"floor":43,"key":"Gremlin Horn"},{"floor":45,"key":"Lantern"}],"event_choices":[{"cards_removed":["Strike_P"],"damage_healed":0.0,"max_hp_gain":0.0,"max_hp_loss":0.0,"gold_gain":0.0,"event_name":"Purifier","player_choice":"Purged","floor":3.0,"gold_loss":0.0,"damage_taken":0.0},{"cards_removed":["Strike_P"],"damage_healed":0.0,"max_hp_gain":0.0,"max_hp_loss":0.0,"gold_gain":0.0,"event_name":"Beggar","player_choice":"Gave Gold","floor":21.0,"gold_loss":75.0,"damage_taken":0.0},{"damage_healed":0.0,"max_hp_gain":0.0,"max_hp_loss":0.0,"gold_gain":0.0,"event_name":"Masked Bandits","player_choice":"Fought Bandits","floor":28.0,"gold_loss":0.0,"damage_taken":0.0},{"damage_healed":0,"gold_gain":0,"player_choice":"Fight","damage_taken":0,"max_hp_gain":0,"max_hp_loss":0,"event_name":"Mysterious Sphere","floor":36,"gold_loss":0},{"cards_removed":["Strike_P"],"damage_healed":0,"gold_gain":0,"player_choice":"Purged","damage_taken":0,"max_hp_gain":0,"max_hp_loss":0,"event_name":"Purifier","floor":38,"gold_loss":0},{"damage_healed":0,"gold_gain":0,"player_choice":"Relic","damage_taken":0,"max_hp_gain":0,"max_hp_loss":0,"event_name":"Wheel of Change","floor":39,"gold_loss":0},{"cards_removed":["Eruption"],"damage_healed":0,"gold_gain":0,"player_choice":"Removed Attack","damage_taken":0,"max_hp_gain":0,"max_hp_loss":0,"event_name":"Falling","floor":41,"gold_loss":0},{"damage_healed":0,"gold_gain":222,"player_choice":"Wore Mask","damage_taken":0,"max_hp_gain":0,"max_hp_loss":0,"event_name":"Tomb of Lord Red Mask","floor":47,"gold_loss":0}],"is_beta":false,"boss_relics":[{"not_picked":["Ectoplasm","Astrolabe"],"picked":"Runic Pyramid"},{"not_picked":["Runic Dome","Pandora\u0027s Box"],"picked":"Fusion Hammer"}],"items_purged_floors":[4,31,48],"is_endless":false,"potions_floor_spawned":[7,12,16,19,20,27,33,35,40,45],"ascension_level":14}}