{"host":"ty2cix8xj6r3ad26","time":1613487939,"event":{"mods":["AchievementEnabler","BaseMod","BetterRewards","Minty Spire (QoL Compilation)","Quick Restart","StSLib","SuperFastMode"],"gold_per_floor":[111,111,59,59,74,74,74,74,127,127,153,163,163,178,178,252,252,271,281,281,297,42,42,42],"floor_reached":23,"language":"ENG","playtime":1385,"items_purged":["Strike_G","Strike_G"],"score":549,"play_id":"d223aac4-ed71-42b8-a94d-f0e3c05c7e03","local_time":"20210216170539","is_ascension_mode":true,"campfire_choices":[{"floor":6,"key":"REST"},{"data":"Footwork","floor":8,"key":"SMITH"},{"data":"Neutralize","floor":10,"key":"SMITH"},{"data":"Sadistic Nature","floor":15,"key":"SMITH"}],"circlet_count":0,"master_deck":["AscendersBane","Strike_G+1","Strike_G+1","Strike_G+1","Defend_G+1","Defend_G+1","Defend_G+1","Defend_G+1","Defend_G+1","Survivor","Neutralize+1","Sadistic Nature+1","Poisoned Stab","Catalyst","Footwork+1","Escape Plan","Calculated Gamble","Dagger Throw","Noxious Fumes","Bouncing Flask","Corpse Explosion","Prepared","Mayhem"],"relics":["Ring of the Snake","Singing Bowl","Blood Vial","Strange Spoon","Smiling Mask","Question Card","GremlinMask","HoveringKite"],"acts_visited":["Exordium","TheCity"],"potions_floor_usage":[11,14,16,23],"damage_taken":[{"damage":0,"enemies":"Small Slimes","floor":1,"turns":2},{"damage":0,"enemies":"2 Louse","floor":5,"turns":3},{"damage":12,"enemies":"Gremlin Nob","floor":11,"turns":4},{"damage":2,"enemies":"Jaw Worm","floor":12,"turns":4},{"damage":0,"enemies":"3 Louse","floor":14,"turns":3},{"damage":17,"enemies":"The Guardian","floor":16,"turns":9},{"damage":17,"enemies":"Chosen","floor":18,"turns":4},{"damage":28,"enemies":"3 Byrds","floor":19,"turns":3},{"damage":9,"enemies":"Shelled Parasite and Fungi","floor":21,"turns":4},{"damage":15,"enemies":"Gremlin Leader","floor":23,"turns":2}],"seed_played":"359705393904302537","potions_obtained":[{"floor":11,"key":"LiquidBronze"}],"is_trial":false,"path_per_floor":["M","?","?","?","M","R","$","R","T","R","E","M","?","M","R","B",null,"M","M","?","M","$","E"],"character_chosen":"THE_SILENT","items_purchased":["Sadistic Nature","Poisoned Stab","Catalyst","Singing Bowl","Blood Vial","Strange Spoon","Footwork","Explosive Potion","Poison Potion","Mayhem","Block Potion"],"campfire_rested":1,"item_purchase_floors":[0,0,0,0,0,0,0,0,0,22,22],"current_hp_per_floor":[21,3,3,3,5,24,24,24,24,24,14,14,14,16,16,1,50,37,11,11,6,6,0,0],"gold":42,"neow_bonus":"","is_daily":false,"chose_seed":false,"campfire_upgraded":3,"win_rate":0.0,"timestamp":1613487939,"path_taken":["M","?","?","?","M","R","?","R","T","R","E","M","?","?","R","BOSS","M","M","?","M","$","E"],"items_purchased_type":["Card","Card","Card","Relic","Relic","Relic","Card","Potion","Potion","Card","Potion"],"build_version":"2020-12-22","purchased_purges":2,"victory":false,"max_hp_per_floor":[66,66,66,66,66,66,66,66,66,66,66,66,66,66,66,66,66,68,68,68,70,70,70,70],"card_choices":[{"not_picked":["Blade Dance","Choke"],"picked":"Escape Plan","floor":1},{"not_picked":["Backflip","Slice"],"picked":"Calculated Gamble","floor":5},{"not_picked":["Accuracy","Outmaneuver"],"picked":"Dagger Throw","floor":11},{"not_picked":["Footwork","Accuracy","Outmaneuver"],"picked":"Noxious Fumes","floor":12},{"not_picked":["Blur","Flying Knee","Eviscerate"],"picked":"Bouncing Flask","floor":14},{"not_picked":["Adrenaline","Die Die Die","Glass Knife"],"picked":"Corpse Explosion","floor":16},{"not_picked":["Concentrate","Distraction","Bane","Escape Plan+1"],"picked":"Singing Bowl","floor":18},{"not_picked":["Outmaneuver","Dagger Spray","Slice"],"picked":"Prepared","floor":19},{"not_picked":["Masterful Stab","Tactician","Setup","Finisher"],"picked":"Singing Bowl","floor":21}],"player_experience":590497,"relics_obtained":[{"floor":9,"key":"Smiling Mask"},{"floor":11,"key":"Question Card"}],"event_choices":[{"damage_healed":0,"gold_gain":0,"player_choice":"Fled","damage_taken":18,"max_hp_gain":0,"max_hp_loss":0,"event_name":"Scrap Ooze","floor":2,"gold_loss":0},{"damage_healed":0,"gold_gain":0,"player_choice":"Left Gold","damage_taken":0,"max_hp_gain":0,"max_hp_loss":0,"event_name":"World of Goop","floor":3,"gold_loss":52},{"damage_healed":0,"gold_gain":0,"player_choice":"Ignored","damage_taken":0,"max_hp_gain":0,"max_hp_loss":0,"event_name":"Liars Game","floor":4,"gold_loss":0},{"damage_healed":0,"gold_gain":0,"player_choice":"Trade","damage_taken":0,"relics_obtained":["GremlinMask"],"max_hp_gain":0,"max_hp_loss":0,"event_name":"FaceTrader","floor":13,"gold_loss":0},{"damage_healed":0,"gold_gain":0,"player_choice":"Simplicity","damage_taken":0,"max_hp_gain":0,"max_hp_loss":0,"event_name":"Back to Basics","floor":20,"gold_loss":0,"cards_upgraded":["Strike_G","Strike_G","Strike_G","Defend_G","Defend_G","Defend_G","Defend_G","Defend_G"]}],"is_beta":false,"boss_relics":[{"not_picked":["WristBlade","Ectoplasm"],"picked":"HoveringKite"}],"items_purged_floors":[0,0],"is_endless":false,"potions_floor_spawned":[1,11],"killed_by":"Gremlin Leader","ascension_level":18}}