{"host":"19tvufa8xx4wr4o1","time":1613519869,"event":{"mods":["AchievementEnabler","BaseMod","Better Sensory Stone","Better Third Choice","Highlight Path","Minty Spire (QoL Compilation)","Relic Stats","StSLib"],"gold_per_floor":[109,121,135,60,20,20,35,35,35,60,70,98,98,48,48,148,148,160,171,25,39,39,39,67,67,118,146,172,206,49,49,49,157,157,168,185,197,215,276,319,362,390,413,413,429,445,255,255,255,255,255,255,33,76,76],"floor_reached":56,"language":"ENG","playtime":1731,"items_purged":["Outmaneuver"],"score":1692,"play_id":"f360042b-2ce0-4e1f-adec-f83780750f6d","local_time":"20210216175749","daily_mods":["Draft","Vintage","Heirloom","DeadlyEvents","Night Terrors"],"is_ascension_mode":true,"campfire_choices":[{"data":"Cloak And Dagger","floor":6.0,"key":"SMITH"},{"data":"Dash","floor":8.0,"key":"SMITH"},{"data":"Footwork","floor":13.0,"key":"SMITH"},{"data":"Cloak And Dagger","floor":15.0,"key":"SMITH"},{"data":"Wraith Form v2","floor":23.0,"key":"SMITH"},{"data":"Accuracy","floor":25.0,"key":"SMITH"},{"data":"Envenom","floor":32,"key":"SMITH"},{"floor":44,"key":"RECALL"},{"data":"A Thousand Cuts","floor":49,"key":"SMITH"},{"data":"Burst","floor":52,"key":"SMITH"}],"circlet_count":0,"master_deck":["Terror+1","Cloak And Dagger+1","Accuracy","All Out Attack+1","Infinite Blades","Leg Sweep","Footwork+1","Well Laid Plans","PiercingWail","Dash+1","Predator+1","Predator","Accuracy+1","Leg Sweep+1","Cloak And Dagger+1","Wraith Form v2+1","Slice+1","Envenom+1","Burst+1","Blade Dance+1","Caltrops","A Thousand Cuts+1","PiercingWail+1","Backflip+1","PiercingWail+1","Choke"],"relics":["Ring of the Snake","Pocketwatch","Mummified Hand","MealTicket","Du-Vu Doll","Paper Crane","Gremlin Horn","Letter Opener","TungstenRod","Bronze Scales","Empty Cage","Eternal Feather","Sundial","PreservedInsect","Strawberry","Ninja Scroll","Nunchaku","Orichalcum","InkBottle","Red Mask","CeramicFish","War Paint","Sozu","Vajra","Happy Flower","Centennial Puzzle","Akabeko","WingedGreaves","Thread and Needle","Toxic Egg 2","Smiling Mask","Art of War","Shovel","Whetstone","Pantograph","Bag of Preparation","Blood Vial"],"acts_visited":["Exordium","TheCity","TheBeyond","TheEnding"],"potions_floor_usage":[38,55,55],"damage_taken":[{"damage":0.0,"enemies":"Cultist","floor":1.0,"turns":3.0},{"damage":0.0,"enemies":"Small Slimes","floor":2.0,"turns":2.0},{"damage":0.0,"enemies":"2 Louse","floor":3.0,"turns":2.0},{"damage":0.0,"enemies":"2 Fungi Beasts","floor":7.0,"turns":2.0},{"damage":8.0,"enemies":"Gremlin Nob","floor":10.0,"turns":3.0},{"damage":10.0,"enemies":"Exordium Wildlife","floor":11.0,"turns":2.0},{"damage":8.0,"enemies":"3 Sentries","floor":12.0,"turns":4.0},{"damage":12.0,"enemies":"The Guardian","floor":16.0,"turns":5.0},{"damage":0.0,"enemies":"2 Thieves","floor":18.0,"turns":2.0},{"damage":0.0,"enemies":"Chosen","floor":19.0,"turns":3.0},{"damage":0.0,"enemies":"Snake Plant","floor":21.0,"turns":4.0},{"damage":0.0,"enemies":"Gremlin Leader","floor":24.0,"turns":3.0},{"damage":0.0,"enemies":"Slavers","floor":27.0,"turns":2.0},{"damage":0.0,"enemies":"Masked Bandits","floor":28.0,"turns":2.0},{"damage":0.0,"enemies":"Gremlin Leader","floor":29.0,"turns":2.0},{"damage":0,"enemies":"Automaton","floor":33,"turns":5},{"damage":0,"enemies":"3 Shapes","floor":35,"turns":1},{"damage":0,"enemies":"Orb Walker","floor":36,"turns":1},{"damage":0,"enemies":"Sphere and 2 Shapes","floor":37,"turns":2},{"damage":0,"enemies":"Writhing Mass","floor":38,"turns":2},{"damage":0,"enemies":"2 Orb Walkers","floor":39,"turns":2},{"damage":0,"enemies":"Giant Head","floor":40,"turns":3},{"damage":0,"enemies":"Nemesis","floor":41,"turns":3},{"damage":0,"enemies":"Reptomancer","floor":42,"turns":2},{"damage":0,"enemies":"3 Darklings","floor":45,"turns":1},{"damage":0,"enemies":"Maw","floor":46,"turns":3},{"damage":0,"enemies":"Awakened One","floor":50,"turns":7},{"damage":0,"enemies":"Shield and Spear","floor":54,"turns":3},{"damage":29,"enemies":"The Heart","floor":55,"turns":6}],"seed_played":"3333089691870663696","potions_obtained":[{"floor":3.0,"key":"Poison Potion"},{"floor":10.0,"key":"Swift Potion"},{"floor":11.0,"key":"Weak Potion"},{"floor":21.0,"key":"AttackPotion"},{"floor":24.0,"key":"Dexterity Potion"}],"is_trial":true,"path_per_floor":["M","M","M","$","$","R","M","R","T","E","M","E","R","$","R","B",null,"M","M","$","M","?","R","E","R","T","E","?","E","$","?","R","B",null,"M","M","M","M","?","E","E","E","T","R","M","M","$","T","R","B",null,"R","$","E","B",null],"character_chosen":"THE_SILENT","items_purchased":["Accuracy","Cloak And Dagger","PreservedInsect","War Paint","Whetstone","PiercingWail+1","Backflip+1","Bag of Preparation","PiercingWail+1"],"campfire_rested":0,"item_purchase_floors":[5,14,20,30,47,47,53,53,53],"current_hp_per_floor":[70,70,70,70,70,70,70,70,70,62,52,44,44,59,59,47,70,70,70,70,77,77,77,77,77,77,77,77,77,77,77,77,77,77,77,77,77,77,77,77,77,77,77,77,77,77,77,77,77,77,77,77,77,77,48],"gold":76,"neow_bonus":"","is_daily":false,"chose_seed":false,"campfire_upgraded":9,"win_rate":0.0,"timestamp":1613519869,"path_taken":["M","M","M","?","$","R","M","R","T","E","M","?","R","$","R","BOSS","M","M","$","M","?","R","E","R","T","E","?","E","$","?","R","BOSS","M","M","M","M","?","E","E","E","T","R","M","M","$","?","R","BOSS","R","$","E","BOSS"],"items_purchased_type":["Card","Card","Relic","Relic","Relic","Card","Card","Relic","Card"],"build_version":"2020-12-22","purchased_purges":1,"victory":true,"max_hp_per_floor":[70,70,70,70,70,70,70,70,70,70,70,70,70,70,70,70,70,70,70,70,77,77,77,77,77,77,77,77,77,77,77,77,77,77,77,77,77,77,77,77,77,77,77,77,77,77,77,77,77,77,77,77,77,77,77],"relic_stats":{"Gremlin Horn":[28,28],"CeramicFish":72,"Bag of Preparation":[0],"Whetstone":["Predator","All Out Attack"],"Smiling Mask":0,"Sozu":5,"Blood Vial":0,"Nunchaku":[27],"Centennial Puzzle":[3],"Shovel":0,"Mummified Hand":[218],"Sundial":[8],"Pantograph":0,"MealTicket":15,"InkBottle":[45],"Ring of the Snake":[58],"Happy Flower":[11],"counters":[29,82],"Eternal Feather":0,"PreservedInsect":456,"Letter Opener":[135],"Orichalcum":[24],"War Paint":["Terror","Leg Sweep"],"Bronze Scales":[206],"Art of War":[1],"obtain_stats":[{"Gremlin Horn":9,"CeramicFish":29,"Vajra":35,"Bag of Preparation":53,"Whetstone":47,"Empty Cage":17,"Smiling Mask":42,"Sozu":34,"Blood Vial":54,"Nunchaku":24,"Centennial Puzzle":37,"Shovel":46,"Mummified Hand":1,"Sundial":19,"Ninja Scroll":22,"Strawberry":21,"Pantograph":48,"MealTicket":2,"WingedGreaves":39,"Red Mask":28,"Toxic Egg 2":41,"InkBottle":27,"Ring of the Snake":0,"Happy Flower":36,"Eternal Feather":18,"Thread and Needle":40,"PreservedInsect":20,"Letter Opener":10,"Paper Crane":7,"Orichalcum":26,"War Paint":30,"Akabeko":38,"Du-Vu Doll":3,"Bronze Scales":12,"Art of War":45,"TungstenRod":11,"Pocketwatch":0},{"Gremlin Horn":4,"CeramicFish":15,"Vajra":17,"Bag of Preparation":27,"Whetstone":26,"Empty Cage":8,"Smiling Mask":24,"Sozu":16,"Blood Vial":28,"Nunchaku":12,"Centennial Puzzle":19,"Shovel":26,"Mummified Hand":1,"Sundial":10,"Ninja Scroll":11,"Strawberry":11,"Pantograph":26,"MealTicket":2,"WingedGreaves":21,"Red Mask":14,"Toxic Egg 2":23,"InkBottle":13,"Ring of the Snake":0,"Happy Flower":18,"Eternal Feather":9,"Thread and Needle":22,"PreservedInsect":10,"Letter Opener":5,"Paper Crane":4,"Orichalcum":12,"War Paint":15,"Akabeko":20,"Du-Vu Doll":3,"Bronze Scales":7,"Art of War":25,"TungstenRod":6,"Pocketwatch":0},{"Gremlin Horn":9,"CeramicFish":41,"Vajra":47,"Bag of Preparation":73,"Whetstone":66,"Empty Cage":23,"Smiling Mask":62,"Sozu":46,"Blood Vial":76,"Nunchaku":35,"Centennial Puzzle":50,"Shovel":66,"Mummified Hand":3,"Sundial":28,"Ninja Scroll":32,"Strawberry":32,"Pantograph":66,"MealTicket":5,"WingedGreaves":54,"Red Mask":39,"Toxic Egg 2":60,"InkBottle":37,"Ring of the Snake":0,"Happy Flower":48,"Eternal Feather":25,"Thread and Needle":57,"PreservedInsect":28,"Letter Opener":12,"Paper Crane":9,"Orichalcum":35,"War Paint":41,"Akabeko":52,"Du-Vu Doll":7,"Bronze Scales":18,"Art of War":63,"TungstenRod":14,"Pocketwatch":0}],"TungstenRod":42,"Pocketwatch":[15]},"card_choices":[{"not_picked":["Prepared","Accuracy"],"picked":"Terror","floor":0.0},{"not_picked":["Dagger Spray","Dagger Throw"],"picked":"Cloak And Dagger","floor":0.0},{"not_picked":["Prepared","Outmaneuver"],"picked":"Sucker Punch","floor":0.0},{"not_picked":["Dagger Spray","Slice"],"picked":"Accuracy","floor":0.0},{"not_picked":["Sucker Punch","Concentrate"],"picked":"Dagger Throw","floor":0.0},{"not_picked":["Poisoned Stab","Prepared"],"picked":"All Out Attack","floor":0.0},{"not_picked":["Tactician","Catalyst"],"picked":"Infinite Blades","floor":0.0},{"not_picked":["Sucker Punch","Acrobatics"],"picked":"Leg Sweep","floor":0.0},{"not_picked":["Deadly Poison","Poisoned Stab"],"picked":"Footwork","floor":0.0},{"not_picked":["Dagger Spray","Dagger Throw"],"picked":"Well Laid Plans","floor":0.0},{"not_picked":["Dagger Throw","Prepared"],"picked":"PiercingWail","floor":0.0},{"not_picked":["Flying Knee","Cloak And Dagger"],"picked":"Dash","floor":0.0},{"not_picked":["Underhanded Strike","Deflect"],"picked":"Predator","floor":0.0},{"not_picked":["Underhanded Strike","Masterful Stab"],"picked":"Outmaneuver","floor":0.0},{"not_picked":["Sucker Punch","Flying Knee"],"picked":"Predator","floor":0.0},{"not_picked":["Concentrate","Escape Plan"],"picked":"Leg Sweep","floor":10.0},{"not_picked":["Quick Slash","Escape Plan","Backflip"],"picked":"SKIP","floor":12.0},{"not_picked":["Phantasmal Killer","Doppelganger"],"picked":"Wraith Form v2","floor":16.0},{"not_picked":["Prepared","Dagger Throw"],"picked":"Slice+1","floor":24.0},{"not_picked":["Tactician","Backflip"],"picked":"Envenom","floor":27.0},{"not_picked":["Riddle With Holes","Acrobatics","Calculated Gamble"],"picked":"SKIP","floor":29.0},{"not_picked":["After Image","Venomology"],"picked":"Burst","floor":33},{"not_picked":["Noxious Fumes","Cloak And Dagger+1"],"picked":"Blade Dance+1","floor":39},{"not_picked":["Terror+1","Setup+1"],"picked":"Caltrops","floor":40},{"not_picked":["Masterful Stab+1","Blade Dance+1"],"picked":"A Thousand Cuts","floor":41},{"not_picked":["Slice","Die Die Die","Deflect+1"],"picked":"SKIP","floor":42},{"not_picked":["All Out Attack+1","Catalyst+1"],"picked":"Choke","floor":54}],"player_experience":644591,"relics_obtained":[{"floor":1.0,"key":"Mummified Hand"},{"floor":2.0,"key":"MealTicket"},{"floor":3.0,"key":"Du-Vu Doll"},{"floor":7.0,"key":"Paper Crane"},{"floor":9.0,"key":"Gremlin Horn"},{"floor":10.0,"key":"Letter Opener"},{"floor":11.0,"key":"TungstenRod"},{"floor":12.0,"key":"Bronze Scales"},{"floor":18.0,"key":"Eternal Feather"},{"floor":19.0,"key":"Sundial"},{"floor":21.0,"key":"Strawberry"},{"floor":24.0,"key":"Nunchaku"},{"floor":26.0,"key":"Orichalcum"},{"floor":27.0,"key":"InkBottle"},{"floor":28.0,"key":"Red Mask"},{"floor":29.0,"key":"CeramicFish"},{"floor":35,"key":"Vajra"},{"floor":36,"key":"Happy Flower"},{"floor":37,"key":"Centennial Puzzle"},{"floor":38,"key":"Akabeko"},{"floor":39,"key":"WingedGreaves"},{"floor":40,"key":"Thread and Needle"},{"floor":41,"key":"Toxic Egg 2"},{"floor":42,"key":"Smiling Mask"},{"floor":45,"key":"Art of War"},{"floor":46,"key":"Shovel"},{"floor":48,"key":"Pantograph"},{"floor":54,"key":"Blood Vial"}],"event_choices":[{"damage_healed":0.0,"max_hp_gain":0.0,"max_hp_loss":0.0,"gold_gain":0.0,"event_name":"Addict","player_choice":"Stole Relic","floor":22.0,"gold_loss":0.0,"damage_taken":0.0,"relics_obtained":["Ninja Scroll"],"cards_obtained":["Shame"]},{"damage_healed":0.0,"max_hp_gain":0.0,"max_hp_loss":0.0,"gold_gain":0.0,"event_name":"Masked Bandits","player_choice":"Fought Bandits","floor":28.0,"gold_loss":0.0,"damage_taken":0.0},{"cards_removed":["Shame"],"damage_healed":0,"gold_gain":0,"player_choice":"Elegance","damage_taken":0,"max_hp_gain":0,"max_hp_loss":0,"event_name":"betterThird:BetterWriting","floor":31,"gold_loss":0},{"damage_healed":0,"gold_gain":0,"player_choice":"Fight","damage_taken":0,"max_hp_gain":0,"max_hp_loss":0,"event_name":"Mysterious Sphere","floor":39,"gold_loss":0}],"is_beta":false,"boss_relics":[{"not_picked":["Black Star","SacredBark"],"picked":"Empty Cage"},{"not_picked":["Philosopher\u0027s Stone","Calling Bell"],"picked":"Sozu"}],"items_purged_floors":[4],"is_endless":false,"potions_floor_spawned":[3,10,11,21,24,33,35,36,39,45,46],"ascension_level":1}}