{"host":"wqsqub3crsxqknzv","time":1613501457,"event":{"mods":["BaseMod","Colored Powertips","Lobotomy","LobotomyExtend","Minty Spire (QoL Compilation)","StSLib"],"gold_per_floor":[16,36,36,36,36,36,52,84,137,162,182,182,182,198,198,276,276,290,215,227,66,83,83,83],"floor_reached":23,"playtime":1076,"items_purged":[],"score":402,"play_id":"4b3d8b91-fb7a-4529-b599-d1a491e65560","local_time":"20210216205057","is_ascension_mode":true,"campfire_choices":[],"circlet_count":0,"master_deck":["CENSORED","DespairKnight","SpecialBullet","SpecialBullet","SpecialBullet","SpecialBullet","SpecialBullet","SpecialBullet","SpecialBullet","InformationCode","SecurityCode","TrainingCode","Mimicry","Penitence+1","CrumblingArmor","OSAHOGD","UniverseFragment","FeatherOfHonor","ParadiseLost","PunishingBird"],"relics":["CogitoBucket","RabbitCall","LetterFromLob","MealTicket","Anchor","Art of War","MagicBullet_r","Calling Bell","Bronze Scales","Frozen Egg 2","Mango","Omamori","SwordSharpenedByTears_r","CENSORED_r"],"acts_visited":["Exordium","TheCity"],"potions_floor_usage":[11,22],"damage_taken":[{"damage":10,"enemies":"Small Slimes","floor":1,"turns":2},{"damage":14,"enemies":"2 Louse","floor":2,"turns":3},{"damage":12,"enemies":"Jaw Worm","floor":7,"turns":2},{"damage":24,"enemies":"Gremlin Nob","floor":8,"turns":4},{"damage":33,"enemies":"Lagavulin","floor":10,"turns":6},{"damage":38,"enemies":"Looter","floor":11,"turns":4},{"damage":3,"enemies":"3 Louse","floor":14,"turns":3},{"damage":66,"enemies":"Slime Boss","floor":16,"turns":12},{"damage":11,"enemies":"3 Byrds","floor":18,"turns":2},{"damage":36,"enemies":"2 Thieves","floor":20,"turns":2},{"damage":62,"enemies":"Shelled Parasite and Fungi","floor":22,"turns":9},{"damage":130,"enemies":"Slavers","floor":23,"turns":3}],"seed_played":"-1219342438928020364","potions_obtained":[{"floor":1,"key":"Regen Potion"},{"floor":14,"key":"Strength Potion"}],"is_trial":false,"path_per_floor":["M","M","$","?","?","R","M","E","T","E","M","R","?","M","R","B",null,"M","?","M","$","M","E"],"character_chosen":"Angela","items_purchased":["Omamori"],"campfire_rested":0,"item_purchase_floors":[21],"current_hp_per_floor":[61,55,55,55,63,63,66,60,60,45,25,25,25,48,48,46,81,84,84,77,84,68,0,0],"gold":83,"neow_bonus":"THREE_RARE_CARDS","is_daily":false,"chose_seed":false,"campfire_upgraded":0,"win_rate":0.0,"timestamp":1613501457,"path_taken":["M","M","$","?","?","R","M","E","T","E","M","R","?","?","R","BOSS","M","?","M","$","M","E"],"items_purchased_type":["Relic"],"build_version":"2020-11-29","purchased_purges":0,"victory":false,"max_hp_per_floor":[70,70,70,70,70,70,70,70,70,70,70,70,70,70,70,70,84,84,84,84,84,84,84,84],"card_choices":[{"not_picked":["Pinks","Adoration"],"picked":"Mimicry","floor":0},{"not_picked":["CUTE"],"picked":"Penitence","floor":1},{"not_picked":["LittleHelper","Murderer"],"picked":"CrumblingArmor","floor":2},{"not_picked":["FrostShard","Lantern"],"picked":"SKIP","floor":2},{"not_picked":["GalaxyChild","Mercenary"],"picked":"OSAHOGD","floor":7},{"not_picked":["SolemnVow","Noise"],"picked":"SKIP","floor":7},{"not_picked":["VoidDream","ShyLook"],"picked":"UniverseFragment","floor":8},{"not_picked":["RedEyes","Regret_ego"],"picked":"SKIP","floor":8},{"not_picked":["BloodyDesire"],"picked":"FeatherOfHonor","floor":10},{"not_picked":["RapturousDream","Tough"],"picked":"SKIP","floor":11},{"not_picked":["Variant","ShyLook"],"picked":"DespairKnight","floor":14},{"not_picked":["Lantern","Amita"],"picked":"SKIP","floor":14},{"not_picked":["Pinks"],"picked":"ParadiseLost","floor":16},{"not_picked":["OldLady","HeroicMonk"],"picked":"CENSORED","floor":18},{"not_picked":["Wingbeat","CUTE"],"picked":"SKIP","floor":18},{"not_picked":["BeautyBeast","Murderer"],"picked":"PunishingBird","floor":20},{"not_picked":["Penitence","RedEyes+1"],"picked":"SKIP","floor":20},{"not_picked":["Horn+1","Discord+1"],"picked":"SKIP","floor":22}],"player_experience":35795,"relics_obtained":[{"floor":1,"key":"LetterFromLob"},{"floor":8,"key":"MealTicket"},{"floor":9,"key":"Anchor"},{"floor":10,"key":"Art of War"},{"floor":17,"key":"Bronze Scales"},{"floor":17,"key":"Frozen Egg 2"},{"floor":17,"key":"Mango"}],"event_choices":[{"damage_healed":0,"gold_gain":0,"player_choice":"Grow","damage_taken":0,"max_hp_gain":0,"max_hp_loss":0,"event_name":"Living Wall","floor":4,"gold_loss":0,"cards_upgraded":["Penitence"]},{"cards_removed":["SpecialBullet"],"damage_healed":0,"gold_gain":0,"player_choice":"Gave Gold","damage_taken":0,"max_hp_gain":0,"max_hp_loss":0,"event_name":"Beggar","floor":19,"gold_loss":75}],"is_beta":false,"boss_relics":[{"not_picked":["Sozu","Tiny House"],"picked":"Calling Bell"}],"items_purged_floors":[],"is_endless":false,"potions_floor_spawned":[1,14],"killed_by":"Slavers","ascension_level":20}}