{"host":"a57oumegxze0vmhs","time":1613514946,"event":{"mods":["AchievementEnabler","BaseMod","Colored Powertips","Minty Spire (QoL Compilation)","Relic Stats"],"gold_per_floor":[116,129,152,152,152,187,187,218,245,266,266,291,331,137,137,137,137],"floor_reached":16,"language":"ENG","playtime":307,"items_purged":["Injury"],"score":236,"play_id":"40bcfbaa-ed1e-4df9-a411-cb8e9abab27c","local_time":"20210217003546","is_ascension_mode":true,"campfire_choices":[{"data":"Deadly Poison","floor":7,"key":"SMITH"},{"floor":11,"key":"REST"},{"floor":15,"key":"REST"}],"circlet_count":0,"master_deck":["AscendersBane","Strike_G","Strike_G","Strike_G","Strike_G","Strike_G","Defend_G","Defend_G","Defend_G","Defend_G","Defend_G","Survivor","Neutralize","Dagger Spray","Cloak And Dagger","Deadly Poison+1","Well Laid Plans","Deadly Poison","Backflip","Flechettes"],"relics":["Ring of the Snake","NeowsBlessing","Snake Skull","Golden Idol","Juzu Bracelet","Lantern","Smiling Mask","Anchor","TwistedFunnel"],"acts_visited":["Exordium"],"potions_floor_usage":[8,16,16],"damage_taken":[{"damage":0,"enemies":"Cultist","floor":1,"turns":1},{"damage":0,"enemies":"2 Louse","floor":2,"turns":1},{"damage":0,"enemies":"Gremlin Nob","floor":6,"turns":1},{"damage":22,"enemies":"Lagavulin","floor":8,"turns":7},{"damage":7,"enemies":"Jaw Worm","floor":10,"turns":4},{"damage":3,"enemies":"Looter","floor":12,"turns":3},{"damage":30,"enemies":"Gremlin Nob","floor":13,"turns":4},{"damage":34,"enemies":"Slime Boss","floor":16,"turns":6}],"seed_played":"3944520585835564099","potions_obtained":[{"floor":6,"key":"Poison Potion"},{"floor":8,"key":"BlessingOfTheForge"},{"floor":12,"key":"Dexterity Potion"}],"is_trial":false,"path_per_floor":["M","M","T","?","?","E","R","E","T","M","R","M","E","$","R","B"],"character_chosen":"THE_SILENT","items_purchased":["TwistedFunnel"],"campfire_rested":2,"item_purchase_floors":[14],"current_hp_per_floor":[63,63,63,63,68,68,68,46,46,39,61,58,28,28,50,16,16],"gold":137,"neow_bonus":"THREE_ENEMY_KILL","is_daily":false,"chose_seed":false,"campfire_upgraded":1,"win_rate":0.0,"timestamp":1613514946,"path_taken":["M","M","?","?","?","E","R","E","T","M","R","M","E","$","R","BOSS"],"items_purchased_type":["Relic"],"build_version":"2020-12-22","purchased_purges":1,"victory":false,"max_hp_per_floor":[70,70,70,70,75,75,75,75,75,75,75,75,75,75,75,75,75],"relic_stats":{"counters":[8,27],"Golden Idol":30,"Snake Skull":[11],"Juzu Bracelet":0,"Smiling Mask":25,"obtain_stats":[{"TwistedFunnel":14,"Lantern":8,"Anchor":13,"NeowsBlessing":0,"Golden Idol":4,"Snake Skull":3,"Juzu Bracelet":6,"Smiling Mask":9,"Ring of the Snake":0},{"TwistedFunnel":7,"Lantern":4,"Anchor":7,"NeowsBlessing":0,"Golden Idol":2,"Snake Skull":2,"Juzu Bracelet":3,"Smiling Mask":4,"Ring of the Snake":0},{"TwistedFunnel":21,"Lantern":10,"Anchor":21,"NeowsBlessing":0,"Golden Idol":2,"Snake Skull":2,"Juzu Bracelet":3,"Smiling Mask":10,"Ring of the Snake":0}],"Ring of the Snake":[16]},"card_choices":[{"not_picked":["Backflip","Heel Hook"],"picked":"Dagger Spray","floor":1},{"not_picked":["Outmaneuver","Expertise"],"picked":"Cloak And Dagger","floor":2},{"not_picked":["Deflect","Bane"],"picked":"Deadly Poison","floor":6},{"not_picked":["Backstab","Infinite Blades"],"picked":"Well Laid Plans","floor":8},{"not_picked":["PiercingWail","Dagger Spray"],"picked":"Deadly Poison","floor":10},{"not_picked":["Burst","Dagger Spray"],"picked":"Backflip","floor":12},{"not_picked":["Underhanded Strike","Distraction"],"picked":"Flechettes","floor":13}],"player_experience":447742,"relics_obtained":[{"floor":3,"key":"Snake Skull"},{"floor":6,"key":"Juzu Bracelet"},{"floor":8,"key":"Lantern"},{"floor":9,"key":"Smiling Mask"},{"floor":13,"key":"Anchor"}],"event_choices":[{"damage_healed":0,"gold_gain":0,"player_choice":"Take Wound","damage_taken":0,"relics_obtained":["Golden Idol"],"max_hp_gain":0,"max_hp_loss":0,"event_name":"Golden Idol","floor":4,"gold_loss":0,"cards_obtained":["Injury"]},{"damage_healed":0,"gold_gain":0,"player_choice":"Donut","damage_taken":0,"max_hp_gain":5,"max_hp_loss":0,"event_name":"Big Fish","floor":5,"gold_loss":0}],"is_beta":false,"boss_relics":[],"items_purged_floors":[14],"is_endless":false,"potions_floor_spawned":[6,8,12],"killed_by":"Slime Boss","ascension_level":13}}