{"host":"y76clbnovzmw9ubx","time":1613441566,"event":{"mods":["AchievementEnabler","BaseMod","Minty Spire (QoL Compilation)","Permanent Neow","Relic Stats"],"gold_per_floor":[364,50,50,50,69,101,101,130,157,157,183,183,234,251,251,251,251],"floor_reached":16,"language":"ENG","playtime":505,"items_purged":["Pain"],"score":232,"play_id":"90ede7aa-e47f-4a73-b6e5-3a8999ac4799","local_time":"20210215211246","is_ascension_mode":true,"campfire_choices":[{"floor":7,"key":"REST"},{"floor":10,"key":"REST"},{"data":"Cloak And Dagger","floor":12,"key":"SMITH"},{"floor":15,"key":"REST"}],"circlet_count":0,"master_deck":["AscendersBane","Strike_G","Strike_G","Strike_G","Strike_G","Defend_G","Defend_G","Defend_G","Defend_G","Defend_G","Survivor","Neutralize","Unload","Caltrops","Dagger Throw","Backstab","Poisoned Stab","Cloak And Dagger+1","All Out Attack"],"relics":["Ring of the Snake","Anchor","Bag of Preparation","Boot","Ninja Scroll"],"acts_visited":["Exordium"],"potions_floor_usage":[6,8],"damage_taken":[{"damage":7,"enemies":"Cultist","floor":1,"turns":4},{"damage":0,"enemies":"2 Louse","floor":5,"turns":3},{"damage":30,"enemies":"Gremlin Nob","floor":6,"turns":4},{"damage":20,"enemies":"Lagavulin","floor":8,"turns":7},{"damage":23,"enemies":"Gremlin Nob","floor":11,"turns":3},{"damage":0,"enemies":"Jaw Worm","floor":14,"turns":1},{"damage":36,"enemies":"Slime Boss","floor":16,"turns":7}],"seed_played":"-6857715250259801674","potions_obtained":[{"floor":1,"key":"ColorlessPotion"},{"floor":6,"key":"Fire Potion"},{"floor":11,"key":"SmokeBomb"}],"is_trial":false,"path_per_floor":["M","$","?","$","M","E","R","E","T","R","E","R","?","M","R","B"],"character_chosen":"THE_SILENT","items_purchased":["Unload","Caltrops"],"campfire_rested":3,"item_purchase_floors":[2,2],"current_hp_per_floor":[52,52,52,52,52,22,41,21,21,40,17,17,17,17,36,0,0],"gold":251,"neow_bonus":"TWO_FIFTY_GOLD","is_daily":false,"chose_seed":false,"campfire_upgraded":1,"win_rate":0.0,"timestamp":1613441566,"path_taken":["M","$","?","?","M","E","R","E","T","R","E","R","?","?","R","BOSS"],"items_purchased_type":["Card","Card"],"build_version":"2020-12-22","purchased_purges":1,"victory":false,"max_hp_per_floor":[66,66,66,66,66,66,66,66,66,66,66,66,66,66,66,66,66],"relic_stats":{"counters":[7,29],"Bag of Preparation":[2],"Boot":[25],"obtain_stats":[{"Anchor":6,"Ninja Scroll":11,"Bag of Preparation":8,"Boot":9,"Ring of the Snake":0},{"Anchor":3,"Ninja Scroll":5,"Bag of Preparation":4,"Boot":4,"Ring of the Snake":0},{"Anchor":11,"Ninja Scroll":21,"Bag of Preparation":18,"Boot":18,"Ring of the Snake":0}],"Ring of the Snake":[14]},"card_choices":[{"not_picked":["Deflect","Cloak And Dagger","Heel Hook"],"picked":"SKIP","floor":1},{"not_picked":["PiercingWail","Reflex"],"picked":"Backstab","floor":5},{"not_picked":["Slice","Outmaneuver"],"picked":"Poisoned Stab","floor":6},{"not_picked":["Finisher","Deadly Poison"],"picked":"Cloak And Dagger","floor":8},{"not_picked":["Dagger Throw","Bouncing Flask","Acrobatics"],"picked":"SKIP","floor":11},{"not_picked":["Bane","Poisoned Stab"],"picked":"All Out Attack","floor":14}],"player_experience":3249353,"relics_obtained":[{"floor":6,"key":"Anchor"},{"floor":8,"key":"Bag of Preparation"},{"floor":9,"key":"Boot"},{"floor":11,"key":"Ninja Scroll"}],"event_choices":[{"damage_healed":0,"gold_gain":0,"cards_transformed":["Strike_G"],"player_choice":"Transformed","damage_taken":0,"max_hp_gain":0,"max_hp_loss":0,"event_name":"Transmorgrifier","floor":3,"gold_loss":0,"cards_obtained":["Dagger Throw"]},{"damage_healed":0,"gold_gain":51,"player_choice":"Gained Gold","damage_taken":0,"max_hp_gain":0,"max_hp_loss":0,"event_name":"Golden Wing","floor":13,"gold_loss":0}],"is_beta":false,"boss_relics":[],"items_purged_floors":[2],"is_endless":false,"potions_floor_spawned":[1,6,11],"killed_by":"Slime Boss","ascension_level":20}}