{"host":"ty2cix8xj6r3ad26","time":1613486541,"event":{"mods":["AchievementEnabler","BaseMod","BetterRewards","Minty Spire (QoL Compilation)","Quick Restart","StSLib","SuperFastMode"],"gold_per_floor":[117,136,136,136,14,14,46,64,64,64,82,96,96,96,96,169,169,189,189,207,207,230,230,246,246,271,271,287,33,33,58,58,134,134,144,155,155,155,170,195,195,210,210,210,239,0,0,13,13,13],"floor_reached":51,"language":"ENG","playtime":3255,"items_purged":["Strike_G","Defend_G","Strike_G","Strike_G+1"],"score":1455,"play_id":"04ff212a-92ee-43f5-aa6e-70da82342c22","local_time":"20210216164221","is_ascension_mode":true,"campfire_choices":[{"data":"Dagger Spray","floor":6,"key":"SMITH"},{"data":"Chrysalis","floor":10,"key":"SMITH"},{"data":"Cloak And Dagger","floor":13,"key":"SMITH"},{"data":"Neutralize","floor":15,"key":"SMITH"},{"data":"Adrenaline","floor":23,"key":"SMITH"},{"data":"Ghostly","floor":25,"key":"SMITH"},{"data":"Finisher","floor":32,"key":"SMITH"},{"floor":41,"key":"RECALL"},{"floor":47,"key":"REST"},{"floor":49,"key":"REST"}],"circlet_count":0,"master_deck":["AscendersBane","Strike_G+1","Defend_G+1","Defend_G+1","Survivor+1","Neutralize+1","Chrysalis+1","Noxious Fumes+1","Dagger Spray+1","Noxious Fumes+1","Accuracy+1","Backflip+1","Cloak And Dagger+1","Adrenaline+1","Finisher+1","Ghostly+1","Ghostly+1","Ghostly+1","Endless Agony+1","Caltrops+1","Burst+1","Leg Sweep+1","Blur+1","Catalyst+1","PiercingWail+1","Terror+1","Well Laid Plans+1"],"relics":["Ring of the Snake","Membership Card","Dead Branch","Frozen Egg 2","Ornamental Fan","Lee\u0027s Waffle","HornCleat","Pantograph","Vajra","WristBlade","Omamori","Pen Nib","MutagenicStrength","Toxic Egg 2","OrangePellets","Lantern","Fusion Hammer","Nunchaku","Mango","Mark of the Bloom","Snake Skull","TwistedFunnel","Oddly Smooth Stone"],"acts_visited":["Exordium","TheCity","TheBeyond"],"potions_floor_usage":[31,33,40,45],"damage_taken":[{"damage":0,"enemies":"Cultist","floor":1,"turns":3},{"damage":4,"enemies":"Jaw Worm","floor":2,"turns":4},{"damage":31,"enemies":"Gremlin Nob","floor":7,"turns":5},{"damage":0,"enemies":"Small Slimes","floor":8,"turns":4},{"damage":13,"enemies":"Gremlin Gang","floor":11,"turns":4},{"damage":0,"enemies":"Large Slime","floor":12,"turns":6},{"damage":22,"enemies":"Slime Boss","floor":16,"turns":6},{"damage":8,"enemies":"Shell Parasite","floor":18,"turns":4},{"damage":0,"enemies":"2 Thieves","floor":20,"turns":3},{"damage":1,"enemies":"Shelled Parasite and Fungi","floor":24,"turns":3},{"damage":0,"enemies":"Snake Plant","floor":28,"turns":2},{"damage":0,"enemies":"Slavers","floor":31,"turns":4},{"damage":16,"enemies":"Collector","floor":33,"turns":8},{"damage":0,"enemies":"3 Darklings","floor":35,"turns":4},{"damage":0,"enemies":"3 Shapes","floor":36,"turns":1},{"damage":0,"enemies":"3 Darklings","floor":39,"turns":4},{"damage":0,"enemies":"Giant Head","floor":40,"turns":6},{"damage":0,"enemies":"Jaw Worm Horde","floor":42,"turns":3},{"damage":0,"enemies":"Nemesis","floor":45,"turns":5},{"damage":0,"enemies":"Maw","floor":48,"turns":3},{"damage":2,"enemies":"Donu and Deca","floor":50,"turns":5}],"seed_played":"8599375348824256053","potions_obtained":[{"floor":1,"key":"LiquidMemories"},{"floor":16,"key":"DuplicationPotion"},{"floor":18,"key":"SteroidPotion"},{"floor":31,"key":"PowerPotion"},{"floor":33,"key":"Strength Potion"},{"floor":48,"key":"EssenceOfSteel"}],"is_trial":false,"path_per_floor":["M","M","?","?","$","R","E","M","T","R","M","M","R","?","R","B",null,"M","?","M","?","T","R","M","R","T","?","M","$","?","E","R","B",null,"M","M","?","?","M","E","R","M","T","?","E","$","R","M","R","B",null],"character_chosen":"THE_SILENT","items_purchased":["Membership Card","Chrysalis","Frozen Egg 2","Noxious Fumes+1","Lee\u0027s Waffle","Noxious Fumes+1","Toxic Egg 2","OrangePellets","Caltrops+1","TwistedFunnel","Oddly Smooth Stone"],"campfire_rested":2,"item_purchase_floors":[0,0,0,0,5,5,29,29,29,46,46],"current_hp_per_floor":[28,24,24,24,73,73,42,42,42,42,29,29,29,24,24,27,62,54,36,36,36,36,36,35,35,35,35,35,35,27,27,27,25,37,37,37,37,37,37,37,37,37,51,51,51,51,51,51,51,49],"gold":13,"neow_bonus":"","is_daily":false,"chose_seed":false,"campfire_upgraded":7,"win_rate":0.0,"timestamp":1613486541,"path_taken":["M","?","?","?","$","R","E","M","T","R","M","?","R","?","R","BOSS","M","?","M","?","?","R","M","R","T","?","M","$","?","E","R","BOSS","M","M","?","?","M","E","R","?","T","?","E","$","R","M","R","BOSS"],"items_purchased_type":["Relic","Card","Relic","Card","Relic","Card","Relic","Relic","Card","Relic","Relic"],"build_version":"2020-12-22","purchased_purges":4,"victory":true,"max_hp_per_floor":[66,66,66,66,73,73,73,73,73,73,73,73,73,73,73,73,73,73,36,36,36,36,36,36,36,36,36,36,36,41,41,41,41,41,41,41,41,41,41,41,41,41,55,55,55,55,55,55,55,55],"card_choices":[{"not_picked":["Flying Knee","Flechettes","Outmaneuver"],"picked":"SKIP","floor":1},{"not_picked":["Deflect","Deadly Poison"],"picked":"Dagger Spray","floor":2},{"not_picked":["Dodge and Roll","Outmaneuver"],"picked":"Accuracy+1","floor":7},{"not_picked":["Flying Knee","Accuracy+1"],"picked":"Backflip","floor":8},{"not_picked":["Flying Knee","Poisoned Stab","Setup"],"picked":"SKIP","floor":11},{"not_picked":["Noxious Fumes+1","Underhanded Strike"],"picked":"Cloak And Dagger","floor":12},{"not_picked":["Grand Finale","Night Terror"],"picked":"Adrenaline","floor":16},{"not_picked":["Noxious Fumes+1","Underhanded Strike"],"picked":"Finisher","floor":18},{"not_picked":["Outmaneuver+1","Bouncing Flask","Dagger Spray+1"],"picked":"SKIP","floor":20},{"not_picked":["Dagger Spray","Backflip","Dagger Throw"],"picked":"SKIP","floor":24},{"not_picked":["Crippling Poison","Dagger Throw"],"picked":"Endless Agony","floor":28},{"not_picked":["Escape Plan+1","Storm of Steel+1","Sucker Punch"],"picked":"SKIP","floor":31},{"not_picked":["Malaise+1","Tools of the Trade+1"],"picked":"Burst+1","floor":33},{"not_picked":["Sucker Punch","Deflect+1"],"picked":"Leg Sweep+1","floor":35},{"not_picked":["Underhanded Strike","Endless Agony+1"],"picked":"Blur+1","floor":36},{"not_picked":["All Out Attack","Eviscerate","Outmaneuver+1"],"picked":"SKIP","floor":39},{"not_picked":["Expertise+1","Eviscerate+1"],"picked":"Catalyst+1","floor":40},{"not_picked":["Predator+1","Deflect+1"],"picked":"PiercingWail+1","floor":42},{"not_picked":["Choke+1","Prepared+1"],"picked":"Terror+1","floor":45},{"not_picked":["All Out Attack","Escape Plan+1"],"picked":"Well Laid Plans+1","floor":48}],"player_experience":586380,"relics_obtained":[{"floor":7,"key":"HornCleat"},{"floor":9,"key":"Pantograph"},{"floor":22,"key":"Omamori"},{"floor":26,"key":"Pen Nib"},{"floor":31,"key":"Lantern"},{"floor":40,"key":"Nunchaku"},{"floor":43,"key":"Mango"},{"floor":45,"key":"Snake Skull"}],"event_choices":[{"cards_removed":["Strike_G"],"damage_healed":0,"gold_gain":0,"player_choice":"Forget","damage_taken":0,"max_hp_gain":0,"max_hp_loss":0,"event_name":"Living Wall","floor":3,"gold_loss":0},{"damage_healed":0,"gold_gain":0,"player_choice":"Gave Potion","damage_taken":0,"relics_obtained":["Ornamental Fan"],"max_hp_gain":0,"max_hp_loss":0,"event_name":"WeMeetAgain","floor":4,"gold_loss":0},{"damage_healed":0,"gold_gain":0,"player_choice":"Success","damage_taken":5,"relics_obtained":["Vajra"],"max_hp_gain":0,"max_hp_loss":0,"event_name":"Scrap Ooze","floor":14,"gold_loss":0},{"damage_healed":0,"gold_gain":0,"player_choice":"Became a Ghost","damage_taken":0,"max_hp_gain":0,"max_hp_loss":37,"event_name":"Ghosts","floor":19,"gold_loss":0,"cards_obtained":["Ghostly","Ghostly","Ghostly"]},{"damage_healed":0,"gold_gain":0,"player_choice":"Ignored","damage_taken":0,"max_hp_gain":0,"max_hp_loss":0,"event_name":"Vampires","floor":21,"gold_loss":0},{"damage_healed":0,"gold_gain":0,"player_choice":"Inject Mutagens","damage_taken":0,"relics_obtained":["MutagenicStrength"],"max_hp_gain":0,"max_hp_loss":0,"event_name":"Drug Dealer","floor":27,"gold_loss":0},{"damage_healed":0,"gold_gain":0,"player_choice":"Shed Blood","damage_taken":13,"max_hp_gain":5,"max_hp_loss":0,"event_name":"Forgotten Altar","floor":30,"gold_loss":0},{"cards_removed":["Defend_G"],"damage_healed":0,"gold_gain":0,"player_choice":"Removed Skill","damage_taken":0,"max_hp_gain":0,"max_hp_loss":0,"event_name":"Falling","floor":37,"gold_loss":0},{"cards_removed":["Defend_G"],"damage_healed":0,"gold_gain":0,"player_choice":"Offered Basic","damage_taken":0,"max_hp_gain":0,"max_hp_loss":0,"event_name":"Bonfire Elementals","floor":38,"gold_loss":0},{"damage_healed":0,"gold_gain":0,"player_choice":"Upgrade","damage_taken":0,"relics_obtained":["Mark of the Bloom"],"max_hp_gain":0,"max_hp_loss":0,"event_name":"MindBloom","floor":44,"gold_loss":0,"cards_upgraded":["Strike_G","Strike_G","Defend_G","Defend_G","Survivor","Backflip","Ghostly","Ghostly","Endless Agony"]}],"is_beta":false,"boss_relics":[{"not_picked":["Pandora\u0027s Box","Velvet Choker"],"picked":"WristBlade"},{"not_picked":["Snecko Eye","Astrolabe"],"picked":"Fusion Hammer"}],"items_purged_floors":[0,0,0,46],"is_endless":false,"potions_floor_spawned":[1,16,18,28,31,33,35,48],"ascension_level":17}}