{"host":"kmq7aw60w430zvtx","time":1613485276,"event":{"mods":["BaseMod","Downfall","GifTheSpireLib","Hermit","Hubris","Infinite Spire","Minty Spire (QoL Compilation)","Reliquary","Replay The Spire","Spire Arcade","StSLib","The Construct","The Cursed","The Hierophant","The Jungle","The Necromancer","The Runesmith"],"gold_per_floor":[115,35,51,51,51,51,61,61,61,81,109,109,109,126,126,230,230,246,246,246,261,277,277,292,292,318,318,16,29,29,29,29,129,129,156,0,20,32,49,49,140,175,199,199,199,199],"floor_reached":45,"language":"ENG","playtime":2005,"items_purged":[],"score":766,"play_id":"f1011d3f-eaae-49d3-a00b-2c9c82672efd","local_time":"20210216152116","is_ascension_mode":true,"campfire_choices":[{"floor":6,"key":"RECALL"},{"floor":8,"key":"REST"},{"floor":12,"key":"REST"},{"data":"Juggernaut","floor":15,"key":"SMITH"},{"floor":23,"key":"REST"},{"floor":25,"key":"REST"},{"floor":27,"key":"REST"},{"data":"Havoc","floor":32,"key":"SMITH"},{"floor":40,"key":"REST"},{"floor":44,"key":"REST"}],"circlet_count":0,"master_deck":["Strike_R","Strike_R+1","Strike_R","Strike_R","Defend_R","Defend_R","Defend_R","Bash+1","Iron Wave","Disarm","Cleave","Sword Boomerang","Juggernaut+1","Sword Boomerang","Hemogenesis","Clothesline","Juggernaut+1","Uppercut+1","Headbutt","hubris:DuctTapeCard","Inflame","Battle Trance","Havoc+1","hubris:StunningStrike","AbeCurse","Armaments+1","Body Slam","Spot Weakness+1","Armaments","Iron Wave+1","ReplayTheSpireMod:Limb From Limb","Iron Wave+1"],"relics":["Burning Blood","FaceOfCleric","Matryoshka","Anchor","Runic Cube","hubris:DuctTape","Strawberry","SlaversCollar","hubris:CuriousFeather","infinitespire:EvilPickle","Abe\u0027s Treasure","Red Mask","Replay:Accelerometer","hubris:Metronome","Ginger","ReplayTheSpireMod:Spearhead"],"acts_visited":["Exordium","TheCity","TheBeyond"],"potions_floor_usage":[11,11,11,18,22,24,29,39,39],"damage_taken":[{"damage":5,"enemies":"2 Louse","floor":1,"turns":4},{"damage":3,"enemies":"Cultist","floor":3,"turns":4},{"damage":2,"enemies":"Small Slimes","floor":7,"turns":3},{"damage":13,"enemies":"Blue Slaver","floor":10,"turns":4},{"damage":34,"enemies":"3 Sentries","floor":11,"turns":9},{"damage":0,"enemies":"Lots of Slimes","floor":14,"turns":2},{"damage":49,"enemies":"Hexaghost","floor":16,"turns":9},{"damage":25,"enemies":"Spheric Guardian","floor":18,"turns":4},{"damage":4,"enemies":"3 Byrds","floor":21,"turns":6},{"damage":30,"enemies":"Snake Plant","floor":22,"turns":5},{"damage":53,"enemies":"3 Cultists","floor":24,"turns":6},{"damage":20,"enemies":"Centurion and Healer","floor":29,"turns":9},{"damage":29,"enemies":"Pondfish","floor":33,"turns":9},{"damage":18,"enemies":"3 Shapes","floor":35,"turns":4},{"damage":14,"enemies":"Orb Walker","floor":37,"turns":3},{"damage":27,"enemies":"Spire Growth","floor":38,"turns":5},{"damage":39,"enemies":"Maw","floor":39,"turns":6},{"damage":60,"enemies":"R_Hoarder","floor":42,"turns":7},{"damage":53,"enemies":"3 Darklings","floor":45,"turns":5}],"seed_played":"-2583720019992566518","potions_obtained":[{"floor":1,"key":"SkillPotion"},{"floor":3,"key":"Energy Potion"},{"floor":7,"key":"GamblersBrew"},{"floor":16,"key":"Swift Potion"},{"floor":21,"key":"Languid Potion"},{"floor":22,"key":"infinitespire:BlackPotion"},{"floor":24,"key":"construct:ShiftPotion"},{"floor":37,"key":"SpeedPotion"},{"floor":38,"key":"Elixir"}],"is_trial":false,"path_per_floor":["M","$","M","?","?","R","M","R","T","M","E","R","?","M","R","B",null,"M","?","?","M","M","R","M","R","T","R","$","M","?","AVR","R","B",null,"M","?","M","M","M","R","?","E","T","R","M"],"character_chosen":"IRONCLAD","items_purchased":["Disarm","Inflame","Battle Trance","Strawberry"],"campfire_rested":7,"item_purchase_floors":[2,28,28,28],"current_hp_per_floor":[57,57,60,44,44,44,49,73,73,67,40,64,64,71,71,29,71,53,56,56,59,36,63,17,44,44,71,78,70,70,70,70,53,89,78,78,76,56,31,62,62,21,21,52,0,0],"gold":199,"neow_bonus":"REMOVE_TWO","is_daily":false,"chose_seed":false,"campfire_upgraded":2,"win_rate":0.0,"timestamp":1613485276,"path_taken":["M","$","M","?","?","R","M","R","T","?","E","R","?","M","R","BOSS","M","?","?","?","M","R","M","R","T","R","?","M","?","AVR","R","BOSS","M","?","M","M","M","R","?","E","T","R","M"],"items_purchased_type":["Card","Card","Card","Relic"],"build_version":"2020-12-22","purchased_purges":0,"victory":false,"max_hp_per_floor":[80,80,80,80,80,80,81,81,81,82,83,83,83,84,84,85,85,86,89,89,90,91,91,92,92,92,92,99,100,100,100,100,101,101,102,102,103,104,105,105,105,106,106,106,106,106],"card_choices":[{"not_picked":["Intimidate","Flex"],"picked":"Iron Wave","floor":1},{"not_picked":["True Grit","Eclipse"],"picked":"Cleave","floor":3},{"not_picked":["Sentinel","True Grit"],"picked":"Sword Boomerang","floor":7},{"not_picked":["True Grit","hubris:ReadiedAction"],"picked":"Juggernaut","floor":10},{"not_picked":["Perfected Strike","Bludgeon"],"picked":"Anger","floor":11},{"not_picked":["Replay:Undeath\u0027s Touch","Hemokinesis"],"picked":"Sword Boomerang","floor":14},{"not_picked":["Demonic Infusion","Double Tap"],"picked":"Hemogenesis","floor":16},{"not_picked":["Heavy Blade","Clash"],"picked":"Clothesline","floor":18},{"not_picked":["Clash+1","Reaper"],"picked":"Uppercut+1","floor":21},{"not_picked":["Warcry","ReplayTheSpireMod:Strike From Hell+1"],"picked":"Anger","floor":22},{"not_picked":["Abandon","hubris:ReadiedAction"],"picked":"Headbutt","floor":24},{"not_picked":["Twin Strike","ReplayTheSpireMod:Strike From Hell"],"picked":"Havoc","floor":29},{"not_picked":["Juggernaut","Brutality"],"picked":"hubris:StunningStrike","floor":33},{"not_picked":["Shrug It Off+1","Hemokinesis+1"],"picked":"Armaments+1","floor":35},{"not_picked":["Dropkick","Wild Strike+1"],"picked":"Body Slam","floor":37},{"not_picked":["Disarm","Twin Strike"],"picked":"Spot Weakness+1","floor":38},{"not_picked":["Run Through+1","Whirlwind"],"picked":"Armaments","floor":39},{"not_picked":["hubris:ReadiedAction","Wild Strike+1"],"picked":"Iron Wave+1","floor":41},{"not_picked":["Massacre+1","Clothesline"],"picked":"ReplayTheSpireMod:Limb From Limb","floor":41},{"not_picked":["Clothesline","Massacre"],"picked":"Iron Wave+1","floor":42}],"player_experience":377060,"relics_obtained":[{"floor":9,"key":"Matryoshka"},{"floor":11,"key":"Anchor"},{"floor":26,"key":"hubris:DuctTape"},{"floor":41,"key":"Replay:Accelerometer"},{"floor":41,"key":"hubris:Metronome"},{"floor":42,"key":"Ginger"},{"floor":43,"key":"ReplayTheSpireMod:Spearhead"}],"event_choices":[{"damage_healed":0,"gold_gain":0,"player_choice":"Entered Light","damage_taken":16,"max_hp_gain":0,"max_hp_loss":0,"event_name":"Shining Light","floor":4,"gold_loss":0,"cards_upgraded":["Bash","Strike_R"]},{"damage_healed":0,"gold_gain":0,"player_choice":"Trade","damage_taken":0,"relics_obtained":["FaceOfCleric"],"max_hp_gain":0,"max_hp_loss":0,"event_name":"FaceTrader","floor":5,"gold_loss":0},{"damage_healed":0,"gold_gain":0,"player_choice":"Ignored","damage_taken":0,"max_hp_gain":0,"max_hp_loss":0,"event_name":"Liars Game","floor":13,"gold_loss":0},{"damage_healed":0,"gold_gain":0,"player_choice":"Copied","damage_taken":0,"max_hp_gain":0,"max_hp_loss":0,"event_name":"Duplicator","floor":20,"gold_loss":0,"cards_obtained":["Juggernaut"]},{"damage_healed":0,"gold_gain":0,"player_choice":"Paid","damage_taken":0,"relics_obtained":["Red Mask"],"max_hp_gain":0,"max_hp_loss":0,"event_name":"Tomb of Lord Red Mask","floor":36,"gold_loss":156}],"is_beta":false,"boss_relics":[{"not_picked":["Replay:Grab Bag","SacredBark"],"picked":"Runic Cube"},{"not_picked":["hubris:GrandSneckoEye","Replay:Ancient Bell"],"picked":"Abe\u0027s Treasure"}],"items_purged_floors":[],"is_endless":false,"potions_floor_spawned":[1,3,7,16,21,22,24,37,38],"killed_by":"3 Darklings","ascension_level":5}}