{"host":"vrsxkkch9ccrec7k","time":1613495546,"event":{"mods":["Act Like it!","BaseMod","Bestiary","Better Altar","Better Match","Better Note","Better Sensory Stone","Better Skull","Better Third Choice","Better Vampires","Downfall","Minty Spire (QoL Compilation)","Permanent Neow","Relic Stats","Spicy Shops","StSLib"],"gold_per_floor":[99,111,111,127,141,141,167,196,211,211,242,258,258,270,284,362,362,262,262,262,262,262,262,341,341,370,382,382,392,419,47,67,142,192,192,206,218,318,333,333,360,20,40,23,34,69,69,86,97,97,97],"floor_reached":50,"language":"ENG","playtime":3635,"items_purged":["champ:Strike","champ:Strike"],"score":1055,"play_id":"2a34da7a-47e5-4239-820a-4b55afbc7977","local_time":"20210216121226","is_ascension_mode":true,"campfire_choices":[{"data":"champ:Execute","floor":1.0,"key":"SMITH"},{"floor":10.0,"key":"REST"},{"floor":13.0,"key":"REST"},{"data":"champ:Improvising","floor":18.0,"key":"SMITH"},{"data":"Blind","floor":23.0,"key":"SMITH"},{"floor":25.0,"key":"REST"},{"data":"champ:TripleStrike","floor":28.0,"key":"SMITH"},{"data":"Master of Strategy","floor":35.0,"key":"SMITH"},{"data":"champ:SwordSigil","floor":47.0,"key":"SMITH"}],"circlet_count":0,"master_deck":["AscendersBane","champ:Defend","champ:Defend","champ:Defend","champ:Defend+1","champ:Execute+1","champ:Taunt","Blind+1","champ:PreciseThrust","champ:DefensiveStyle","champ:TornadoPunch","champ:Improvising+1","champ:GutPunch","champ:EnGarde","champ:BringItOn","champ:RisingSlash","champ:TripleStrike+1","champ:FocusedDefense","champ:ShieldSigil","champ:RageSigil+1","champ:ShieldWall+1","champ:Parry","Master of Strategy+1","champ:TornadoPunch","champ:SwordSigil+1","champ:DefensiveShout","champ:Backstep+1","champ:BerserkerStyle+1","champ:CalledShot+1","champ:Circumvent","champ:EndlessRage+1","champ:StanceDance","champ:FocusedDefense","champ:ShieldSigil+1","champ:ArenaPreparation","champ:EndlessRage+1"],"relics":["champ:ChampionCrownUpgraded","Slimebound:StickyStick","Vajra","Tiny Chest","Thread and Needle","downfall:HeartBlessingGreen","Nilry\u0027s Codex","Lantern","Mercury Hourglass","Centennial Puzzle","Anchor","Tiny House","Toy Ornithopter","Frozen Egg 2","Nunchaku","Mummified Hand","hexamod:CandleOfCauterizing"],"acts_visited":["Exordium","TheCity","TheBeyond"],"potions_floor_usage":[],"damage_taken":[{"damage":10.0,"enemies":"Small Slimes","floor":2.0,"turns":4.0},{"damage":11.0,"enemies":"Cultist","floor":4.0,"turns":3.0},{"damage":4.0,"enemies":"2 Louse","floor":5.0,"turns":3.0},{"damage":33.0,"enemies":"Lagavulin","floor":8.0,"turns":5.0},{"damage":14.0,"enemies":"Exordium Thugs","floor":9.0,"turns":4.0},{"damage":10.0,"enemies":"3 Sentries","floor":11.0,"turns":4.0},{"damage":14.0,"enemies":"Large Slime","floor":12.0,"turns":6.0},{"damage":18.0,"enemies":"3 Louse","floor":14.0,"turns":4.0},{"damage":24.0,"enemies":"Exordium Wildlife","floor":15.0,"turns":4.0},{"damage":69.0,"enemies":"SI_SHIV_ARCHETYPE","floor":16.0,"turns":15.0},{"damage":37.0,"enemies":"Slavers","floor":26.0,"turns":5.0},{"damage":10.0,"enemies":"Chosen","floor":27.0,"turns":4.0},{"damage":35.0,"enemies":"Shell Parasite","floor":29.0,"turns":2.0},{"damage":63.0,"enemies":"Book of Stabbing","floor":30.0,"turns":4.0},{"damage":50.0,"enemies":"downfall:FleeingMerchant","floor":31.0,"turns":4.0},{"damage":20.0,"enemies":"Shelled Parasite and Fungi","floor":32.0,"turns":3.0},{"damage":86.0,"enemies":"DF_ARCHETYPE_CLAW","floor":33.0,"turns":8.0},{"damage":63.0,"enemies":"3 Darklings","floor":36.0,"turns":6.0},{"damage":20.0,"enemies":"Orb Walker","floor":37.0,"turns":2.0},{"damage":70.0,"enemies":"downfall:LadyInBlue","floor":38.0,"turns":8.0},{"damage":60.0,"enemies":"4 Shapes","floor":39.0,"turns":5.0},{"damage":75.0,"enemies":"downfall:FleeingMerchant","floor":42.0,"turns":4.0},{"damage":45.0,"enemies":"Spire Growth","floor":43.0,"turns":3.0},{"damage":42.0,"enemies":"downfall:FleeingMerchant","floor":44.0,"turns":1.0},{"damage":52.0,"enemies":"3 Darklings","floor":45.0,"turns":2.0},{"damage":103.0,"enemies":"Giant Head","floor":46.0,"turns":2.0},{"damage":75.0,"enemies":"4 Shapes","floor":48.0,"turns":2.0},{"damage":75.0,"enemies":"Jaw Worm Horde","floor":49.0,"turns":3.0},{"damage":77,"enemies":"IC_BLOCK_ARCHETYPE","floor":50,"turns":2}],"seed_played":"6468345390773586876","potions_obtained":[{"floor":2.0,"key":"hexamod:SoulburnPotion"},{"floor":5.0,"key":"Energy Potion"},{"floor":8.0,"key":"DistilledChaos"},{"floor":9.0,"key":"bronze:BurnAndBuffPotion"},{"floor":11.0,"key":"EssenceOfSteel"},{"floor":16.0,"key":"SneckoOil"},{"floor":26.0,"key":"FairyPotion"},{"floor":32.0,"key":"champ:CounterPotion"},{"floor":34.0,"key":"champ:TechniquePotion"},{"floor":37.0,"key":"SkillPotion"},{"floor":38.0,"key":"DistilledChaos"},{"floor":38.0,"key":"Swift Potion"},{"floor":45.0,"key":"BlessingOfTheForge"},{"floor":48.0,"key":"SteroidPotion"}],"is_trial":false,"path_per_floor":["R","M","?","M","M","?","T","E","M","R","E","M","R","M","M","B",null,"R","?","?","?","T","R","T","R","E","M","R","M","E","$","M","B",null,"R","M","M","?","M","T","T","$","M","$","M","E","R","M","M","B"],"character_chosen":"THE_CHAMP","items_purchased":["Master of Strategy","champ:TornadoPunch","champ:SwordSigil","Mummified Hand","champ:BerserkerStyle+1","champ:EndlessRage+1","champ:StanceDance"],"campfire_rested":3,"item_purchase_floors":[31,31,31,42,42,44,44],"current_hp_per_floor":[73,73,52,51,47,47,47,34,30,54,44,40,64,56,47,38,70,70,49,49,49,49,49,49,73,71,71,71,71,63,63,58,42,76,76,73,73,73,73,73,73,78,71,71,71,76,76,76,76,0,0],"gold":97,"neow_bonus":"RANDOM_COLORLESS","is_daily":false,"chose_seed":false,"campfire_upgraded":6,"win_rate":0.0,"timestamp":1613495546,"path_taken":["R","M","?","M","?","?","T","E","M","R","E","M","R","M","M","BOSS","R","?","?","?","?","R","T","R","E","?","R","M","E","$","M","BOSS","R","M","M","?","?","?","T","$","M","$","M","E","R","M","M","BOSS"],"items_purchased_type":["Card","Card","Card","Relic","Card","Card","Card"],"build_version":"2020-12-22","purchased_purges":2,"victory":false,"max_hp_per_floor":[81,81,81,81,81,81,81,81,81,81,81,81,81,81,81,81,81,81,81,81,81,81,81,81,81,81,81,81,81,81,81,81,81,86,86,86,86,86,86,86,86,86,86,86,86,86,86,86,86,86,86],"relic_stats":{"Centennial Puzzle":[54],"Nunchaku":[4],"counters":[29,121],"Mummified Hand":[31],"Tiny Chest":2,"obtain_stats":[{"Lantern":22,"hexamod:CandleOfCauterizing":46,"Tiny House":34,"Nilry\u0027s Codex":19,"Vajra":7,"champ:ChampionCrown":0,"Thread and Needle":11,"downfall:HeartBlessingGreen":18,"champ:ChampionCrownUpgraded":17,"Frozen Egg 2":40,"Mercury Hourglass":24,"Centennial Puzzle":26,"Anchor":30,"Nunchaku":41,"Slimebound:StickyStick":3,"Mummified Hand":42,"Tiny Chest":8,"Toy Ornithopter":38},{"Lantern":10,"hexamod:CandleOfCauterizing":26,"Tiny House":17,"Nilry\u0027s Codex":10,"Vajra":3,"champ:ChampionCrown":0,"Thread and Needle":6,"downfall:HeartBlessingGreen":10,"champ:ChampionCrownUpgraded":10,"Frozen Egg 2":21,"Mercury Hourglass":10,"Centennial Puzzle":11,"Anchor":14,"Nunchaku":21,"Slimebound:StickyStick":1,"Mummified Hand":22,"Tiny Chest":4,"Toy Ornithopter":20},{"Lantern":52,"hexamod:CandleOfCauterizing":114,"Tiny House":81,"Nilry\u0027s Codex":52,"Vajra":10,"champ:ChampionCrown":0,"Thread and Needle":23,"downfall:HeartBlessingGreen":52,"champ:ChampionCrownUpgraded":52,"Frozen Egg 2":102,"Mercury Hourglass":52,"Centennial Puzzle":57,"Anchor":66,"Nunchaku":102,"Slimebound:StickyStick":4,"Mummified Hand":106,"Tiny Chest":15,"Toy Ornithopter":97}],"Toy Ornithopter":10,"Mercury Hourglass":[215]},"card_choices":[{"not_picked":["Bandage Up","Panacea"],"picked":"Blind","floor":0.0},{"not_picked":["champ:FocusedDefense","champ:RageSigil"],"picked":"champ:PreciseThrust","floor":2.0},{"not_picked":["champ:PreemptiveStrike","champ:PerfectedStrike"],"picked":"champ:DefensiveStyle","floor":4.0},{"not_picked":["champ:FlashCut","champ:RageSigil"],"picked":"champ:TornadoPunch","floor":5.0},{"not_picked":["champ:FanOfKnives","champ:SteelEdge"],"picked":"champ:Improvising","floor":8.0},{"not_picked":["champ:SetATrap","champ:FaceSlap"],"picked":"champ:GutPunch","floor":9.0},{"not_picked":["champ:RapidStrikes","champ:FanOfKnives","champ:BerserkersShout"],"picked":"SKIP","floor":11.0},{"not_picked":["champ:BerserkerStyle","champ:Backstep"],"picked":"champ:EnGarde","floor":12.0},{"not_picked":["champ:PerfectedStrike","champ:RapidStrikes"],"picked":"champ:BringItOn","floor":14.0},{"not_picked":["champ:EnchantShield","champ:BerserkersShout"],"picked":"champ:RisingSlash","floor":15.0},{"not_picked":["champ:Improvising","champ:GladiatorForm"],"picked":"champ:TripleStrike","floor":16.0},{"not_picked":["champ:BladeFlurry+1","champ:HeartStrike"],"picked":"champ:FocusedDefense","floor":26.0},{"not_picked":["champ:Parry","champ:StanceDance"],"picked":"champ:ShieldSigil","floor":27.0},{"not_picked":["champ:DefensiveShout","champ:CrookedStrike"],"picked":"champ:RageSigil+1","floor":29.0},{"not_picked":["champ:ShieldThrow","champ:FaceSlap"],"picked":"champ:ShieldWall+1","floor":30.0},{"not_picked":["champ:FancyFootwork","champ:SkillfulDodge"],"picked":"champ:Parry","floor":31.0},{"not_picked":["champ:PreciseThrust","champ:FaceSlap","champ:PerfectedStrike"],"picked":"SKIP","floor":32.0},{"not_picked":["champ:PreciseThrust","champ:SetATrap"],"picked":"champ:DefensiveShout","floor":34.0},{"not_picked":["champ:Endure","champ:FocusedBerserking"],"picked":"champ:Backstep+1","floor":36.0},{"not_picked":["champ:FanOfKnives","champ:Haymaker","champ:ShieldSigil"],"picked":"SKIP","floor":37.0},{"not_picked":["champ:PreciseThrust+1","champ:RecklessLeap","champ:Parry"],"picked":"SKIP","floor":39.0},{"not_picked":["champ:PerfectedStrike","champ:SwordThrow","champ:RecklessLeap"],"picked":"SKIP","floor":42.0},{"not_picked":["champ:Duel","champ:EnragedBash+1"],"picked":"champ:CalledShot+1","floor":43.0},{"not_picked":["champ:PreciseThrust","champ:PerfectedStrike+1"],"picked":"champ:Circumvent","floor":44.0},{"not_picked":["champ:BladeFlurry+1","champ:Shatter"],"picked":"champ:FocusedDefense","floor":45.0},{"not_picked":["champ:RapidStrikes","champ:FocusedDefense"],"picked":"champ:ShieldSigil+1","floor":46.0},{"not_picked":["champ:FocusedDefense","champ:Shatter"],"picked":"champ:ArenaPreparation","floor":48.0},{"not_picked":["champ:ShieldSigil","champ:CrownThrow"],"picked":"champ:EndlessRage+1","floor":49.0}],"player_experience":1929153,"relics_obtained":[{"floor":7.0,"key":"Vajra"},{"floor":8.0,"key":"Tiny Chest"},{"floor":11.0,"key":"Thread and Needle"},{"floor":19.0,"key":"Nilry\u0027s Codex"},{"floor":22.0,"key":"Lantern"},{"floor":24.0,"key":"Mercury Hourglass"},{"floor":26.0,"key":"Centennial Puzzle"},{"floor":30.0,"key":"Anchor"},{"floor":38.0,"key":"Toy Ornithopter"},{"floor":40.0,"key":"Frozen Egg 2"},{"floor":41.0,"key":"Nunchaku"},{"floor":46.0,"key":"hexamod:CandleOfCauterizing"}],"event_choices":[{"damage_healed":0.0,"max_hp_gain":0.0,"max_hp_loss":0.0,"gold_gain":0.0,"event_name":"betterSkull:BetterSkull","player_choice":"RE ","floor":3.0,"gold_loss":0.0,"damage_taken":23.0,"cards_upgraded":[],"relics_obtained":["Slimebound:StickyStick"]},{"cards_removed":["champ:Strike"],"damage_healed":0.0,"max_hp_gain":0.0,"max_hp_loss":0.0,"gold_gain":0.0,"event_name":"Bonfire Elementals","player_choice":"Offered Basic","floor":6.0,"gold_loss":0.0,"damage_taken":0.0}],"is_beta":false,"boss_relics":[{"not_picked":["champ:PowerArmor","Busted Crown"],"picked":"champ:ChampionCrownUpgraded"},{"not_picked":["Velvet Choker","Black Star"],"picked":"Tiny House"}],"items_purged_floors":[31,44],"is_endless":false,"potions_floor_spawned":[2,5,8,9,11,16,26,27,32,37,38,45,48,49],"killed_by":"IC_BLOCK_ARCHETYPE","ascension_level":15}}