{"host":"q0zqetm8yj025qes","time":1613452563,"event":{"mods":["2.2 Compatiblity","Act Like it!","Bard","BaseMod","Bestiary","Better Third Choice","Colored Map","Colored Powertips","Conspire","Downfall","Friendly Minions","Googly Eyes","Hallownest","Hermit","Hubris","Infinite Spire","Mad Scientist","Mimic Mod","Minty Spire (QoL Compilation)","Quick Restart","Rare Cards Sparkle","Replay The Spire","Robot Space Explorer","Shade Mod","Shop Mod","Spicy Shops","StSLib","The Blackbeard","The Bladedancer","The Bug Knight","The Construct","The Cursed","The Disciple","The Hierophant","The Jungle","The Necromancer","The Runesmith","The Valiant","The Witch"],"gold_per_floor":[118,134,134,134,144,144,144],"floor_reached":6,"language":"ENG","playtime":494,"items_purged":[],"score":36,"play_id":"f717ef00-61f9-465e-b9da-63419124579b","local_time":"20210215221603","is_ascension_mode":false,"campfire_choices":[],"circlet_count":0,"master_deck":["MadScienceMod:Strike_MadScience","MadScienceMod:Strike_MadScience","MadScienceMod:Strike_MadScience","MadScienceMod:Strike_MadScience","MadScienceMod:Defend_MadScience","MadScienceMod:Defend_MadScience","MadScienceMod:Defend_MadScience","MadScienceMod:Defend_MadScience","MadScienceMod:PoweredStrike","MadScienceMod:HideBehindJunk","MadScienceMod:Detonate","blackbeard:TheDrunkenSailor","MadScienceMod:Sprocket"],"relics":["Black Star"],"acts_visited":["Exordium"],"potions_floor_usage":[],"damage_taken":[{"damage":11,"enemies":"Cultist","floor":1,"turns":5},{"damage":0,"enemies":"Small Slimes","floor":2,"turns":3},{"damage":3,"enemies":"2 Louse","floor":5,"turns":3},{"damage":64,"enemies":"3 Sentries","floor":6,"turns":8}],"seed_played":"-7369892106463799731","potions_obtained":[{"floor":5,"key":"BlessingOfTheForge"}],"is_trial":false,"path_per_floor":["M","M","$","?","M","E"],"character_chosen":"MAD_SCIENTIST","items_purchased":[],"campfire_rested":0,"item_purchase_floors":[],"current_hp_per_floor":[64,64,64,64,61,0,0],"gold":144,"neow_bonus":"BOSS_RELIC","is_daily":false,"chose_seed":false,"campfire_upgraded":0,"win_rate":0.0,"timestamp":1613452563,"path_taken":["M","?","$","?","?","E"],"items_purchased_type":[],"build_version":"2020-12-22","purchased_purges":0,"victory":false,"max_hp_per_floor":[75,75,75,75,75,75,75],"card_choices":[{"not_picked":["MadScienceMod:NowOrNever","MadScienceMod:FumeBlast"],"picked":"MadScienceMod:AcidSpray","floor":1},{"not_picked":["MadScienceMod:FlameCannon","MadScienceMod:ShrinkRay"],"picked":"MadScienceMod:Detonate","floor":2},{"not_picked":["MadScienceMod:Reconstitute","MadScienceMod:EnergyBarrier"],"picked":"MadScienceMod:Sprocket","floor":5}],"player_experience":416209,"relics_obtained":[],"event_choices":[{"cards_removed":["MadScienceMod:AcidSpray"],"damage_healed":0,"gold_gain":0,"player_choice":"Took Card","damage_taken":0,"max_hp_gain":0,"max_hp_loss":0,"event_name":"NoteForYourself","floor":4,"gold_loss":0,"cards_obtained":["blackbeard:TheDrunkenSailor"]}],"is_beta":false,"boss_relics":[],"items_purged_floors":[],"is_endless":false,"potions_floor_spawned":[5],"killed_by":"3 Sentries","ascension_level":0}}