{"host":"y4fuci1jk2rsxnep","time":1613515918,"event":{"mods":["AchievementEnabler","BaseMod","Colored Powertips","Custom Start","Defuse TimeMaze Blight","Dio Mod","Downfall","Hermit","Hero for Fun","Hubris","Hunter ??","Infinite Spire","Minty Spire (QoL Compilation)","Quick Restart","Reliquary","Remove Card Discount Mod","Replay The Spire","StSLib","The Blackbeard","The Bug Knight","The Mystic","The Runesmith"],"gold_per_floor":[15,15,15,25,25,50,50,50,76,76,89,89,100,113,113,215,315,330,95,107,107],"floor_reached":20,"language":"ENG","playtime":1580,"items_purged":[],"score":189,"play_id":"c160ae60-e98b-4dc1-9763-5ff4c4908470","local_time":"20210216235158","is_ascension_mode":true,"campfire_choices":[{"data":"hermit:Determination","floor":7,"key":"SMITH"},{"floor":10,"key":"REST"},{"data":"hermit:Brawl","floor":12,"key":"SMITH"},{"floor":15,"key":"REST"}],"circlet_count":0,"master_deck":["hermit:Strike_Hermit","hermit:Strike_Hermit","hermit:Strike_Hermit","hermit:Strike_Hermit","hermit:Defend_Hermit","hermit:Defend_Hermit","hermit:Defend_Hermit","hermit:Defend_Hermit","hermit:Snapshot","hermit:Covet","hermit:Brawl+1","hubris:Wrath","hermit:LuckOfTheDraw","hermit:Determination+1","hermit:Dive+1","hermit:GoldenBullet","hermit:GoldenBullet","hermit:BodyArmor+1","hermit:Spite","hermit:Spite+1","hermit:ShadowCloak"],"relics":["hermit:Momento","Toxic Egg 2","Runesmith:AutoHammer","Replay:Wanted Poster","Replay:Bandana"],"acts_visited":["Exordium","TheCity"],"potions_floor_usage":[16,16,20],"damage_taken":[{"damage":2,"enemies":"Jaw Worm","floor":1,"turns":3},{"damage":11,"enemies":"Cultist","floor":4,"turns":4},{"damage":45,"enemies":"Lagavulin","floor":6,"turns":9},{"damage":1,"enemies":"2 Louse","floor":11,"turns":3},{"damage":2,"enemies":"Red Slaver","floor":13,"turns":4},{"damage":0,"enemies":"Blue Slaver","floor":14,"turns":3},{"damage":8,"enemies":"Slime Boss","floor":16,"turns":9},{"damage":11,"enemies":"Shell Parasite","floor":18,"turns":7},{"damage":64,"enemies":"3 Byrds","floor":20,"turns":6}],"seed_played":"-6954605867606148935","potions_obtained":[{"floor":6,"key":"Strength Potion"},{"floor":13,"key":"Dexterity Potion"},{"floor":16,"key":"Swift Potion"}],"is_trial":false,"path_per_floor":["M","?","$","M","?","E","R","?","T","R","M","R","M","M","R","B",null,"M","$","M"],"character_chosen":"HERMIT","items_purchased":["Replay:Bandana","hermit:ShadowCloak"],"campfire_rested":2,"item_purchase_floors":[19,19],"current_hp_per_floor":[73,73,73,62,62,17,17,17,17,39,38,38,36,36,58,50,75,64,64,0,0],"gold":107,"neow_bonus":"THREE_RARE_CARDS","is_daily":false,"chose_seed":false,"campfire_upgraded":2,"win_rate":0.0,"timestamp":1613515918,"path_taken":["M","?","?","?","?","E","R","?","T","R","?","R","M","?","R","BOSS","M","?","M"],"items_purchased_type":["Relic","Card"],"build_version":"2020-12-22","purchased_purges":0,"victory":false,"max_hp_per_floor":[75,75,75,75,75,75,75,75,75,75,75,75,75,75,75,75,75,75,75,75,75],"card_choices":[{"not_picked":["hermit:Purgatory","hermit:Gambit"],"picked":"hermit:EternalForm","floor":0},{"not_picked":["hermit:Vantage","hermit:Quickdraw"],"picked":"hermit:Brawl","floor":1},{"not_picked":["hermit:GoldenBullet","hermit:Dive"],"picked":"hermit:LuckOfTheDraw","floor":4},{"not_picked":["hermit:EyeOfTheStorm+1","hermit:Gambit+1"],"picked":"hermit:Dive+1","floor":6},{"not_picked":["hermit:Scavenge+1","hermit:LowProfile+1"],"picked":"hermit:GoldenBullet","floor":11},{"not_picked":["hermit:Glare+1","hermit:Manifest+1"],"picked":"hermit:BodyArmor+1","floor":13},{"not_picked":["hermit:LowProfile+1","hermit:Cheat+1"],"picked":"hermit:Spite","floor":14},{"not_picked":["hermit:GhostlyPresence+1","hermit:Feint+1"],"picked":"hermit:Spite+1","floor":18}],"player_experience":620046,"relics_obtained":[{"floor":6,"key":"Toxic Egg 2"},{"floor":9,"key":"Runesmith:AutoHammer"}],"event_choices":[{"damage_healed":0,"gold_gain":0,"player_choice":"1 cards matched","damage_taken":0,"max_hp_gain":0,"max_hp_loss":0,"event_name":"Match and Keep!","floor":2,"gold_loss":0,"cards_obtained":["hubris:Wrath"]},{"damage_healed":0,"gold_gain":0,"cards_transformed":["hermit:EternalForm"],"player_choice":"Transformed","damage_taken":0,"max_hp_gain":0,"max_hp_loss":0,"event_name":"Transmorgrifier","floor":8,"gold_loss":0,"cards_obtained":["hermit:GoldenBullet"]}],"is_beta":false,"boss_relics":[{"not_picked":["hubris:CrackedHourglass","hermit:BartenderGlass"],"picked":"Replay:Wanted Poster"}],"items_purged_floors":[],"is_endless":false,"potions_floor_spawned":[6,13,16],"killed_by":"3 Byrds","ascension_level":2}}