{"host":"1a9bbjeis3rg03b1","time":1613502981,"event":{"mods":["Act Like it!","BaseMod","Gensokyo","Googly Eyes","Hermit","Mimic Mod","Minty Spire (QoL Compilation)","Morshu Shopkeeper","Reliquary","Replay The Spire","StSLib","The Administrix","The Disciple","The Jungle","The Poker Player","The Servant 0.9.4","Wide Potions","everything is the same but u backflip on backflip"],"gold_per_floor":[110,285,245,263,281,281,281],"floor_reached":6,"language":"ENG","playtime":855,"items_purged":[],"score":36,"play_id":"3a0d9e79-9e68-4374-a79e-cb0a2dbcec4d","local_time":"20210216121621","is_ascension_mode":false,"campfire_choices":[],"circlet_count":0,"master_deck":["Strike_S+1","Strike_S","Strike_S","Strike_S","Defend_S","Defend_S","Defend_S","Defend_S","KidneyShot","Exchange","Ricochet","Doubt","Ricochet","TimeWarp"],"relics":["Uniform"],"acts_visited":["Exordium"],"potions_floor_usage":[],"damage_taken":[{"damage":2,"enemies":"Small Slimes","floor":1,"turns":4},{"damage":0,"enemies":"Cultist","floor":4,"turns":3},{"damage":3,"enemies":"Jaw Worm","floor":5,"turns":4},{"damage":39,"enemies":"Lagavulin","floor":6,"turns":7}],"seed_played":"4644786185267137382","potions_obtained":[{"floor":3,"key":"Energy Potion"},{"floor":3,"key":"Ancient Potion"}],"is_trial":false,"path_per_floor":["M","?","?","M","M","E"],"character_chosen":"THE_SERVANT","items_purchased":[],"campfire_rested":0,"item_purchase_floors":[],"current_hp_per_floor":[63,63,63,63,60,21,21],"gold":281,"neow_bonus":"RANDOM_EVENT","is_daily":false,"chose_seed":false,"campfire_upgraded":0,"win_rate":0.0,"timestamp":1613502981,"path_taken":["M","?","?","?","?","E"],"items_purchased_type":[],"build_version":"2020-12-22","purchased_purges":0,"victory":false,"max_hp_per_floor":[65,65,65,65,65,65,65],"card_choices":[{"not_picked":["Defy","FastForward"],"picked":"Ricochet","floor":1},{"not_picked":["RealityMarble","Potential"],"picked":"Ricochet","floor":4},{"not_picked":["Replace","Read"],"picked":"TimeWarp","floor":5}],"player_experience":708021,"relics_obtained":[],"event_choices":[{"damage_healed":0,"gold_gain":175,"player_choice":"AGREE","damage_taken":0,"max_hp_gain":0,"max_hp_loss":0,"event_name":"Liars Game","floor":2,"gold_loss":0,"cards_obtained":["Doubt"]},{"damage_healed":0,"gold_gain":0,"player_choice":"Bought 3 Potions","damage_taken":0,"max_hp_gain":0,"max_hp_loss":0,"event_name":"The Woman in Blue","floor":3,"gold_loss":0}],"is_beta":false,"boss_relics":[],"items_purged_floors":[],"is_endless":false,"potions_floor_spawned":[5],"killed_by":"Lagavulin","ascension_level":0}}