{"host":"ix07nhfx4o3nf6kx","time":1613473402,"event":{"mods":["BaseMod","Hermit","Minty Spire (QoL Compilation)","StSLib","The Bug Knight","The Cursed","The Dragon Tamer","The Hierophant","The Jungle","The Runesmith"],"gold_per_floor":[109,125,137,137,151,151,174,150,150,150,170,193,212,230,230,358,358,371,371,386,399,117,117,117,117,192,206,62,86,13,36,36,36,36],"floor_reached":33,"language":"KOR","playtime":3347,"items_purged":[],"score":265,"play_id":"43a31428-dd0b-46e9-ae89-be771a921c2e","local_time":"20210216200322","is_ascension_mode":false,"campfire_choices":[{"data":"Metamorphosis","floor":6.0,"key":"SMITH"},{"data":"HollowMod:SlysStrikes","floor":15.0,"key":"SMITH"},{"floor":23,"key":"REST"},{"floor":32,"key":"REST"}],"circlet_count":0,"master_deck":["HollowMod:NailStrikeStart","HollowMod:NailStrikeStart","HollowMod:NailStrikeStart","HollowMod:QuickDashStart","HollowMod:QuickDashStart","HollowMod:QuickDashStart","HollowMod:QuickDashStart","HollowMod:FocusHealStart","HollowMod:PogoStrike","Metamorphosis+1","HollowMod:HeavyBlow","HollowMod:CycloneSlash","HollowMod:DashSlash","HollowMod:SlysStrikes+1","HollowMod:GoodIntentions","HollowMod:CycloneSlash","HollowMod:HowlingWraiths","HollowMod:RecoilStrike","HollowMod:CloakDash","HollowMod:SiblingsSouls","HollowMod:AwokenDreamNail","HollowMod:HeavyBlow","HollowMod:GrimmsGift+1","HollowMod:HeavyBlow","Bandage Up","HollowMod:CycloneSlash","HollowMod:CloakDash+1","HollowMod:MonomonsArchive+1"],"relics":["HollowMod:VesselMask","Golden Idol","HollowMod:LumaflyLanternRelic","SacredBark","Dream Catcher","Blue Candle","Anchor"],"acts_visited":["Exordium","TheCity"],"potions_floor_usage":[20,20,20,24,31,31],"damage_taken":[{"damage":5.0,"enemies":"Jaw Worm","floor":1.0,"turns":4.0},{"damage":7.0,"enemies":"Small Slimes","floor":2.0,"turns":4.0},{"damage":1.0,"enemies":"Cultist","floor":3.0,"turns":3.0},{"damage":8.0,"enemies":"Red Slaver","floor":5.0,"turns":4.0},{"damage":10.0,"enemies":"Gremlin Gang","floor":7.0,"turns":4.0},{"damage":16.0,"enemies":"Large Slime","floor":11.0,"turns":5.0},{"damage":8.0,"enemies":"Exordium Thugs","floor":12.0,"turns":4.0},{"damage":13.0,"enemies":"3 Louse","floor":13.0,"turns":3.0},{"damage":7.0,"enemies":"Large Slime","floor":14.0,"turns":5.0},{"damage":18.0,"enemies":"Hexaghost","floor":16.0,"turns":7.0},{"damage":10,"enemies":"Chosen","floor":18,"turns":5},{"damage":3,"enemies":"2 Thieves","floor":20,"turns":4},{"damage":53,"enemies":"Sentry and Sphere","floor":21,"turns":7},{"damage":25,"enemies":"Gremlin Leader","floor":24,"turns":5},{"damage":17,"enemies":"Chosen and Byrds","floor":27,"turns":6},{"damage":33,"enemies":"Centurion and Healer","floor":29,"turns":9},{"damage":26,"enemies":"Sentry and Sphere","floor":31,"turns":4},{"damage":68,"enemies":"Automaton","floor":33,"turns":6}],"seed_played":"7012734795022266749","potions_obtained":[{"floor":2.0,"key":"SkillPotion"},{"floor":5.0,"key":"Regen Potion"},{"floor":12.0,"key":"LiquidBronze"},{"floor":13.0,"key":"Weak Potion"},{"floor":16.0,"key":"BlessingOfTheForge"},{"floor":19,"key":"PowerPotion"},{"floor":19,"key":"Energy Potion"},{"floor":19,"key":"Fire Potion"},{"floor":21,"key":"SmokeBomb"},{"floor":29,"key":"ColorlessPotion"}],"is_trial":false,"path_per_floor":["M","M","M","?","M","R","M","$","T","?","M","M","M","M","R","B",null,"M","?","M","M","$","R","E","?","T","M","$","M","$","M","R","B"],"character_chosen":"THE_BUGKNIGHT","items_purchased":["HollowMod:CycloneSlash","Dream Catcher","Bandage Up","HollowMod:SoulEater","Anchor","Regen Potion"],"campfire_rested":2,"item_purchase_floors":[8,22,22,22,28,30],"current_hp_per_floor":[55,58,63,45,43,43,33,33,33,33,23,33,26,25,25,13,75,65,65,62,19,19,41,26,75,75,64,64,41,41,29,51,0,0],"gold":36,"neow_bonus":"RANDOM_COLORLESS_2","is_daily":false,"chose_seed":false,"campfire_upgraded":2,"win_rate":0.0,"timestamp":1613473402,"path_taken":["M","M","M","?","M","R","M","$","T","?","M","M","?","M","R","BOSS","M","?","M","?","$","R","E","?","T","M","$","M","?","M","R","BOSS"],"items_purchased_type":["Card","Relic","Card","Card","Relic","Potion"],"build_version":"2020-12-22","purchased_purges":0,"victory":false,"max_hp_per_floor":[75,75,75,75,75,75,75,75,75,75,75,75,75,75,75,75,75,75,75,75,75,75,75,75,75,75,75,75,75,75,75,75,75,75],"card_choices":[{"not_picked":["Chrysalis","Thinking Ahead"],"picked":"Metamorphosis","floor":0.0},{"not_picked":["HollowMod:ChannelNail","HollowMod:QuirrelsAssistance"],"picked":"HollowMod:HeavyBlow","floor":1.0},{"not_picked":["HollowMod:ChannelNail","HollowMod:DescendingDark"],"picked":"HollowMod:CycloneSlash","floor":2.0},{"not_picked":["HollowMod:NewJinnsSoul","HollowMod:LifebloodCocoon"],"picked":"HollowMod:DashSlash","floor":3.0},{"not_picked":["HollowMod:DescendingDark","HollowMod:SiblingsSouls"],"picked":"HollowMod:SlysStrikes","floor":5.0},{"not_picked":["HollowMod:VengefulVoid","HollowMod:ShadowDash"],"picked":"HollowMod:GoodIntentions","floor":7.0},{"not_picked":["HollowMod:CycloneSlash","HollowMod:NewJinnsSoul"],"picked":"HollowMod:HowlingWraiths","floor":11.0},{"not_picked":["HollowMod:VengefulVoid","HollowMod:DescendingDark"],"picked":"HollowMod:RecoilStrike","floor":12.0},{"not_picked":["HollowMod:DashSlash","HollowMod:SoulSplash"],"picked":"HollowMod:CloakDash","floor":13.0},{"not_picked":["HollowMod:FallenFury","HollowMod:SoulVessel"],"picked":"HollowMod:SiblingsSouls","floor":14.0},{"not_picked":["HollowMod:SoulMaster","HollowMod:HerrahsAnger"],"picked":"HollowMod:AwokenDreamNail","floor":16.0},{"not_picked":["HollowMod:WraithStrike","HollowMod:CloakDash"],"picked":"HollowMod:HeavyBlow","floor":18},{"not_picked":["HollowMod:CornifersMapStart","HollowMod:ShadowDash"],"picked":"HollowMod:GrimmsGift+1","floor":20},{"not_picked":["HollowMod:SharpenedShadows","HollowMod:DashSlash"],"picked":"HollowMod:HeavyBlow","floor":21},{"not_picked":["HollowMod:DescendingDark","HollowMod:VengefulVoid"],"picked":"HollowMod:CycloneSlash","floor":23},{"not_picked":["HollowMod:BlackTendrils+1","HollowMod:NewLittleFool"],"picked":"HollowMod:CloakDash+1","floor":27},{"not_picked":["HollowMod:TaintedHusks","HollowMod:InfectedAttack","HollowMod:SiblingsSouls"],"picked":"SKIP","floor":29},{"not_picked":["HollowMod:SoulMaster","HollowMod:SiblingsSouls","HollowMod:BrokenVessel"],"picked":"SKIP","floor":31},{"not_picked":["HollowMod:InfectionAssault+1","HollowMod:InfectedCysts"],"picked":"HollowMod:MonomonsArchive+1","floor":32}],"player_experience":313129,"relics_obtained":[{"floor":9.0,"key":"HollowMod:LumaflyLanternRelic"},{"floor":26,"key":"Blue Candle"}],"event_choices":[{"damage_healed":0.0,"max_hp_gain":0.0,"max_hp_loss":0.0,"gold_gain":0.0,"event_name":"Golden Idol","player_choice":"Take Damage","floor":4.0,"gold_loss":0.0,"damage_taken":18.0,"relics_obtained":["Golden Idol"]},{"cards_removed":["HollowMod:NailStrikeStart"],"damage_healed":0.0,"max_hp_gain":0.0,"max_hp_loss":0.0,"gold_gain":0.0,"event_name":"Purifier","player_choice":"Purged","floor":10.0,"gold_loss":0.0,"damage_taken":0.0},{"damage_healed":0,"gold_gain":0,"player_choice":"Got Potions","damage_taken":0,"max_hp_gain":0,"max_hp_loss":0,"event_name":"Lab","floor":19,"gold_loss":0},{"cards_removed":["HollowMod:SoulEater"],"damage_healed":49,"gold_gain":0,"player_choice":"Offered Uncommon","damage_taken":0,"max_hp_gain":0,"max_hp_loss":0,"event_name":"Bonfire Elementals","floor":25,"gold_loss":0}],"is_beta":false,"boss_relics":[{"not_picked":["Runic Pyramid","Runic Dome"],"picked":"SacredBark"}],"items_purged_floors":[],"is_endless":false,"potions_floor_spawned":[2,5,12,13,16,21,29],"killed_by":"Automaton","ascension_level":0}}