{"host":"Luke","time":1613480747,"event":{"mods":["BaseMod","Downfall","Hermit","Minty Spire (QoL Compilation)","StSLib"],"gold_per_floor":[114,124,134,209,289,289,305,305,305,339,339,353,7,7,7,208,208,302,242,295,295,48,48,48,68,68,68,129,129,129,148,148,277,277,291,291,302,67,67,122,344,344,344,411,423,451,505,527,539,551,563,575,37,37,37],"floor_reached":54,"language":"ENG","playtime":4187,"items_purged":["downfall:Bewildered"],"score":776,"play_id":"3a4a8174-920b-4385-8633-b7206469445c","local_time":"20210216130547","is_ascension_mode":true,"campfire_choices":[{"floor":6,"key":"RECALL"},{"floor":8,"key":"REST"},{"floor":11,"key":"REST"},{"data":"HandOfGreed","floor":15,"key":"SMITH"},{"floor":23,"key":"REST"},{"floor":30,"key":"REST"},{"floor":32,"key":"REST"},{"floor":42,"key":"REST"},{"floor":49,"key":"REST"},{"floor":52,"key":"REST"}],"circlet_count":0,"master_deck":["hermit:Defend_Hermit","hermit:Defend_Hermit","hermit:Defend_Hermit","hermit:Defend_Hermit","hermit:Snapshot","hermit:Covet","hermit:EternalForm","hermit:EyeOfTheStorm","hermit:FlashPowder","hermit:Glare","hermit:GhostlyPresence+1","hermit:Dive+1","hermit:EternalForm","HandOfGreed+1","hermit:Adapt","hermit:Dive+1","hermit:Roulette+1","hermit:Dissolve+1","hermit:BigShot","hermit:Dive+1","hermit:FatalDesire","Slimebound:Tackle+1","Slimebound:Tackle+1","Slimebound:Tackle+1","Decay","hermit:Virtue+1","hermit:EyeOfTheStorm+1","Apotheosis+1","hermit:Maintenance+1","Writhe","hermit:Quickdraw+1","hermit:ShadowCloak+1","hermit:EternalForm","hermit:BodyArmor+1"],"relics":["hermit:ClaspedLocket","Toxic Egg 2","Ornamental Fan","DollysMirror","Red Mask","sneckomod:BabySnecko","hermit:DentedPlate","Kunai","MawBank","Potion Belt","Strawberry","ClockworkSouvenir"],"acts_visited":["Exordium","TheCity","TheBeyond","TheEnding"],"potions_floor_usage":[2,16,28,31,33,46,47,48,54,54,54],"damage_taken":[{"damage":0,"enemies":"2 Louse","floor":1,"turns":3},{"damage":1,"enemies":"Jaw Worm","floor":2,"turns":3},{"damage":15,"enemies":"Small Slimes","floor":3,"turns":5},{"damage":0,"enemies":"3 Louse","floor":7,"turns":4},{"damage":30,"enemies":"Gremlin Nob","floor":10,"turns":5},{"damage":2,"enemies":"Exordium Wildlife","floor":12,"turns":6},{"damage":2,"enemies":"Slime Boss","floor":16,"turns":16},{"damage":9,"enemies":"3 Byrds","floor":18,"turns":10},{"damage":17,"enemies":"2 Thieves","floor":19,"turns":4},{"damage":38,"enemies":"Masked Bandits","floor":20,"turns":7},{"damage":14,"enemies":"Snecko","floor":25,"turns":7},{"damage":2,"enemies":"3 Cultists","floor":28,"turns":6},{"damage":0,"enemies":"Snake Plant","floor":31,"turns":5},{"damage":13,"enemies":"Collector","floor":33,"turns":10},{"damage":9,"enemies":"3 Darklings","floor":35,"turns":8},{"damage":1,"enemies":"Orb Walker","floor":37,"turns":4},{"damage":11,"enemies":"Giant Head","floor":40,"turns":9},{"damage":51,"enemies":"Reptomancer","floor":44,"turns":13},{"damage":0,"enemies":"Transient","floor":46,"turns":5},{"damage":31,"enemies":"3 Darklings","floor":47,"turns":9},{"damage":11,"enemies":"Maw","floor":48,"turns":11},{"damage":4,"enemies":"Time Eater","floor":50,"turns":19},{"damage":102,"enemies":"Shield and Spear","floor":54,"turns":12}],"seed_played":"4477231766103996046","potions_obtained":[{"floor":1,"key":"Explosive Potion"},{"floor":12,"key":"sneckomod:MuddlingPotion"},{"floor":25,"key":"FearPotion"},{"floor":28,"key":"SteroidPotion"},{"floor":31,"key":"DuplicationPotion"},{"floor":44,"key":"Fire Potion"},{"floor":46,"key":"PowerPotion"},{"floor":47,"key":"SkillPotion"},{"floor":48,"key":"SteroidPotion"}],"is_trial":false,"path_per_floor":["M","M","M","?","?","R","M","R","T","E","R","M","$","$","R","B",null,"M","M","?","?","$","R","?","M","T","?","M","?","R","M","R","B",null,"M","$","M","$","?","E","?","R","T","E","?","M","M","M","R","B",null,"R","$","E"],"character_chosen":"HERMIT","items_purchased":["DollysMirror","HandOfGreed","hermit:Dissolve+1","hermit:BigShot","hermit:Dive+1","Apotheosis+1","hermit:Maintenance+1","Strawberry","ClockworkSouvenir","hermit:Tonic","Ancient Potion","Weak Potion"],"campfire_rested":8,"item_purchase_floors":[13,13,22,22,22,38,38,53,53,53,53,53],"current_hp_per_floor":[68,67,52,41,41,41,41,61,61,31,51,49,49,49,49,47,68,59,42,4,4,4,24,24,10,10,10,8,8,28,29,49,37,69,62,62,61,61,86,78,78,100,100,52,52,53,25,17,47,54,54,84,91,0,0],"gold":37,"neow_bonus":"THREE_RARE_CARDS","is_daily":false,"chose_seed":false,"campfire_upgraded":1,"win_rate":0.0,"timestamp":1613480747,"path_taken":["M","M","M","?","?","R","M","R","T","E","R","M","?","$","R","BOSS","M","M","?","?","?","R","?","M","T","?","M","?","R","?","R","BOSS","M","$","M","$","?","E","?","R","T","E","?","M","M","M","R","BOSS","R","$","E"],"items_purchased_type":["Relic","Card","Card","Card","Card","Card","Card","Relic","Relic","Potion","Potion","Potion"],"build_version":"2020-12-18","purchased_purges":1,"victory":false,"max_hp_per_floor":[68,68,68,68,68,68,68,68,68,68,68,68,68,68,68,68,68,68,68,68,68,68,68,68,68,68,68,68,68,68,68,68,68,100,100,100,100,100,100,100,100,100,100,100,100,100,100,100,100,100,100,100,107,107,107],"card_choices":[{"not_picked":["hermit:HeroicBravado","hermit:FromBeyond"],"picked":"hermit:EternalForm","floor":0},{"not_picked":["hermit:TakeCover","hermit:Misfire"],"picked":"hermit:EyeOfTheStorm","floor":1},{"not_picked":["hermit:SprayPray","hermit:LowProfile","hermit:Ricochet"],"picked":"SKIP","floor":2},{"not_picked":["hermit:SprayPray","hermit:Determination"],"picked":"hermit:FlashPowder","floor":3},{"not_picked":["hermit:Desperado","hermit:Roulette"],"picked":"hermit:Glare","floor":7},{"not_picked":["hermit:Brawl","hermit:Spite"],"picked":"hermit:GhostlyPresence+1","floor":10},{"not_picked":["hermit:ItchyTrigger","hermit:Feint+1"],"picked":"hermit:Dive+1","floor":12},{"not_picked":["hermit:FinalCanter","hermit:BlackWind"],"picked":"hermit:Adapt","floor":16},{"not_picked":["hermit:Glare+1","hermit:Feint+1"],"picked":"hermit:Dive+1","floor":18},{"not_picked":["hermit:LoneWolf+1","hermit:Grudge"],"picked":"hermit:Roulette+1","floor":19},{"not_picked":["hermit:Headshot+1","hermit:Manifest+1"],"picked":"hermit:FatalDesire","floor":25},{"not_picked":["hermit:Feint+1","hermit:Roulette","hermit:ItchyTrigger"],"picked":"SKIP","floor":28},{"not_picked":["hermit:Enervate","hermit:Grudge+1"],"picked":"hermit:Virtue+1","floor":31},{"not_picked":["hermit:Roulette","hermit:SprayPray+1","hermit:Snipe+1"],"picked":"SKIP","floor":35},{"not_picked":["hermit:Snipe+1","hermit:GoldenBullet+1"],"picked":"hermit:EyeOfTheStorm+1","floor":37},{"not_picked":["hermit:Brawl","hermit:NoHoldsBarred","hermit:SprayPray+1"],"picked":"SKIP","floor":40},{"not_picked":["hermit:Feint+1","hermit:Coalescence+1"],"picked":"hermit:Quickdraw+1","floor":44},{"not_picked":["hermit:Determination+1","hermit:LowProfile+1"],"picked":"hermit:ShadowCloak+1","floor":46},{"not_picked":["hermit:Ricochet+1","hermit:Glare+1"],"picked":"hermit:EternalForm","floor":47},{"not_picked":["hermit:Desperado","hermit:Ricochet+1"],"picked":"hermit:BodyArmor+1","floor":48}],"player_experience":746688,"relics_obtained":[{"floor":9,"key":"Toxic Egg 2"},{"floor":10,"key":"Ornamental Fan"},{"floor":20,"key":"Red Mask"},{"floor":40,"key":"Kunai"},{"floor":43,"key":"MawBank"},{"floor":44,"key":"Potion Belt"}],"event_choices":[{"damage_healed":0,"gold_gain":75,"player_choice":"Gather Gold","damage_taken":11,"max_hp_gain":0,"max_hp_loss":0,"event_name":"World of Goop","floor":4,"gold_loss":0},{"damage_healed":0,"gold_gain":80,"player_choice":"Gained Gold","damage_taken":0,"max_hp_gain":0,"max_hp_loss":0,"event_name":"Golden Wing","floor":5,"gold_loss":0},{"damage_healed":0,"gold_gain":0,"player_choice":"Fought Bandits","damage_taken":0,"max_hp_gain":0,"max_hp_loss":0,"event_name":"Masked Bandits","floor":20,"gold_loss":0},{"damage_healed":0,"gold_gain":0,"player_choice":"Ignored","damage_taken":0,"max_hp_gain":0,"max_hp_loss":0,"event_name":"Cursed Tome","floor":21,"gold_loss":0},{"damage_healed":0,"gold_gain":0,"player_choice":"Smashed Altar","damage_taken":0,"max_hp_gain":0,"max_hp_loss":0,"event_name":"Forgotten Altar","floor":29,"gold_loss":0,"cards_obtained":["Decay"]},{"damage_healed":25,"gold_gain":0,"player_choice":"Writhe","damage_taken":0,"max_hp_gain":0,"max_hp_loss":0,"event_name":"Winding Halls","floor":39,"gold_loss":0,"cards_obtained":["Writhe"]},{"damage_healed":0,"gold_gain":222,"player_choice":"Wore Mask","damage_taken":0,"max_hp_gain":0,"max_hp_loss":0,"event_name":"Tomb of Lord Red Mask","floor":41,"gold_loss":0},{"damage_healed":0,"gold_gain":0,"player_choice":"Ignored","damage_taken":0,"max_hp_gain":0,"max_hp_loss":0,"event_name":"Mysterious Sphere","floor":45,"gold_loss":0}],"is_beta":true,"boss_relics":[{"not_picked":["Ectoplasm","Calling Bell"],"picked":"hermit:ClaspedLocket"},{"not_picked":["Empty Cage","Coffee Dripper"],"picked":"hermit:DentedPlate"}],"items_purged_floors":[53],"is_endless":false,"potions_floor_spawned":[1,12,25,28,31,44,46,47,48],"killed_by":"Shield and Spear","ascension_level":1}}