{"host":"z4iprxz8g4dzc1hs","time":1613504104,"event":{"mods":["BaseMod","Colored Powertips","Minty Spire (QoL Compilation)"],"gold_per_floor":[118,118,134,134,134,162,172,197,223,45,65,75,92,121,121,218,218,233,233,251,283,60,85,117,117,171,18,44,61,88,103,103,103,103],"floor_reached":33,"language":"ENG","playtime":3008,"items_purged":["Strike_R"],"score":494,"play_id":"7a5f2161-ab61-4c44-9ab0-1b0619b5ce5a","local_time":"20210216143504","is_ascension_mode":true,"campfire_choices":[{"data":"Armaments","floor":15,"key":"SMITH"},{"floor":25,"key":"REST"},{"data":"Inflame","floor":32,"key":"SMITH"}],"circlet_count":0,"master_deck":["Strike_R","Strike_R","Strike_R","Defend_R","Defend_R","Defend_R","Defend_R","Bash","Bloodletting","Spot Weakness","Shrug It Off","Anger","Armaments+1","Rage","Heavy Blade","Shrug It Off","Shockwave","Corruption","CurseOfTheBell","True Grit+1","Feed","Hemokinesis","Havoc+1","Juggernaut","Inflame+1","Sword Boomerang","Seeing Red+1"],"relics":["Burning Blood","Bag of Preparation","Anchor","Pear","Strawberry","Happy Flower","Charon\u0027s Ashes","Calling Bell","Boot","Sundial","WingedGreaves","Red Mask","PreservedInsect","Pantograph","Nunchaku","Omamori","Question Card","Eternal Feather"],"acts_visited":["Exordium","TheCity"],"potions_floor_usage":[7,8,14,16,16,23,24,29,33],"damage_taken":[{"damage":1,"enemies":"2 Louse","floor":1,"turns":3},{"damage":5,"enemies":"Jaw Worm","floor":3,"turns":3},{"damage":47,"enemies":"Lagavulin","floor":6,"turns":8},{"damage":0,"enemies":"Small Slimes","floor":7,"turns":3},{"damage":38,"enemies":"Gremlin Nob","floor":8,"turns":4},{"damage":4,"enemies":"Looter","floor":11,"turns":2},{"damage":6,"enemies":"Exordium Wildlife","floor":12,"turns":4},{"damage":8,"enemies":"Large Slime","floor":13,"turns":6},{"damage":7,"enemies":"3 Sentries","floor":14,"turns":6},{"damage":38,"enemies":"Slime Boss","floor":16,"turns":10},{"damage":21,"enemies":"3 Byrds","floor":18,"turns":5},{"damage":11,"enemies":"Spheric Guardian","floor":20,"turns":4},{"damage":24,"enemies":"Masked Bandits","floor":21,"turns":5},{"damage":23,"enemies":"Book of Stabbing","floor":23,"turns":5},{"damage":19,"enemies":"Gremlin Leader","floor":24,"turns":4},{"damage":19,"enemies":"Book of Stabbing","floor":28,"turns":4},{"damage":15,"enemies":"Cultist and Chosen","floor":29,"turns":5},{"damage":2,"enemies":"Gremlin Leader","floor":30,"turns":5},{"damage":33,"enemies":"Snake Plant","floor":31,"turns":5},{"damage":55,"enemies":"Collector","floor":33,"turns":6}],"seed_played":"-4935325574719376582","potions_obtained":[{"floor":3,"key":"FearPotion"},{"floor":6,"key":"FearPotion"},{"floor":7,"key":"BloodPotion"},{"floor":11,"key":"PowerPotion"},{"floor":14,"key":"AttackPotion"},{"floor":16,"key":"SneckoOil"},{"floor":23,"key":"DistilledChaos"},{"floor":24,"key":"SneckoOil"},{"floor":29,"key":"ElixirPotion"},{"floor":31,"key":"GamblersBrew"}],"is_trial":false,"path_per_floor":["M","?","M","?","?","E","M","E","T","$","M","M","M","E","R","B",null,"M","?","M","?","$","E","E","R","T","$","E","M","E","M","R","B"],"character_chosen":"IRONCLAD","items_purchased":["Happy Flower","Armaments","PreservedInsect","Hemokinesis","Inflame"],"campfire_rested":1,"item_purchase_floors":[10,10,22,22,27],"current_hp_per_floor":[88,93,93,86,74,33,39,35,42,42,44,44,42,41,41,9,110,95,72,67,49,49,32,19,53,53,53,40,31,35,8,23,0,0],"gold":103,"neow_bonus":"TEN_PERCENT_HP_BONUS","is_daily":false,"chose_seed":false,"campfire_upgraded":2,"win_rate":0.0,"timestamp":1613504104,"path_taken":["M","?","M","?","?","E","M","E","T","$","M","M","M","E","R","BOSS","M","?","M","?","$","E","E","R","T","$","E","M","E","M","R","BOSS"],"items_purchased_type":["Relic","Card","Relic","Card","Card"],"build_version":"2020-12-22","purchased_purges":1,"victory":false,"max_hp_per_floor":[88,93,93,93,93,93,93,103,110,110,110,110,110,110,110,110,110,110,115,115,115,115,115,115,115,115,115,115,115,115,115,115,115,115],"card_choices":[{"not_picked":["Havoc","Power Through"],"picked":"Bloodletting","floor":1},{"not_picked":["Twin Strike","Armaments"],"picked":"Spot Weakness","floor":3},{"not_picked":["Thunderclap","Bloodletting"],"picked":"Shrug It Off","floor":6},{"not_picked":["Combust","Shrug It Off"],"picked":"Anger","floor":7},{"not_picked":["Bloodletting","Body Slam","Thunderclap"],"picked":"SKIP","floor":8},{"not_picked":["Perfected Strike","Thunderclap"],"picked":"Rage","floor":11},{"not_picked":["Bloodletting","Intimidate"],"picked":"Heavy Blade","floor":12},{"not_picked":["Searing Blow","Bludgeon"],"picked":"Shrug It Off","floor":13},{"not_picked":["Havoc","Shrug It Off"],"picked":"Shockwave","floor":14},{"not_picked":["Feed","Barricade"],"picked":"Corruption","floor":16},{"not_picked":["Twin Strike","Sever Soul"],"picked":"True Grit+1","floor":18},{"not_picked":["Iron Wave","Havoc","Clothesline"],"picked":"SKIP","floor":20},{"not_picked":["Iron Wave","Havoc","Clothesline"],"picked":"SKIP","floor":20},{"not_picked":["Flex","Warcry"],"picked":"Feed","floor":21},{"not_picked":["Searing Blow","Iron Wave"],"picked":"Havoc+1","floor":23},{"not_picked":["Wild Strike","Power Through"],"picked":"Juggernaut","floor":24},{"not_picked":["Body Slam","Dual Wield","Anger"],"picked":"SKIP","floor":28},{"not_picked":["Body Slam","Thunderclap","Rupture+1"],"picked":"Sword Boomerang","floor":29},{"not_picked":["Clothesline","Metallicize+1","Bludgeon"],"picked":"Seeing Red+1","floor":30},{"not_picked":["Perfected Strike+1","Iron Wave","Shrug It Off","Infernal Blade+1"],"picked":"SKIP","floor":31}],"player_experience":377511,"relics_obtained":[{"floor":6,"key":"Anchor"},{"floor":8,"key":"Pear"},{"floor":9,"key":"Strawberry"},{"floor":14,"key":"Charon\u0027s Ashes"},{"floor":17,"key":"Boot"},{"floor":17,"key":"Sundial"},{"floor":17,"key":"WingedGreaves"},{"floor":21,"key":"Red Mask"},{"floor":23,"key":"Pantograph"},{"floor":24,"key":"Nunchaku"},{"floor":26,"key":"Omamori"},{"floor":28,"key":"Question Card"},{"floor":30,"key":"Eternal Feather"}],"event_choices":[{"damage_healed":0,"gold_gain":0,"player_choice":"Donut","damage_taken":0,"max_hp_gain":5,"max_hp_loss":0,"event_name":"Big Fish","floor":2,"gold_loss":0},{"cards_removed":["Strike_R"],"damage_healed":0,"gold_gain":0,"player_choice":"Card Removal","damage_taken":7,"max_hp_gain":0,"max_hp_loss":0,"event_name":"Golden Wing","floor":4,"gold_loss":0},{"damage_healed":0,"gold_gain":0,"player_choice":"Success","damage_taken":12,"relics_obtained":["Bag of Preparation"],"max_hp_gain":0,"max_hp_loss":0,"event_name":"Scrap Ooze","floor":5,"gold_loss":0},{"damage_healed":0,"gold_gain":0,"player_choice":"Shed Blood","damage_taken":28,"max_hp_gain":5,"max_hp_loss":0,"event_name":"Forgotten Altar","floor":19,"gold_loss":0},{"damage_healed":0,"gold_gain":0,"player_choice":"Fought Bandits","damage_taken":0,"max_hp_gain":0,"max_hp_loss":0,"event_name":"Masked Bandits","floor":21,"gold_loss":0}],"is_beta":false,"boss_relics":[{"not_picked":["Empty Cage","Tiny House"],"picked":"Calling Bell"}],"items_purged_floors":[27],"is_endless":false,"potions_floor_spawned":[3,6,7,11,14,16,23,24,29,31],"killed_by":"Collector","ascension_level":4}}