{"host":"3d7yvplr5ovcyppx","time":1613438161,"event":{"mods":["AchievementEnabler","BaseMod","Hermit","Jorbs\u0027s Wanderer Trilogy","Minty Spire (QoL Compilation)","Quick Restart","Somnambulant","StSLib","The Cursed","The Disciple","The Servant 0.9.4"],"gold_per_floor":[99,99,99,99,99,99,99,99,99,99,99,99,99,99,99,99,99,54,54,54,54,54,54,54],"floor_reached":23,"language":"ENG","playtime":1425,"items_purged":[],"score":238,"play_id":"fc31d1a8-cb9a-4851-9eba-a83c84b0e1a3","local_time":"20210216064601","is_ascension_mode":false,"campfire_choices":[{"data":"Cloak And Dagger","floor":7,"key":"SMITH"},{"data":"Cloak And Dagger","floor":10,"key":"SMITH"},{"data":"Terror","floor":13,"key":"SMITH"},{"data":"Storm of Steel","floor":15,"key":"SMITH"}],"circlet_count":0,"master_deck":["Strike_G+1","Strike_G","Strike_G","Strike_G+1","Strike_G","Defend_G","Defend_G","Defend_G","Defend_G","Defend_G","Survivor","Neutralize","Endless Agony","Cloak And Dagger+1","Regret","Cloak And Dagger+1","Dagger Spray","Deflect","Terror+1","Storm of Steel+1","Die Die Die","Blade Dance","Slice","Tactician","Underhanded Strike","Tools of the Trade"],"relics":["Ectoplasm","Gremlin Horn","Smiling Mask","Pen Nib","Regal Pillow","Omamori","Black Star"],"acts_visited":["Exordium","TheCity"],"potions_floor_usage":[11,12,14,22],"damage_taken":[{"damage":0,"enemies":"Jaw Worm","floor":1,"turns":4},{"damage":0,"enemies":"Small Slimes","floor":4,"turns":3},{"damage":11,"enemies":"Lagavulin","floor":6,"turns":7},{"damage":0,"enemies":"2 Louse","floor":8,"turns":2},{"damage":1,"enemies":"Exordium Wildlife","floor":11,"turns":2},{"damage":4,"enemies":"3 Sentries","floor":12,"turns":7},{"damage":0,"enemies":"Gremlin Nob","floor":14,"turns":2},{"damage":30,"enemies":"Slime Boss","floor":16,"turns":11},{"damage":16,"enemies":"2 Thieves","floor":18,"turns":3},{"damage":11,"enemies":"Spheric Guardian","floor":19,"turns":3},{"damage":4,"enemies":"Centurion and Healer","floor":20,"turns":6},{"damage":10,"enemies":"Chosen and Byrds","floor":21,"turns":4},{"damage":23,"enemies":"Snake Plant","floor":22,"turns":3},{"damage":6,"enemies":"Slavers","floor":23,"turns":1}],"seed_played":"-6851561232484749323","potions_obtained":[{"floor":1,"key":"Ancient Potion"},{"floor":6,"key":"DistilledChaos"},{"floor":8,"key":"Dexterity Potion"},{"floor":11,"key":"GamblersBrew"},{"floor":21,"key":"LiquidBronze"}],"is_trial":false,"path_per_floor":["M","?","?","M","?","E","R","M","T","R","M","E","R","E","R","B",null,"M","M","M","M","M","E"],"character_chosen":"THE_SILENT","items_purchased":[],"campfire_rested":0,"item_purchase_floors":[],"current_hp_per_floor":[70,70,56,56,56,45,45,45,45,45,44,40,40,40,40,10,70,54,43,39,29,6,0,0],"gold":54,"neow_bonus":"BOSS_RELIC","is_daily":false,"chose_seed":false,"campfire_upgraded":4,"win_rate":0.0,"timestamp":1613438161,"path_taken":["M","?","?","M","?","E","R","M","T","R","M","E","R","E","R","BOSS","M","M","M","M","M","E"],"items_purchased_type":[],"build_version":"2020-12-22","purchased_purges":0,"victory":false,"max_hp_per_floor":[70,70,70,70,70,70,70,70,70,70,70,70,70,70,70,70,70,70,70,70,70,70,70,70],"card_choices":[{"not_picked":["Heel Hook","Accuracy"],"picked":"Endless Agony","floor":1},{"not_picked":["Blur","Underhanded Strike"],"picked":"Cloak And Dagger","floor":4},{"not_picked":["Prepared","Acrobatics"],"picked":"Cloak And Dagger","floor":6},{"not_picked":["Sucker Punch","Underhanded Strike"],"picked":"Dagger Spray","floor":8},{"not_picked":["Deadly Poison","Skewer"],"picked":"Deflect","floor":11},{"not_picked":["Well Laid Plans","Endless Agony"],"picked":"Terror","floor":12},{"not_picked":["Caltrops","Blade Dance"],"picked":"Storm of Steel","floor":14},{"not_picked":["Corpse Explosion","Doppelganger"],"picked":"Die Die Die","floor":16},{"not_picked":["Flechettes","Escape Plan"],"picked":"Blade Dance","floor":18},{"not_picked":["Flying Knee","Expertise"],"picked":"Slice","floor":19},{"not_picked":["Distraction","Backflip"],"picked":"Tactician","floor":20},{"not_picked":["Deflect","Slice+1"],"picked":"Underhanded Strike","floor":21},{"not_picked":["Cloak And Dagger","PiercingWail"],"picked":"Tools of the Trade","floor":22}],"player_experience":65879,"relics_obtained":[{"floor":6,"key":"Smiling Mask"},{"floor":9,"key":"Pen Nib"},{"floor":12,"key":"Regal Pillow"},{"floor":14,"key":"Omamori"}],"event_choices":[{"damage_healed":0,"gold_gain":0,"player_choice":"Leave","damage_taken":0,"max_hp_gain":0,"max_hp_loss":0,"event_name":"The Cleric","floor":2,"gold_loss":0},{"damage_healed":0,"gold_gain":0,"player_choice":"Entered Light","damage_taken":14,"max_hp_gain":0,"max_hp_loss":0,"event_name":"Shining Light","floor":3,"gold_loss":0,"cards_upgraded":["Strike_G","Strike_G"]},{"damage_healed":0,"gold_gain":0,"player_choice":"Box","damage_taken":0,"relics_obtained":["Gremlin Horn"],"max_hp_gain":0,"max_hp_loss":0,"event_name":"Big Fish","floor":5,"gold_loss":0,"cards_obtained":["Regret"]}],"is_beta":false,"boss_relics":[{"not_picked":["Runic Pyramid","HoveringKite"],"picked":"Black Star"}],"items_purged_floors":[],"is_endless":false,"potions_floor_spawned":[1,6,8,11,21],"killed_by":"Slavers","ascension_level":0}}