{"host":"erh089znuovh6twj","time":1613494440,"event":{"mods":["AchievementEnabler","Act Like it!","Aspiration","BaseMod","Better Note","Better Skull","Better Third Choice","BetterRewards","Defuse TimeMaze Blight","Energized Spire","Hermit","Highlight Path","Hubris","Infinite Spire","Minty Spire (QoL Compilation)","Permanent Neow","Quick Restart","Replay The Spire","StSLib","The Jungle","everything is the same but u backflip on backflip"],"gold_per_floor":[115,125,137,149,149,177,252,252,252,278,278,294,313,325,325,421,421,444,5,5,5,5,5,5,32,44,73,141,161,176,176,202,212,212,324,324,362,362,400,400,481,481,481,524,570,634,694,694,769,769,769,916,916,986,1066,1146,1238,1332,1332,1443,896,896,962,1042,1112,1196,1271,1271,1438,1438,1540,1655,1223,1316,1403,1403,1523,1523,1523,1648,1648,1765,1765,1901,1901,2133,2133,2290,2347,2347,2516,1218,1325,1436,1542,1542,1542,1545,1545],"floor_reached":98,"language":"ENG","playtime":2842,"items_purged":["hubris:Greed","hubris:Compulsion","Defragment"],"score":2682,"play_id":"99f50e57-53d5-4e43-82e7-6c33a6d725aa","local_time":"20210216115400","is_ascension_mode":true,"campfire_choices":[{"floor":8.0,"key":"REST"},{"data":"Scorching Beam","floor":15.0,"key":"SMITH"},{"floor":31.0,"key":"REST"},{"floor":34.0,"key":"DIG"},{"floor":42.0,"key":"REST"},{"data":"Mind Blast","floor":48.0,"key":"SMITH"},{"data":"infinitespire:FinalStrike","floor":51.0,"key":"SMITH"},{"data":"infinitespire:FinalStrike","floor":59.0,"key":"SMITH"},{"floor":68.0,"key":"REST"},{"data":"infinitespire:Punishment","floor":76.0,"key":"SMITH"},{"data":"Pommel Strike","floor":78.0,"key":"SMITH"},{"data":"Cleave","floor":81.0,"key":"SMITH"},{"data":"infinitespire:OneForAll","floor":83.0,"key":"SMITH"},{"data":"Sword Boomerang","floor":85.0,"key":"SMITH"}],"circlet_count":0,"master_deck":["Strike_R+1","Strike_R","Strike_R","Strike_R","Bash","Heavy Blade","Scorching Beam+1","Thunderclap","Spot Weakness+1","Thunderclap","Thunderclap","Scorching Beam","Limit Break+1","infinitespire:OneForAll+1","Apotheosis+1","infinitespire:FinalStrike+1","hubris:Fate+1","infinitespire:FinalStrike+1","Spot Weakness+1","Heavy Blade","Twin Strike","Heavy Blade+1","Flex+1","infinitespire:Execution+1","Flex+1","Sever Soul+1","Double Tap+1","Feed","Clash","Mind Blast+1","Poisoned Strike","Iron Wave","Exhume+1","Heavy Blade+1","Brutality+1","Hemokinesis","Replay:Undeath\u0027s Touch","Cleave","Pommel Strike+1","Anger","Run Through","Cleave+1","Spot Weakness+1","Warcry+1","Exhume+1","Limit Break+1","infinitespire:Punishment+1","Warcry+1","Double Tap+1","Pommel Strike","Run Through+1","Abandon+1","Sword Boomerang+1","Offering+1","Body Slam+1","Inflame+1","Thunderclap","Swift Strike","Anger+1","ReplayTheSpireMod:Strike From Hell+1","Bloodletting+1"],"relics":["Burning Blood","aspiration:Nostalgia","Iron Core","hubris:Towel","Simple Rune","Frozen Egg 2","Toxic Egg 2","Kintsugi","Brimstone","Blood Vial","DollysMirror","Meat on the Bone","Orichalcum","hubris:PeanutButter","Anchor","aspiration:Lifesprig","infinitespire:EvilPickle","energizedSpire:DecayingSkull","Paper Frog","Iron Hammer","Bag of Marbles","aspiration:StickyExplosives_weak","infinitespire:CheckeredPen","infinitespire:Burning Sword","TungstenRod","aspiration:PoetsPen_weak","Nunchaku","Unceasing Top","hubris:EmptyBottle","Potion Belt","PreservedInsect","ChewingGum","aspiration:DSix","Replay:Bandana","The Courier","Replay:Ringing Soul","infinitespire:Cupcake","Prayer Wheel","ReplayTheSpireMod:TigerMarble","ReplayTheSpireMod:Spearhead","infinitespire:Lucky Rock","Onion Ring","hubris:SlimyHat","hubris:ChampionShield","aspiration:TomeofQuesting","hubris:TenFootPole","Chameleon Ring","hubris:MedicalManual","Champion Belt"],"acts_visited":["Exordium","TheCity","TheBeyond","Exordium","TheCity","TheBeyond"],"potions_floor_usage":[88,91,94,94,98,98,98,98,98,98,98],"damage_taken":[{"damage":1.0,"enemies":"Cultist","floor":1.0,"turns":3.0},{"damage":3.0,"enemies":"2 Louse","floor":2.0,"turns":3.0},{"damage":7.0,"enemies":"Jaw Worm","floor":3.0,"turns":3.0},{"damage":10.0,"enemies":"2 Fungi Beasts","floor":4.0,"turns":3.0},{"damage":31.0,"enemies":"Lagavulin","floor":6.0,"turns":6.0},{"damage":28.0,"enemies":"Gremlin Nob","floor":10.0,"turns":4.0},{"damage":0.0,"enemies":"Exordium Wildlife","floor":12.0,"turns":2.0},{"damage":0.0,"enemies":"Exordium Thugs","floor":13.0,"turns":2.0},{"damage":22.0,"enemies":"3 Louse","floor":14.0,"turns":4.0},{"damage":47.0,"enemies":"Hexaghost","floor":16.0,"turns":9.0},{"damage":59.0,"enemies":"3 Byrds","floor":18.0,"turns":4.0},{"damage":0.0,"enemies":"Slavers","floor":25.0,"turns":1.0},{"damage":12.0,"enemies":"2 Thieves","floor":26.0,"turns":2.0},{"damage":8.0,"enemies":"Book of Stabbing","floor":27.0,"turns":3.0},{"damage":0.0,"enemies":"Cultist and Chosen","floor":29.0,"turns":3.0},{"damage":0.0,"enemies":"Snecko","floor":30.0,"turns":2.0},{"damage":0.0,"enemies":"Nightmare","floor":32.0,"turns":4.0},{"damage":6.0,"enemies":"Centurion and Healer","floor":33.0,"turns":3.0},{"damage":18.0,"enemies":"Pondfish","floor":35.0,"turns":4.0},{"damage":19.0,"enemies":"3 Darklings","floor":37.0,"turns":3.0},{"damage":1.0,"enemies":"Orb Walker","floor":39.0,"turns":2.0},{"damage":32.0,"enemies":"Maw","floor":44.0,"turns":4.0},{"damage":0.0,"enemies":"R_Hoarder","floor":46.0,"turns":2.0},{"damage":0.0,"enemies":"Spire Growth","floor":47.0,"turns":1.0},{"damage":0.0,"enemies":"Giant Head","floor":49.0,"turns":3.0},{"damage":12.0,"enemies":"hubris:GrandSnecko","floor":52.0,"turns":4.0},{"damage":0.0,"enemies":"Cultist","floor":54.0,"turns":1.0},{"damage":0.0,"enemies":"Small Slimes","floor":55.0,"turns":1.0},{"damage":0.0,"enemies":"Jaw Worm","floor":56.0,"turns":1.0},{"damage":0.0,"enemies":"2 Fungi Beasts","floor":57.0,"turns":1.0},{"damage":0.0,"enemies":"Exordium Wildlife","floor":58.0,"turns":1.0},{"damage":0.0,"enemies":"3 Sentries","floor":60.0,"turns":1.0},{"damage":0.0,"enemies":"Exordium Thugs","floor":63.0,"turns":1.0},{"damage":32.0,"enemies":"Nightmare","floor":64.0,"turns":3.0},{"damage":0.0,"enemies":"Gremlin Gang","floor":65.0,"turns":2.0},{"damage":0.0,"enemies":"3 Louse","floor":66.0,"turns":1.0},{"damage":0.0,"enemies":"Hexaghost","floor":69.0,"turns":1.0},{"damage":0.0,"enemies":"Shell Parasite","floor":71.0,"turns":1.0},{"damage":0.0,"enemies":"Chosen","floor":72.0,"turns":1.0},{"damage":0.0,"enemies":"Snecko","floor":74.0,"turns":1.0},{"damage":0.0,"enemies":"3 Cultists","floor":75.0,"turns":2.0},{"damage":0.0,"enemies":"Book of Stabbing","floor":77.0,"turns":1.0},{"damage":0.0,"enemies":"Nightmare","floor":80.0,"turns":1.0},{"damage":0.0,"enemies":"Centurion and Healer","floor":82.0,"turns":2.0},{"damage":0.0,"enemies":"Chosen and Byrds","floor":84.0,"turns":1.0},{"damage":0.0,"enemies":"Automaton","floor":86.0,"turns":1.0},{"damage":0,"enemies":"3 Shapes","floor":88,"turns":1},{"damage":0,"enemies":"2 Orb Walkers","floor":89,"turns":1},{"damage":12,"enemies":"3 Darklings","floor":91,"turns":2},{"damage":0,"enemies":"R_Hoarder","floor":93,"turns":1},{"damage":0,"enemies":"Transient","floor":94,"turns":3},{"damage":0,"enemies":"Jaw Worm Horde","floor":95,"turns":1},{"damage":141,"enemies":"Nightmare_Alpha","floor":98,"turns":3}],"seed_played":"4189494023903746629","potions_obtained":[{"floor":3.0,"key":"Swift Potion"},{"floor":6.0,"key":"SmokeBomb"},{"floor":10.0,"key":"Energy Potion"},{"floor":12.0,"key":"FairyPotion"},{"floor":13.0,"key":"Venom Potion"},{"floor":25.0,"key":"Adrenaline Potion"},{"floor":27.0,"key":"Dexterity Potion"},{"floor":32.0,"key":"LifebloodPotion"},{"floor":33.0,"key":"Elixir"},{"floor":37.0,"key":"HeartOfIron"},{"floor":44.0,"key":"ColorlessPotion"},{"floor":47.0,"key":"Elixir"},{"floor":56.0,"key":"BlessingOfTheForge"},{"floor":57.0,"key":"Weak Potion"},{"floor":63.0,"key":"Swift Potion"},{"floor":64.0,"key":"Block Potion"},{"floor":69.0,"key":"SpeedPotion"},{"floor":71.0,"key":"Ancient Potion"},{"floor":75.0,"key":"Strength Potion"},{"floor":77.0,"key":"Energy Potion"},{"floor":86.0,"key":"Swift Potion"},{"floor":94,"key":"LiquidBronze"},{"floor":95,"key":"DistilledChaos"},{"floor":97,"key":"Regen Potion"},{"floor":97,"key":"LiquidMemories"}],"is_trial":false,"path_per_floor":["M","M","M","M","?","E","?","R","T","E","?","M","M","M","R","B",null,"M","$","?","?","PTL","PTL","AVR","E","M","E","T","M","M","R","NM","M","R","B",null,"M","?","M","?","T","R","?","M","T","E","M","R","E","AVR","R","B",null,"M","M","M","M","M","R","E","$","T","M","NM","M","M","?","R","B",null,"M","M","$","M","M","R","E","R","T","NM","R","M","R","M","R","B",null,"M","?","?","M","$","E","M","M","T","R","NM"],"character_chosen":"IRONCLAD","items_purchased":["Brimstone","SkillPotion","Blood Vial","Unceasing Top","hubris:EmptyBottle","aspiration:DSix","Double Tap+1","ReplayTheSpireMod:TigerMarble","Swift Strike","ReplayTheSpireMod:Spearhead","infinitespire:Lucky Rock","Onion Ring","hubris:SlimyHat","hubris:ChampionShield","aspiration:TomeofQuesting","hubris:TenFootPole","Chameleon Ring"],"campfire_rested":4,"item_purchase_floors":[19,19,19,61,61,73,73,92,92,92,92,92,92,92,92,92,92],"current_hp_per_floor":[80,80,79,75,75,50,39,63,63,41,41,47,53,37,37,22,80,27,27,27,7,7,7,7,15,23,35,35,55,63,80,80,80,80,68,80,67,67,74,64,64,80,80,54,54,62,70,70,78,78,78,74,80,80,80,80,80,80,80,80,80,80,80,54,62,70,60,80,80,80,80,80,80,80,80,80,80,80,80,83,83,83,83,86,86,89,89,89,92,92,89,92,101,104,107,107,107,0,0],"gold":1545,"neow_bonus":"NOSTALGIA","is_daily":false,"chose_seed":false,"campfire_upgraded":9,"win_rate":0.0,"timestamp":1613494440,"path_taken":["M","M","M","?","?","E","?","R","T","E","?","M","M","M","R","BOSS","M","$","?","?","PTL","PTL","AVR","E","M","E","T","M","M","R","NM","M","R","BOSS","M","?","M","?","?","R","?","M","T","E","?","R","E","AVR","R","BOSS","M","M","?","M","M","R","E","$","T","M","NM","?","M","?","R","BOSS","M","M","$","M","M","R","E","R","T","NM","R","M","R","M","R","BOSS","M","?","?","M","$","E","?","M","T","R","NM"],"items_purchased_type":["Relic","Potion","Relic","Relic","Relic","Relic","Card","Relic","Card","Relic","Relic","Relic","Relic","Relic","Relic","Relic","Relic"],"build_version":"2020-12-22","purchased_purges":3,"victory":false,"max_hp_per_floor":[80,80,80,80,80,80,80,80,80,80,80,80,80,80,80,80,80,80,80,80,80,80,80,80,80,80,80,80,80,80,80,80,80,80,80,80,80,80,80,80,80,80,80,80,80,80,80,80,80,80,80,80,80,80,80,80,80,80,80,80,80,80,80,80,80,80,80,80,80,80,80,80,80,80,80,80,80,80,80,83,83,83,83,86,86,89,89,89,92,92,95,98,101,104,107,107,107,107,107],"card_choices":[{"not_picked":["Shrug It Off","Wild Strike"],"picked":"Heavy Blade","floor":1.0},{"not_picked":["Armaments","Anger"],"picked":"Scorching Beam","floor":2.0},{"not_picked":["Flame Barrier","ReplayTheSpireMod:Strike From Hell","Anger"],"picked":"SKIP","floor":3.0},{"not_picked":["Impervious","Reckless Charge"],"picked":"Defragment","floor":4.0},{"not_picked":["Anger","Flex"],"picked":"Thunderclap","floor":6.0},{"not_picked":["Cleave","Pummel"],"picked":"Spot Weakness+1","floor":10.0},{"not_picked":["Replay:Undeath\u0027s Touch","ReplayTheSpireMod:Repulse+1"],"picked":"Thunderclap","floor":12.0},{"not_picked":["ReplayTheSpireMod:GoodbyeWorld+1","Carnage"],"picked":"Thunderclap","floor":13.0},{"not_picked":["Inflame+1","Infernal Blade+1"],"picked":"Scorching Beam","floor":14.0},{"not_picked":["Fiend Fire","Bludgeon"],"picked":"Limit Break+1","floor":16.0},{"not_picked":["Havoc+1","Dual Wield+1"],"picked":"infinitespire:OneForAll","floor":18.0},{"not_picked":["ReplayTheSpireMod:Chaos Vortex","ReplayTheSpireMod:Black Plague"],"picked":"infinitespire:FinalStrike","floor":21.0},{"not_picked":["Iron Wave+1","Juggernaut+1"],"picked":"Spot Weakness+1","floor":25.0},{"not_picked":["Anger+1","Metallicize+1"],"picked":"Heavy Blade","floor":26.0},{"not_picked":["Evolve+1","Juggernaut+1"],"picked":"Twin Strike","floor":27.0},{"not_picked":["Wild Strike","Iron Wave"],"picked":"Heavy Blade+1","floor":29.0},{"not_picked":["Cleave","Reckless Charge"],"picked":"Flex+1","floor":30.0},{"not_picked":["infinitespire:DeathsTouch","infinitespire:FinalStrike"],"picked":"infinitespire:Execution","floor":32.0},{"not_picked":["Entrench+1","Perfected Strike"],"picked":"Flex+1","floor":32.0},{"not_picked":["Immolate","Warcry+1"],"picked":"Sever Soul+1","floor":33.0},{"not_picked":["Feed","Immolate"],"picked":"Double Tap+1","floor":35.0},{"not_picked":["Cleave+1","Shockwave+1"],"picked":"Feed","floor":37.0},{"not_picked":["ReplayTheSpireMod:Strike From Hell","Blood for Blood+1"],"picked":"Clash","floor":39.0},{"not_picked":["ReplayTheSpireMod:Private Reserves+1","hubris:Ssssneak+1"],"picked":"Mind Blast","floor":40.0},{"not_picked":["Transmutation+1","ReplayTheSpireMod:Uncanny Aura+1"],"picked":"Poisoned Strike","floor":40.0},{"not_picked":["Rampage+1","Clothesline+1"],"picked":"Iron Wave","floor":44.0},{"not_picked":["True Grit+1","Anger+1"],"picked":"Exhume+1","floor":46.0},{"not_picked":["Wild Strike","Dual Wield+1","Impervious+1"],"picked":"SKIP","floor":47.0},{"not_picked":["Power Through+1","Headbutt"],"picked":"Heavy Blade+1","floor":49.0},{"not_picked":["Eclipse+1","Bludgeon"],"picked":"Brutality+1","floor":52.0},{"not_picked":["Cleave","Anger"],"picked":"Hemokinesis","floor":54.0},{"not_picked":["Clash","ReplayTheSpireMod:Strike From Hell"],"picked":"Replay:Undeath\u0027s Touch","floor":55.0},{"not_picked":["Armaments+1","Wild Strike"],"picked":"Cleave","floor":56.0},{"not_picked":["Fire Breathing+1","Feel No Pain+1"],"picked":"Pommel Strike","floor":57.0},{"not_picked":["Replay:Undeath\u0027s Touch","hubris:StunningStrike"],"picked":"Anger","floor":58.0},{"not_picked":["Armaments+1","Havoc+1"],"picked":"Run Through","floor":60.0},{"not_picked":["Shrug It Off+1","ReplayTheSpireMod:Corrosion Curse+1"],"picked":"Cleave","floor":63.0},{"not_picked":["Havoc+1","hubris:ReadiedAction+1"],"picked":"Spot Weakness+1","floor":64.0},{"not_picked":["Whirlwind","ReplayTheSpireMod:Strike From Hell"],"picked":"Warcry+1","floor":65.0},{"not_picked":["Dropkick","Twin Strike"],"picked":"Exhume+1","floor":66.0},{"not_picked":["Corruption+1","Demon Form+1"],"picked":"Limit Break+1","floor":69.0},{"not_picked":["Replay:Fractal Strike","infinitespire:TheBestDefense"],"picked":"infinitespire:Punishment","floor":69.0},{"not_picked":["ReplayTheSpireMod:Strike From Hell","Sentinel+1"],"picked":"Warcry+1","floor":71.0},{"not_picked":["Battle Trance+1","ReplayTheSpireMod:Stacked+1","Rampage+1"],"picked":"SKIP","floor":72.0},{"not_picked":["Defy Death+1","Thunderclap"],"picked":"Pommel Strike","floor":74.0},{"not_picked":["Warcry+1","Uppercut"],"picked":"Run Through+1","floor":75.0},{"not_picked":["Havoc+1","Iron Wave","Immolate"],"picked":"SKIP","floor":77.0},{"not_picked":["Headbutt","Dropkick"],"picked":"Abandon+1","floor":80.0},{"not_picked":["Armaments+1","Bloodletting+1","Intimidate+1"],"picked":"SKIP","floor":82.0},{"not_picked":["Entrench+1","Fire Breathing+1"],"picked":"Sword Boomerang","floor":84.0},{"not_picked":["Demonic Infusion+1","Fiend Fire"],"picked":"Offering+1","floor":86.0},{"not_picked":["Hologram+1","Run Through","Clothesline+1"],"picked":"SKIP","floor":88},{"not_picked":["Wild Strike","Gash"],"picked":"Body Slam+1","floor":89},{"not_picked":["Defy Death+1","Iron Wave+1"],"picked":"Inflame+1","floor":91},{"not_picked":["Seeing Red+1","ReplayTheSpireMod:GoodbyeWorld+1"],"picked":"Thunderclap","floor":91},{"not_picked":["Twin Strike","Warcry+1"],"picked":"Anger+1","floor":93},{"not_picked":["Defy Death+1","Clash+1"],"picked":"ReplayTheSpireMod:Strike From Hell+1","floor":94},{"not_picked":["ReplayTheSpireMod:Limb From Limb","Cold Snap+1","hubris:SharpeningStone+1"],"picked":"SKIP","floor":94},{"not_picked":["Anger+1","Rebound+1"],"picked":"Bloodletting+1","floor":95},{"not_picked":["hubris:CleavingFinish","Armaments+1","Defy Death+1"],"picked":"SKIP","floor":95}],"player_experience":376486,"relics_obtained":[{"floor":6.0,"key":"Simple Rune"},{"floor":9.0,"key":"Frozen Egg 2"},{"floor":10.0,"key":"Toxic Egg 2"},{"floor":25.0,"key":"Meat on the Bone"},{"floor":27.0,"key":"Orichalcum"},{"floor":28.0,"key":"hubris:PeanutButter"},{"floor":32.0,"key":"Anchor"},{"floor":34.0,"key":"aspiration:Lifesprig"},{"floor":41.0,"key":"Paper Frog"},{"floor":45.0,"key":"Bag of Marbles"},{"floor":46.0,"key":"aspiration:StickyExplosives_weak"},{"floor":49.0,"key":"infinitespire:CheckeredPen"},{"floor":60.0,"key":"Nunchaku"},{"floor":62.0,"key":"Potion Belt"},{"floor":64.0,"key":"PreservedInsect"},{"floor":77.0,"key":"Replay:Bandana"},{"floor":79.0,"key":"The Courier"},{"floor":80.0,"key":"Replay:Ringing Soul"},{"floor":89,"key":"Prayer Wheel"},{"floor":93,"key":"hubris:MedicalManual"},{"floor":96,"key":"Champion Belt"}],"event_choices":[{"damage_healed":0.0,"max_hp_gain":0.0,"max_hp_loss":0.0,"gold_gain":75.0,"event_name":"betterThird:BetterGoop","player_choice":"Gold","floor":7.0,"gold_loss":0.0,"damage_taken":11.0},{"damage_healed":0.0,"max_hp_gain":0.0,"max_hp_loss":0.0,"gold_gain":0.0,"event_name":"betterThird:BetterSerpent","player_choice":"Ignored","floor":11.0,"gold_loss":0.0,"damage_taken":278.0},{"cards_removed":["Scorching Beam"],"damage_healed":0.0,"max_hp_gain":0.0,"max_hp_loss":0.0,"gold_gain":0.0,"event_name":"betterNote:BetterNote","player_choice":"Take \u0026 Give","floor":20.0,"gold_loss":0.0,"damage_taken":0.0,"cards_obtained":["Apotheosis"]},{"damage_healed":0.0,"max_hp_gain":0.0,"max_hp_loss":0.0,"gold_gain":0.0,"event_name":"SensoryStone","player_choice":"Memory 3","floor":40.0,"gold_loss":0.0,"damage_taken":10.0},{"damage_healed":0.0,"max_hp_gain":0.0,"max_hp_loss":0.0,"gold_gain":0.0,"event_name":"WeMeetAgain","player_choice":"Gave Potion","floor":43.0,"gold_loss":0.0,"damage_taken":0.0,"relics_obtained":["Iron Hammer"]},{"damage_healed":0.0,"max_hp_gain":0.0,"max_hp_loss":0.0,"gold_gain":75.0,"event_name":"betterThird:BetterGoop","player_choice":"Gold","floor":67.0,"gold_loss":0.0,"damage_taken":11.0},{"damage_healed":0,"gold_gain":0,"player_choice":"Fight","damage_taken":0,"max_hp_gain":0,"max_hp_loss":0,"event_name":"Mysterious Sphere","floor":89,"gold_loss":0},{"damage_healed":0,"gold_gain":0,"player_choice":"Ignored","damage_taken":0,"max_hp_gain":0,"max_hp_loss":0,"event_name":"betterNote:BetterNote","floor":90,"gold_loss":0,"cards_obtained":["Scorching Beam"]}],"is_beta":false,"boss_relics":[{"not_picked":["Pandora\u0027s Box","energizedSpire:SpiderWeb"],"picked":"Kintsugi"},{"not_picked":["Sozu","Cursed Key"],"picked":"energizedSpire:DecayingSkull"},{"not_picked":["SlaversCollar","hubris:HollowSoul"],"picked":"aspiration:PoetsPen_weak"},{"not_picked":["aspiration:FutureDiary","hubris:Stopwatch"],"picked":"ChewingGum"},{"not_picked":["hubris:HollowSoul","Tiny House"],"picked":"infinitespire:Cupcake"}],"items_purged_floors":[19,24,61],"is_endless":true,"potions_floor_spawned":[3,6,10,12,13,25,27,32,33,37,44,47,56,57,63,64,69,71,75,77,86,94,95],"killed_by":"Nightmare_Alpha","ascension_level":2}}