{"host":"g7uq9uzahx9e0kti","time":1613474982,"event":{"mods":["AchievementEnabler","BaseMod","CapriCore","Hermit","Koishi","Minty Spire (QoL Compilation)","Permanent Neow","Quick Restart","StSLib","SuperFastMode","The Bug Knight","The Cursed","The Hierophant","The Immortal","The Runesmith","Together in Spire","WarShipGirlsR/??á´Ò³R mod"],"gold_per_floor":[113,113,113,300,312,324,370,382,447,459,496,553,545,572,584,729,741,741,741,741,741,741,741,741,741,741,431,431,28,28,28,28,28,28,28,28,28,28,28,28,28,28,28,28,28,28,28,28,28,28,28,28,28,28,28],"floor_reached":56,"language":"KOR","playtime":1709,"items_purged":["Defend_R","Defend_R"],"score":942,"play_id":"be669994-0ed3-4268-bc83-dc5426220b39","local_time":"20210216202942","is_ascension_mode":false,"campfire_choices":[{"data":"Bash","floor":6.0,"key":"SMITH"},{"data":"Dropkick","floor":10.0,"key":"SMITH"},{"data":"Double Tap","floor":15,"key":"SMITH"},{"data":"Perfected Strike","floor":25,"key":"SMITH"},{"data":"1","floor":32,"key":"LIFT"},{"data":"2","floor":41,"key":"LIFT"},{"data":"3","floor":44,"key":"LIFT"},{"data":"Perfected Strike","floor":49,"key":"SMITH"},{"data":"Limit Break","floor":52,"key":"SMITH"}],"circlet_count":0,"master_deck":["Strike_R","Strike_R","Strike_R","Strike_R","Strike_R","Defend_R","Defend_R","Bash+1","Wild Strike+1","Dropkick+1","Second Wind","Double Tap+1","Impervious","Flex+1","Perfected Strike+1","Perfected Strike+1","Clash","Inflame+1","Limit Break+1","Clash+1","Heavy Blade+1","Twin Strike+1","Metallicize+1","Pommel Strike+1","Wild Strike+1","Intimidate+1","Wild Strike+1","Perfected Strike+1"],"relics":["Burning Blood","Bag of Marbles","MawBank","Golden Idol","Frozen Egg 2","Anchor","CeramicFish","Ectoplasm","InkBottle","Oddly Smooth Stone","HandDrill","Girya","Runic Dome","Ice Cream","Mercury Hourglass","Centennial Puzzle","Bottled Tornado","Ornamental Fan","Whetstone"],"acts_visited":["TheCity","TheBeyond","TheEnding"],"potions_floor_usage":[55,55],"damage_taken":[{"damage":0.0,"enemies":"Jaw Worm","floor":1.0,"turns":1.0},{"damage":5.0,"enemies":"Gremlin Nob","floor":7.0,"turns":3.0},{"damage":0.0,"enemies":"2 Louse","floor":11.0,"turns":1.0},{"damage":12,"enemies":"3 Sentries","floor":12,"turns":8},{"damage":0,"enemies":"Small Slimes","floor":14,"turns":1},{"damage":45,"enemies":"Hexaghost","floor":16,"turns":5},{"damage":0,"enemies":"Spheric Guardian","floor":18,"turns":2},{"damage":0,"enemies":"Shell Parasite","floor":20,"turns":2},{"damage":0,"enemies":"Snake Plant","floor":23,"turns":2},{"damage":0,"enemies":"Centurion and Healer","floor":24,"turns":1},{"damage":0,"enemies":"Shelled Parasite and Fungi","floor":28,"turns":1},{"damage":0,"enemies":"3 Cultists","floor":30,"turns":1},{"damage":0,"enemies":"Centurion and Healer","floor":31,"turns":2},{"damage":6,"enemies":"Automaton","floor":33,"turns":3},{"damage":0,"enemies":"Orb Walker","floor":35,"turns":1},{"damage":0,"enemies":"3 Shapes","floor":36,"turns":1},{"damage":42,"enemies":"Mind Bloom Boss Battle","floor":37,"turns":4},{"damage":0,"enemies":"Jaw Worm Horde","floor":39,"turns":1},{"damage":0,"enemies":"Giant Head","floor":40,"turns":3},{"damage":0,"enemies":"Transient","floor":45,"turns":5},{"damage":35,"enemies":"Reptomancer","floor":46,"turns":3},{"damage":0,"enemies":"Spire Growth","floor":47,"turns":3},{"damage":0,"enemies":"Sphere and 2 Shapes","floor":48,"turns":1},{"damage":6,"enemies":"Awakened One","floor":50,"turns":4},{"damage":0,"enemies":"Shield and Spear","floor":54,"turns":2},{"damage":51,"enemies":"The Heart","floor":55,"turns":3}],"seed_played":"763504825184123315","potions_obtained":[{"floor":1.0,"key":"LiquidBronze"},{"floor":12,"key":"LiquidBronze"},{"floor":13,"key":"FairyPotion"},{"floor":23,"key":"Strength Potion"},{"floor":40,"key":"Regen Potion"}],"is_trial":false,"path_per_floor":["M","?","?","?","?","R","E","?","T","R","M","E","?","M","R","B",null,"M","T","M","?","T","M","M","R","T","$","M","$","M","M","R","B",null,"M","M","?","?","M","E","R","T","T","R","M","E","M","M","R","B",null,"R","$","E","B",null],"character_chosen":"IRONCLAD","items_purchased":["Inflame+1","HandDrill","Girya"],"campfire_rested":0,"item_purchase_floors":[27,27,29],"current_hp_per_floor":[80,80,62,62,42,42,43,43,43,43,49,43,43,49,49,10,80,80,80,80,80,80,80,80,80,80,80,80,80,80,80,80,80,80,80,80,44,70,70,70,70,70,70,70,70,41,47,53,53,53,70,70,70,70,30],"gold":28,"neow_bonus":"RANDOM_COMMON_RELIC","is_daily":false,"chose_seed":false,"campfire_upgraded":6,"win_rate":0.0,"timestamp":1613474982,"path_taken":["M","?","?","?","?","R","E","?","T","R","?","E","?","M","R","BOSS","M","?","M","?","?","M","M","R","T","$","?","?","M","M","R","BOSS","M","M","?","?","M","E","R","?","T","R","M","E","M","?","R","BOSS","R","$","E","BOSS"],"items_purchased_type":["Card","Relic","Relic"],"build_version":"2020-12-22","purchased_purges":2,"victory":true,"max_hp_per_floor":[80,80,80,80,80,80,80,80,80,80,80,80,80,80,80,80,80,80,80,80,80,80,80,80,80,80,80,80,80,80,80,80,80,80,80,80,80,70,70,70,70,70,70,70,70,70,70,70,70,70,70,70,70,70,70],"card_choices":[{"not_picked":["Combust","Shrug It Off"],"picked":"Wild Strike","floor":1.0},{"not_picked":["Berserk+1","Clothesline"],"picked":"Dropkick","floor":7.0},{"not_picked":["Armaments","Rupture+1"],"picked":"Second Wind","floor":11.0},{"not_picked":["Shrug It Off","Wild Strike"],"picked":"Double Tap","floor":12},{"not_picked":["Intimidate","Flame Barrier","Uppercut"],"picked":"SKIP","floor":14},{"not_picked":["Bludgeon","Offering"],"picked":"Impervious","floor":16},{"not_picked":["Havoc","Armaments+1"],"picked":"Flex+1","floor":18},{"not_picked":["Infernal Blade","Anger","Warcry"],"picked":"SKIP","floor":20},{"not_picked":["Havoc","Inflame+1"],"picked":"Perfected Strike","floor":23},{"not_picked":["Barricade+1","Flex"],"picked":"Clash","floor":24},{"not_picked":["Bloodletting","Shockwave","Thunderclap+1"],"picked":"SKIP","floor":28},{"not_picked":["Havoc","Feel No Pain+1","Uppercut"],"picked":"SKIP","floor":30},{"not_picked":["True Grit","Havoc+1","Blood for Blood"],"picked":"SKIP","floor":31},{"not_picked":["Juggernaut+1","Exhume"],"picked":"Limit Break","floor":33},{"not_picked":["Sword Boomerang+1","Armaments"],"picked":"Clash+1","floor":35},{"not_picked":["True Grit","Sword Boomerang"],"picked":"Heavy Blade+1","floor":36},{"not_picked":["Armaments+1","Cleave"],"picked":"Twin Strike","floor":37},{"not_picked":["True Grit+1","Warcry+1"],"picked":"Metallicize+1","floor":39},{"not_picked":["Warcry","Headbutt+1"],"picked":"Pommel Strike+1","floor":40},{"not_picked":["Rupture+1","Cleave+1","Sever Soul"],"picked":"SKIP","floor":45},{"not_picked":["Flame Barrier","Infernal Blade"],"picked":"Wild Strike+1","floor":46},{"not_picked":["Exhume","Iron Wave"],"picked":"Intimidate+1","floor":47},{"not_picked":["Sword Boomerang","Bloodletting"],"picked":"Wild Strike","floor":48},{"not_picked":["Fire Breathing+1","Perfected Strike+1","Shrug It Off"],"picked":"SKIP","floor":54},{"not_picked":["Fire Breathing+1","Shrug It Off"],"picked":"Perfected Strike+1","floor":54}],"player_experience":105784,"relics_obtained":[{"floor":7.0,"key":"Frozen Egg 2"},{"floor":9.0,"key":"Anchor"},{"floor":12,"key":"CeramicFish"},{"floor":22,"key":"InkBottle"},{"floor":26,"key":"Oddly Smooth Stone"},{"floor":37,"key":"Ice Cream"},{"floor":40,"key":"Mercury Hourglass"},{"floor":42,"key":"Centennial Puzzle"},{"floor":43,"key":"Bottled Tornado"},{"floor":46,"key":"Ornamental Fan"},{"floor":54,"key":"Whetstone"}],"event_choices":[{"damage_healed":0.0,"max_hp_gain":0.0,"max_hp_loss":0.0,"gold_gain":0.0,"event_name":"Living Wall","player_choice":"Grow","floor":2.0,"gold_loss":0.0,"damage_taken":0.0,"cards_upgraded":["Wild Strike"]},{"damage_healed":0.0,"max_hp_gain":0.0,"max_hp_loss":0.0,"gold_gain":0.0,"event_name":"Scrap Ooze","player_choice":"Success","floor":3.0,"gold_loss":0.0,"damage_taken":18.0,"relics_obtained":["MawBank"]},{"damage_healed":0.0,"max_hp_gain":0.0,"max_hp_loss":0.0,"gold_gain":175.0,"event_name":"Liars Game","player_choice":"AGREE","floor":4.0,"gold_loss":0.0,"damage_taken":0.0,"cards_obtained":["Doubt"]},{"damage_healed":0.0,"max_hp_gain":0.0,"max_hp_loss":0.0,"gold_gain":0.0,"event_name":"Golden Idol","player_choice":"Take Damage","floor":5.0,"gold_loss":0.0,"damage_taken":20.0,"relics_obtained":["Golden Idol"]},{"cards_removed":["Doubt"],"damage_healed":0.0,"max_hp_gain":0.0,"max_hp_loss":0.0,"gold_gain":0.0,"event_name":"Fountain of Cleansing","player_choice":"Removed Curses","floor":8.0,"gold_loss":0.0,"damage_taken":0.0},{"damage_healed":0,"gold_gain":0,"player_choice":"Bought 1 Potion","damage_taken":0,"max_hp_gain":0,"max_hp_loss":0,"event_name":"The Woman in Blue","floor":13,"gold_loss":0},{"damage_healed":0,"gold_gain":0,"player_choice":"Read","damage_taken":0,"max_hp_gain":0,"max_hp_loss":0,"event_name":"The Library","floor":21,"gold_loss":0,"cards_obtained":["Perfected Strike"]},{"damage_healed":0,"gold_gain":0,"player_choice":"Fight","damage_taken":0,"max_hp_gain":0,"max_hp_loss":0,"event_name":"MindBloom","floor":37,"gold_loss":0},{"damage_healed":70,"gold_gain":0,"player_choice":"Heal","damage_taken":0,"max_hp_gain":0,"max_hp_loss":10,"event_name":"The Moai Head","floor":38,"gold_loss":0}],"is_beta":false,"boss_relics":[{"not_picked":["Busted Crown","Pandora\u0027s Box"],"picked":"Ectoplasm"},{"not_picked":["Mark of Pain","Black Blood"],"picked":"Runic Dome"}],"items_purged_floors":[27,29],"is_endless":false,"potions_floor_spawned":[1,12,16,18,23,28,35,36,40,46,47,48],"ascension_level":0}}