{"host":"hka8b3f4pkvnp4ei","time":1613466097,"event":{"mods":["BaseMod","Minty Spire (QoL Compilation)","Quick Restart","Replay The Spire","StSLib"],"gold_per_floor":[18,18,38,56,56,84,34,34,34,49,49,49,65,65,65,65,65],"floor_reached":16,"language":"ZHS","playtime":450,"items_purged":[],"score":155,"play_id":"fd367046-4cb6-4e5a-be85-d8bd36a9341c","local_time":"20210216170137","is_ascension_mode":true,"campfire_choices":[{"data":"Prepared","floor":8.0,"key":"SMITH"},{"data":"Concentrate","floor":12.0,"key":"SMITH"},{"data":"Blade Dance","floor":15.0,"key":"SMITH"}],"circlet_count":0,"master_deck":["AscendersBane","Strike_G","Strike_G","Strike_G","Strike_G","Defend_G+1","Defend_G+1","Defend_G+1","Defend_G+1","Defend_G+1","Survivor","Neutralize","Concentrate+1","Prepared+1","Blade Dance+1","Escape Plan"],"relics":["Tough Bandages","Sizzling Blood","Replay:Bottled Snecko","Replay:Bottled Eggs"],"acts_visited":["Exordium"],"potions_floor_usage":[16],"damage_taken":[{"damage":0.0,"enemies":"Cultist","floor":1.0,"turns":5.0},{"damage":2.0,"enemies":"Small Slimes","floor":3.0,"turns":5.0},{"damage":1.0,"enemies":"2 Louse","floor":4.0,"turns":4.0},{"damage":51.0,"enemies":"Gremlin Nob","floor":6.0,"turns":7.0},{"damage":1.0,"enemies":"2 Fungi Beasts","floor":10.0,"turns":4.0},{"damage":0.0,"enemies":"Looter","floor":13.0,"turns":4.0},{"damage":17,"enemies":"Hexaghost","floor":16,"turns":9}],"seed_played":"6869245717390187743","potions_obtained":[{"floor":1.0,"key":"SteroidPotion"},{"floor":4.0,"key":"GamblersBrew"},{"floor":10.0,"key":"BlessingOfTheForge"}],"is_trial":false,"path_per_floor":["M","$","M","M","?","E","$","R","T","M","$","R","M","?","R","B"],"character_chosen":"THE_SILENT","items_purchased":["Blade Dance"],"campfire_rested":0,"item_purchase_floors":[7],"current_hp_per_floor":[63,63,61,60,64,17,17,17,17,20,20,20,24,24,24,7,7],"gold":65,"neow_bonus":"ONE_RARE_RELIC","is_daily":false,"chose_seed":false,"campfire_upgraded":3,"win_rate":0.0,"timestamp":1613466097,"path_taken":["M","?","M","M","?","E","$","R","T","M","$","R","M","?","R","BOSS"],"items_purchased_type":["Card"],"build_version":"2020-12-22","purchased_purges":0,"victory":false,"max_hp_per_floor":[70,70,70,70,74,74,74,74,74,74,74,74,74,74,74,74,74],"card_choices":[{"not_picked":["Finisher","Flying Knee","Caltrops"],"picked":"SKIP","floor":1.0},{"not_picked":["Poisoned Stab","ReplayTheSpireMod:Shiv Toss","Outmaneuver"],"picked":"SKIP","floor":3.0},{"not_picked":["PiercingWail","Dagger Spray"],"picked":"Concentrate","floor":4.0},{"not_picked":["Choke","ReplayTheSpireMod:Exploit Weakness"],"picked":"Prepared","floor":6.0},{"not_picked":["Deadly Poison","Cloak And Dagger","Bane"],"picked":"SKIP","floor":10.0},{"not_picked":["PiercingWail","Sucker Punch","Outmaneuver"],"picked":"SKIP","floor":13.0}],"player_experience":489662,"relics_obtained":[{"floor":6.0,"key":"Replay:Bottled Snecko"},{"floor":9.0,"key":"Replay:Bottled Eggs"}],"event_choices":[{"damage_healed":0.0,"max_hp_gain":0.0,"max_hp_loss":0.0,"gold_gain":0.0,"cards_transformed":["Strike_G"],"event_name":"Living Wall","player_choice":"Change","floor":14.0,"gold_loss":0.0,"damage_taken":0.0,"cards_obtained":["Escape Plan"]}],"is_beta":false,"boss_relics":[],"items_purged_floors":[],"is_endless":false,"potions_floor_spawned":[1,4,10],"killed_by":"Hexaghost","ascension_level":11}}