{"host":"ty9fb48q9oru32qm","time":1613501533,"event":{"mods":["2.2 Compatiblity","AchievementEnabler","Act Like it!","Astrologer","BaseMod","Beaked The Cultist","Better Synergies","Block Reminder","Colored Powertips","Conspire","DeckTracker","Downfall","Ekko","Friendly Minions","GifTheSpireLib","Hermit","Hubris","Infinite Spire","Jorbs\u0027s Wanderer Trilogy","Marisa????????","Minty Spire (QoL Compilation)","Permanent Neow","Quick Restart","Random Character Button","Reliquary","Replay The Spire","Somnambulant","StSLib","Stuff the Spire","The Cursed","The Marked","The Runesmith","TheVacant","????"],"gold_per_floor":[109,109,126,142,492,492,518,518,518,518,518,518,553,571,571,676,676,601,373,373,373],"floor_reached":20,"language":"ENG","playtime":2071,"items_purged":["Hallucinations"],"score":178,"play_id":"56f144e7-f29a-4339-a7d0-4a964f262a52","local_time":"20210216195213","is_ascension_mode":false,"campfire_choices":[{"data":"beaked:RitualOfBody","floor":6,"key":"SMITH"},{"data":"beaked:Ceremony","floor":8,"key":"SMITH"},{"data":"beaked:Ceremony","floor":15,"key":"SMITH"}],"circlet_count":0,"master_deck":["beaked:Strike_Y","beaked:Strike_Y","beaked:Strike_Y","beaked:Strike_Y","beaked:Defend_Y","beaked:Defend_Y","beaked:Defend_Y","beaked:Defend_Y","beaked:Ceremony+1","beaked:Ceremony+1","beaked:LiftOff","beaked:BraceForImpact","beaked:Poke+1","beaked:RitualOfBody+1","beaked:BraceForImpact","downfall:Icky","Voices","beaked:KnowThyFoe+1","beaked:MaddeningMurmurs","beaked:Windmill","ReplayTheSpireMod:Prepare the Ceremony","Sickly","beaked:VolatileMisfortune+1"],"relics":["beaked:MendingPlumage","Ring of Greed","Golden Egg","Old Coin","Ring of Fangs","infinitespire:Magic Flask","StuffTheSpire:Nightcore","hubris:Towel","Eternal Feather","beaked:SacrificeDoll","StuffTheSpire:Gunfinga"],"acts_visited":["Exordium","TheCity"],"potions_floor_usage":[18,20,20],"damage_taken":[{"damage":16,"enemies":"2 Louse","floor":1,"turns":5},{"damage":4,"enemies":"Small Slimes","floor":3,"turns":5},{"damage":3,"enemies":"Cultist","floor":4,"turns":6},{"damage":36,"enemies":"Lagavulin","floor":7,"turns":17},{"damage":37,"enemies":"Replay:BlueRogue","floor":13,"turns":14},{"damage":7,"enemies":"2 Fungi Beasts","floor":14,"turns":8},{"damage":62,"enemies":"Slime Boss","floor":16,"turns":11},{"damage":46,"enemies":"2 Thieves","floor":18,"turns":5},{"damage":42,"enemies":"Spheric Guardian","floor":20,"turns":5}],"seed_played":"-4553800042339611412","potions_obtained":[{"floor":1,"key":"ColorlessPotion"},{"floor":13,"key":"Languid Potion"},{"floor":16,"key":"Swift Potion"}],"is_trial":false,"path_per_floor":["M","?","M","M","?","R","E","R","T","?","?","?","E","M","R","B",null,"M","$","M"],"character_chosen":"BEAKED_THE_CULTIST","items_purchased":["StuffTheSpire:Gunfinga"],"campfire_rested":0,"item_purchase_floors":[19],"current_hp_per_floor":[42,42,50,50,50,50,50,50,50,50,50,50,46,50,50,29,50,22,22,0,0],"gold":373,"neow_bonus":"ONE_RANDOM_RARE_CARD","is_daily":false,"chose_seed":false,"campfire_upgraded":3,"win_rate":0.0,"timestamp":1613501533,"path_taken":["M","?","M","M","?","R","E","R","T","?","?","?","E","M","R","BOSS","M","?","M"],"items_purchased_type":["Relic"],"build_version":"2020-12-22","purchased_purges":1,"victory":false,"max_hp_per_floor":[50,50,50,50,50,50,50,50,50,50,50,50,50,50,50,50,50,50,50,50,50],"card_choices":[{"not_picked":["beaked:Resilience","beaked:CursingBlood"],"picked":"beaked:BraceForImpact","floor":1},{"not_picked":["beaked:Overpower","beaked:Mantra"],"picked":"beaked:RitualOfBody","floor":3},{"not_picked":["beaked:Mantra","beaked:Tradeoff"],"picked":"beaked:BraceForImpact","floor":4},{"not_picked":["beaked:RitualOfBody","beaked:Overexert"],"picked":"beaked:KnowThyFoe","floor":7},{"not_picked":["beaked:BounceBack","beaked:Cower"],"picked":"beaked:Windmill","floor":13},{"not_picked":["beaked:Brace","beaked:MaddeningMurmurs"],"picked":"ReplayTheSpireMod:Prepare the Ceremony","floor":14},{"not_picked":["beaked:WildInstinct","ReplayTheSpireMod:Owlgaze"],"picked":"beaked:VolatileMisfortune","floor":16},{"not_picked":["beaked:Resilience+1","beaked:Replenish","beaked:Tradeoff+1"],"picked":"SKIP","floor":18},{"not_picked":["beaked:Resilience+1","beaked:Replenish","beaked:Tradeoff+1"],"picked":"SKIP","floor":18}],"player_experience":287407,"relics_obtained":[{"floor":5,"key":"Ring of Greed"},{"floor":5,"key":"Golden Egg"},{"floor":5,"key":"Old Coin"},{"floor":5,"key":"Ring of Fangs"},{"floor":7,"key":"infinitespire:Magic Flask"},{"floor":9,"key":"StuffTheSpire:Nightcore"},{"floor":13,"key":"Eternal Feather"}],"event_choices":[{"damage_healed":0,"gold_gain":0,"cards_transformed":["beaked:Strike_Y"],"player_choice":"Transformed","damage_taken":0,"max_hp_gain":0,"max_hp_loss":0,"event_name":"Transmorgrifier","floor":12,"gold_loss":0,"cards_obtained":["beaked:MaddeningMurmurs"]}],"is_beta":false,"boss_relics":[{"not_picked":["bronze:MakeshiftBattery","Runic Pyramid"],"picked":"beaked:SacrificeDoll"}],"items_purged_floors":[19],"is_endless":false,"potions_floor_spawned":[1,13,16],"killed_by":"Spheric Guardian","ascension_level":0}}