{"host":"ssceekdvsvld625r","time":1613475774,"event":{"mods":["AchievementEnabler","BaseMod","Better Third Choice","Block Reminder","Colored Map","Colored Powertips","Highlight Path","Minty Spire (QoL Compilation)","Permanent Neow","Quick Restart","Rare Cards Sparkle","Relic Stats","Shop Mod","StSLib"],"gold_per_floor":[111,111,111,111,124,124,3,19,19,19,19,19,36,52,52,151,151,169,169,182,110,110,110,30,30,104,122,135,135,135],"floor_reached":29,"language":"ENG","playtime":1195,"items_purged":[],"score":249,"play_id":"360f103a-87e6-4484-8dcc-a0cc26b1d01f","local_time":"20210216044254","is_ascension_mode":true,"campfire_choices":[{"data":"Zap","floor":6,"key":"SMITH"},{"data":"Storm","floor":10,"key":"SMITH"},{"data":"Hello World","floor":12,"key":"SMITH"},{"floor":15,"key":"REST"},{"data":"Echo Form","floor":23,"key":"SMITH"},{"data":"Storm","floor":25,"key":"SMITH"}],"circlet_count":0,"master_deck":["Defend_B","Defend_B","Defend_B","Zap+1","Dualcast","Streamline","Storm+1","Ball Lightning","Hello World+1","Ball Lightning","Streamline","Echo Form+1","Redo","Capacitor","Bite","Bite","Bite","Bite","Bite","Storm+1","Ball Lightning"],"relics":["Cracked Core","Bronze Scales","Matryoshka","Smiling Mask","Pear","Nuclear Battery","Bottled Lightning","Frozen Egg 2"],"acts_visited":["Exordium","TheCity"],"potions_floor_usage":[28],"damage_taken":[{"damage":3,"enemies":"Small Slimes","floor":1,"turns":3},{"damage":2,"enemies":"2 Louse","floor":5,"turns":2},{"damage":6,"enemies":"Jaw Worm","floor":8,"turns":3},{"damage":3,"enemies":"Blue Slaver","floor":13,"turns":3},{"damage":8,"enemies":"Red Slaver","floor":14,"turns":2},{"damage":67,"enemies":"The Guardian","floor":16,"turns":7},{"damage":10,"enemies":"3 Byrds","floor":18,"turns":3},{"damage":8,"enemies":"Spheric Guardian","floor":20,"turns":3},{"damage":8,"enemies":"Snecko","floor":27,"turns":3},{"damage":39,"enemies":"3 Cultists","floor":28,"turns":4},{"damage":27,"enemies":"Slavers","floor":29,"turns":1}],"seed_played":"-331275535027395672","potions_obtained":[{"floor":13,"key":"Fruit Juice"},{"floor":14,"key":"FearPotion"},{"floor":16,"key":"Strength Potion"},{"floor":20,"key":"CultistPotion"}],"is_trial":false,"path_per_floor":["M","?","?","?","M","R","$","M","T","R","$","R","M","M","R","B",null,"M","?","M","$","?","R","$","R","T","M","M","E"],"character_chosen":"DEFECT","items_purchased":["Storm","Ball Lightning","Capacitor","Storm"],"campfire_rested":1,"item_purchase_floors":[7,7,21,24],"current_hp_per_floor":[72,72,65,58,56,56,56,50,60,60,60,60,57,49,74,7,85,75,75,67,67,59,59,59,59,59,51,25,0,0],"gold":135,"neow_bonus":"RANDOM_COMMON_RELIC","is_daily":false,"chose_seed":false,"campfire_upgraded":5,"win_rate":0.0,"timestamp":1613475774,"path_taken":["M","?","?","?","M","R","$","M","T","R","?","R","M","M","R","BOSS","M","?","?","?","?","R","?","R","T","M","M","E"],"items_purchased_type":["Card","Card","Card","Card"],"build_version":"2020-12-22","purchased_purges":0,"victory":false,"max_hp_per_floor":[75,75,75,75,75,75,75,75,85,85,85,85,85,85,85,85,85,85,85,85,85,59,59,59,59,59,59,64,64,64],"relic_stats":{"counters":[11,34],"Bronze Scales":[111],"Smiling Mask":0,"obtain_stats":[{"Matryoshka":3,"Pear":9,"Bronze Scales":0,"Bottled Lightning":26,"Frozen Egg 2":26,"Cracked Core":0,"Smiling Mask":9,"Nuclear Battery":17},{"Matryoshka":1,"Pear":3,"Bronze Scales":0,"Bottled Lightning":8,"Frozen Egg 2":8,"Cracked Core":0,"Smiling Mask":3,"Nuclear Battery":6},{"Matryoshka":3,"Pear":8,"Bronze Scales":0,"Bottled Lightning":26,"Frozen Egg 2":26,"Cracked Core":0,"Smiling Mask":8,"Nuclear Battery":20}]},"card_choices":[{"not_picked":["Stack","Chaos","Conserve Battery"],"picked":"SKIP","floor":1},{"not_picked":["Conserve Battery","Steam Power"],"picked":"Streamline","floor":5},{"not_picked":["Redo","Consume"],"picked":"Hello World","floor":8},{"not_picked":["Compile Driver","Barrage"],"picked":"Ball Lightning","floor":13},{"not_picked":["Skim","Doom and Gloom"],"picked":"Streamline","floor":14},{"not_picked":["Amplify","Seek"],"picked":"Echo Form","floor":16},{"not_picked":["Steam Power","Conserve Battery"],"picked":"Redo","floor":18},{"not_picked":["Consume+1","Beam Cell","Auto Shields+1"],"picked":"SKIP","floor":20},{"not_picked":["Go for the Eyes","Sweeping Beam+1","Streamline"],"picked":"SKIP","floor":27},{"not_picked":["Reinforced Body","Steam Power"],"picked":"Ball Lightning","floor":28}],"player_experience":35588,"relics_obtained":[{"floor":9,"key":"Smiling Mask"},{"floor":9,"key":"Pear"},{"floor":26,"key":"Bottled Lightning"},{"floor":26,"key":"Frozen Egg 2"}],"event_choices":[{"damage_healed":72,"gold_gain":0,"player_choice":"Embrace Burn","damage_taken":0,"max_hp_gain":0,"max_hp_loss":75,"event_name":"betterThird:BetterShining","floor":2,"gold_loss":0},{"damage_healed":0,"gold_gain":0,"player_choice":"Relic ","damage_taken":7,"max_hp_gain":0,"max_hp_loss":0,"event_name":"betterThird:BetterScrap","floor":3,"gold_loss":0,"cards_obtained":["Terror"]},{"cards_removed":["Burn"],"damage_healed":0,"gold_gain":0,"player_choice":"Card Removal","damage_taken":7,"max_hp_gain":0,"max_hp_loss":0,"event_name":"Golden Wing","floor":4,"gold_loss":0},{"cards_removed":["Defend_B"],"damage_healed":0,"gold_gain":0,"player_choice":"Offered Basic","damage_taken":0,"max_hp_gain":0,"max_hp_loss":0,"event_name":"Bonfire Elementals","floor":19,"gold_loss":0},{"damage_healed":0,"gold_gain":0,"player_choice":"Became a vampire","damage_taken":0,"max_hp_gain":0,"max_hp_loss":26,"event_name":"Vampires","floor":22,"gold_loss":0,"cards_obtained":["Bite","Bite","Bite","Bite","Bite"]}],"is_beta":false,"boss_relics":[{"not_picked":["SacredBark","Astrolabe"],"picked":"Nuclear Battery"}],"items_purged_floors":[],"is_endless":false,"potions_floor_spawned":[13,14,16,20,27],"killed_by":"Slavers","ascension_level":1}}