{"host":"5y2vm16xfq9gfmb2","time":1613452332,"event":{"mods":["AchievementEnabler","BaseMod","Better Third Choice","Colored Map","Colored Powertips","DeckTracker","Friendly Minions","Marisa????????","Minty Spire (QoL Compilation)","Rare Cards Sparkle","Relic Stats","StSLib","The Alterego","The Animator","The Marked","The Servant 0.9.4","Yohane!"],"gold_per_floor":[113,42,42,42,54,54,71,81,132,149,149,110,126,126,126,228,228,239,253,271,77,77,77,106,143,207,219,231,231],"floor_reached":28,"language":"ENG","playtime":2143,"items_purged":[],"score":230,"play_id":"4e8234fc-7c65-4a2f-84b1-efb390dd9276","local_time":"20210216001212","is_ascension_mode":false,"campfire_choices":[{"floor":6,"key":"RECALL"},{"floor":11,"key":"REST"},{"floor":15,"key":"REST"},{"floor":23,"key":"DIG"}],"circlet_count":0,"master_deck":["Strike_S+1","Strike_S","Strike_S","Defend_S+1","Defend_S+1","Defend_S","Defend_S+1","KidneyShot","Exchange","Initiator","Luminosity","BestPractice","LessonLearned+1","BottledTime","Alleviate","Hightail","Rearm","SpecialFormula+1","Manipulate","FloweringNight","CurseOfTheBell","GearUp","Manipulate","Read","SilverBlades","Contraction+1","Insight"],"relics":["Uniform","War Paint","Question Card","Calling Bell","Bronze Scales","InkBottle","Shovel","Membership Card","Omamori","MawBank","Bird Faced Urn","Toy Ornithopter"],"acts_visited":["Exordium","TheCity"],"potions_floor_usage":[16,16,24,24,25],"damage_taken":[{"damage":0,"enemies":"2 Louse","floor":1,"turns":2},{"damage":1,"enemies":"Small Slimes","floor":5,"turns":4},{"damage":6,"enemies":"Cultist","floor":7,"turns":3},{"damage":9,"enemies":"Exordium Thugs","floor":8,"turns":5},{"damage":6,"enemies":"Exordium Wildlife","floor":10,"turns":8},{"damage":14,"enemies":"Large Slime","floor":13,"turns":5},{"damage":10,"enemies":"Hexaghost","floor":16,"turns":13},{"damage":8,"enemies":"Chosen","floor":18,"turns":7},{"damage":0,"enemies":"Shell Parasite","floor":19,"turns":7},{"damage":14,"enemies":"Snecko","floor":20,"turns":9},{"damage":6,"enemies":"Centurion and Healer","floor":24,"turns":7},{"damage":23,"enemies":"Book of Stabbing","floor":25,"turns":12},{"damage":34,"enemies":"Gremlin Leader","floor":28,"turns":4}],"seed_played":"8138766690764353709","potions_obtained":[{"floor":1,"key":"Explosive Potion"},{"floor":8,"key":"LiquidBronze"},{"floor":13,"key":"PowerPotion"},{"floor":18,"key":"Explosive Potion"},{"floor":20,"key":"Swift Potion"}],"is_trial":false,"path_per_floor":["M","$","?","?","M","R","M","M","T","M","R","$","M","T","R","B",null,"M","M","M","$","?","R","M","E","T","?","E"],"character_chosen":"THE_SERVANT","items_purchased":["BestPractice","SpecialFormula","Membership Card","SilverBlades"],"campfire_rested":2,"item_purchase_floors":[2,12,21,21],"current_hp_per_floor":[65,65,42,42,41,41,35,26,26,20,39,39,30,30,49,47,65,59,59,45,45,45,45,44,26,26,26,0,0],"gold":231,"neow_bonus":"ONE_RANDOM_RARE_CARD","is_daily":false,"chose_seed":false,"campfire_upgraded":0,"win_rate":0.0,"timestamp":1613452332,"path_taken":["M","$","?","?","?","R","M","M","T","M","R","$","M","?","R","BOSS","M","M","M","$","?","R","M","E","T","?","E"],"items_purchased_type":["Card","Card","Relic","Card"],"build_version":"2020-12-22","purchased_purges":0,"victory":false,"max_hp_per_floor":[65,65,65,65,65,65,65,65,65,65,65,65,65,65,65,65,65,65,65,65,65,65,65,65,65,65,65,65,65],"relic_stats":{"Shovel":1,"counters":[13,86],"Bronze Scales":[246],"Bird Faced Urn":[8],"War Paint":["Defend_S","Defend_S"],"Question Card":7,"MawBank":60,"obtain_stats":[{"Calling Bell":17,"Shovel":17,"Bronze Scales":17,"Bird Faced Urn":25,"Uniform":0,"Omamori":22,"Membership Card":21,"War Paint":3,"Question Card":14,"MawBank":23,"InkBottle":17,"Toy Ornithopter":26},{"Calling Bell":7,"Shovel":7,"Bronze Scales":7,"Bird Faced Urn":12,"Uniform":0,"Omamori":10,"Membership Card":10,"War Paint":1,"Question Card":6,"MawBank":10,"InkBottle":7,"Toy Ornithopter":12},{"Calling Bell":40,"Shovel":40,"Bronze Scales":40,"Bird Faced Urn":82,"Uniform":0,"Omamori":63,"Membership Card":63,"War Paint":2,"Question Card":27,"MawBank":63,"InkBottle":40,"Toy Ornithopter":82}],"InkBottle":[14],"Toy Ornithopter":0},"card_choices":[{"not_picked":["DoubleEdge","Starlight"],"picked":"Luminosity","floor":1},{"not_picked":["TimeWarp","Shuttle"],"picked":"BottledTime","floor":5},{"not_picked":["Unruled","Desolation"],"picked":"Alleviate","floor":7},{"not_picked":["Unruled","ShatteredReality"],"picked":"Hightail","floor":8},{"not_picked":["Alleviate","Moonlight"],"picked":"Rearm","floor":10},{"not_picked":["RealityMarble","Ricochet"],"picked":"Manipulate","floor":13},{"not_picked":["Deny","Initiator","SoulSculpture"],"picked":"FloweringNight","floor":16},{"not_picked":["FastForward+1","Spin","Potential"],"picked":"GearUp","floor":18},{"not_picked":["Replace","ShatteredReality+1","TimeWarp"],"picked":"Manipulate","floor":19},{"not_picked":["Ricochet","FastForward+1","Rearm"],"picked":"Read","floor":20},{"not_picked":["Manipulate+1","BestPractice","Foresight","BottledTime+1"],"picked":"SKIP","floor":24},{"not_picked":["SurpressingFire","Sunlight","BestPractice+1"],"picked":"Contraction+1","floor":25}],"player_experience":122491,"relics_obtained":[{"floor":14,"key":"Question Card"},{"floor":17,"key":"Bronze Scales"},{"floor":17,"key":"InkBottle"},{"floor":17,"key":"Shovel"},{"floor":23,"key":"MawBank"},{"floor":25,"key":"Bird Faced Urn"},{"floor":26,"key":"Toy Ornithopter"}],"event_choices":[{"cards_removed":["Strike_S"],"damage_healed":0,"gold_gain":0,"player_choice":"Purged","damage_taken":0,"max_hp_gain":0,"max_hp_loss":0,"event_name":"Purifier","floor":4,"gold_loss":0},{"damage_healed":0,"gold_gain":0,"player_choice":"Opened","damage_taken":0,"relics_obtained":["Omamori"],"max_hp_gain":0,"max_hp_loss":0,"event_name":"The Mausoleum","floor":22,"gold_loss":0},{"damage_healed":0,"gold_gain":0,"player_choice":"Insight","damage_taken":0,"max_hp_gain":0,"max_hp_loss":0,"event_name":"betterThird:BetterWriting","floor":27,"gold_loss":0,"cards_obtained":["Insight"]}],"is_beta":false,"boss_relics":[{"not_picked":["Coffee Dripper","Runic Pyramid"],"picked":"Calling Bell"}],"items_purged_floors":[],"is_endless":false,"potions_floor_spawned":[1,8,13,18,20],"killed_by":"Gremlin Leader","ascension_level":0}}