{"host":"kxz5izodaorfb9am","time":1613503345,"event":{"mods":["BaseMod","GifTheSpireLib","Minty Spire (QoL Compilation)","Shop Mod","StSLib"],"gold_per_floor":[111,130,205,155,179,179,211,211,211,211,223,236,256,105,105,205,205,219,21,34,48,62,62,62],"floor_reached":23,"language":"ENG","playtime":1604,"items_purged":["Strike_R","Strike_R"],"score":273,"play_id":"44e52ebf-53a2-4c06-8aca-639555f5c2f7","local_time":"20210216202225","is_ascension_mode":true,"campfire_choices":[{"data":"Body Slam","floor":6,"key":"SMITH"},{"data":"Shrug It Off","floor":8,"key":"SMITH"},{"data":"Hemokinesis","floor":10,"key":"SMITH"},{"data":"Bash","floor":15,"key":"SMITH"}],"circlet_count":0,"master_deck":["Strike_R","Strike_R","Defend_R","Defend_R","Defend_R","Defend_R","Bash+1","Hemokinesis+1","Body Slam+1","Shrug It Off+1","Battle Trance","Power Through","Blood for Blood","Reaper","Body Slam","Fire Breathing","Shrug It Off","Entrench"],"relics":["Burning Blood","NeowsBlessing","Bag of Preparation","Orichalcum","Blue Candle","Runic Cube"],"acts_visited":["Exordium","TheCity"],"potions_floor_usage":[18,21,23,23],"damage_taken":[{"damage":0,"enemies":"2 Louse","floor":1,"turns":1},{"damage":0,"enemies":"Jaw Worm","floor":2,"turns":1},{"damage":0,"enemies":"Gremlin Nob","floor":7,"turns":1},{"damage":2,"enemies":"Cultist","floor":11,"turns":2},{"damage":16,"enemies":"Exordium Wildlife","floor":12,"turns":4},{"damage":4,"enemies":"Lots of Slimes","floor":13,"turns":4},{"damage":22,"enemies":"The Guardian","floor":16,"turns":7},{"damage":35,"enemies":"3 Byrds","floor":18,"turns":12},{"damage":12,"enemies":"2 Thieves","floor":20,"turns":5},{"damage":34,"enemies":"3 Cultists","floor":21,"turns":6},{"damage":13,"enemies":"Centurion and Healer","floor":22,"turns":8},{"damage":32,"enemies":"Book of Stabbing","floor":23,"turns":6}],"seed_played":"-4191446349396514974","potions_obtained":[{"floor":1,"key":"SkillPotion"},{"floor":2,"key":"Weak Potion"},{"floor":18,"key":"PowerPotion"},{"floor":20,"key":"GamblersBrew"}],"is_trial":false,"path_per_floor":["M","M","?","?","T","R","E","R","T","R","M","M","M","$","R","B",null,"M","$","M","M","M","E"],"character_chosen":"IRONCLAD","items_purchased":["Blood for Blood","Fire Breathing","Shrug It Off"],"campfire_rested":0,"item_purchase_floors":[14,19,19],"current_hp_per_floor":[80,80,69,69,69,69,75,75,75,75,79,69,71,71,71,55,74,49,49,51,35,32,0,0],"gold":62,"neow_bonus":"THREE_ENEMY_KILL","is_daily":false,"chose_seed":false,"campfire_upgraded":4,"win_rate":0.0,"timestamp":1613503345,"path_taken":["M","M","?","?","?","R","E","R","T","R","M","M","M","$","R","BOSS","M","$","M","M","?","E"],"items_purchased_type":["Card","Card","Card"],"build_version":"2020-12-22","purchased_purges":2,"victory":false,"max_hp_per_floor":[80,80,80,80,80,80,80,80,80,80,80,80,80,80,80,80,80,80,80,80,80,80,80,80],"card_choices":[{"not_picked":["Seeing Red","Heavy Blade"],"picked":"Hemokinesis","floor":1},{"not_picked":["Whirlwind","Wild Strike"],"picked":"Body Slam","floor":2},{"not_picked":["Bloodletting","Reckless Charge"],"picked":"Shrug It Off","floor":7},{"not_picked":["Armaments","Anger","Clothesline"],"picked":"SKIP","floor":11},{"not_picked":["Whirlwind","Pommel Strike"],"picked":"Battle Trance","floor":12},{"not_picked":["Cleave","Pummel"],"picked":"Power Through","floor":13},{"not_picked":["Bludgeon","Double Tap"],"picked":"Reaper","floor":16},{"not_picked":["Warcry","Anger"],"picked":"Body Slam","floor":18},{"not_picked":["Rage+1","Searing Blow","Anger"],"picked":"SKIP","floor":20},{"not_picked":["Shrug It Off","Iron Wave"],"picked":"Entrench","floor":21},{"not_picked":["Searing Blow","Iron Wave","Pommel Strike"],"picked":"SKIP","floor":22}],"player_experience":332644,"relics_obtained":[{"floor":5,"key":"Bag of Preparation"},{"floor":7,"key":"Orichalcum"},{"floor":9,"key":"Blue Candle"}],"event_choices":[{"damage_healed":0,"gold_gain":75,"player_choice":"Gather Gold","damage_taken":11,"max_hp_gain":0,"max_hp_loss":0,"event_name":"World of Goop","floor":3,"gold_loss":0},{"cards_removed":["Strike_R"],"damage_healed":0,"gold_gain":0,"player_choice":"Card Removal","damage_taken":0,"max_hp_gain":0,"max_hp_loss":0,"event_name":"The Cleric","floor":4,"gold_loss":50}],"is_beta":false,"boss_relics":[{"not_picked":["Tiny House","Runic Dome"],"picked":"Runic Cube"}],"items_purged_floors":[14,19],"is_endless":false,"potions_floor_spawned":[1,2,18,20],"killed_by":"Book of Stabbing","ascension_level":5}}