{"host":"2c84cb4cp1emursg","time":1613503011,"event":{"mods":["Act Like it!","BaseMod","Better Third Choice","Bossed Relics","Hermit","Mimic Mod","Minty Spire (QoL Compilation)","Permanent Neow","StSLib","The Bug Knight"],"gold_per_floor":[109,109,122,141,141,141,157,192,231,231,263,273,54,85,85,180,180,200,216,233,251,166,166,199,218,245,275,375,405,435,34,34,130,130,140,157,157,157,175,175,209,58,85,85,37,37,68,23,23,23,23,23,23,52,52],"floor_reached":56,"language":"ENG","playtime":4148,"items_purged":["hermit:Defend_Hermit","hermit:Defend_Hermit"],"score":1505,"play_id":"2e956314-e72c-4f4a-ad7f-0ed71ef601cf","local_time":"20210216121651","is_ascension_mode":true,"campfire_choices":[{"floor":6,"key":"DIG"},{"floor":10,"key":"DIG"},{"floor":15,"key":"DIG"},{"floor":23,"key":"DIG"},{"floor":32,"key":"DIG"},{"floor":40,"key":"REST"},{"floor":44,"key":"RECALL"},{"data":"hermit:Combo","floor":49,"key":"SMITH"},{"data":"hermit:Virtue","floor":52,"key":"SMITH"}],"circlet_count":0,"master_deck":["hermit:Strike_Hermit","hermit:Strike_Hermit","hermit:Strike_Hermit","hermit:Strike_Hermit","hermit:Defend_Hermit","hermit:Defend_Hermit","hermit:Snapshot","hermit:Covet","hermit:LuckOfTheDraw+1","hermit:Combo+1","hermit:Deadeye","hermit:TakeAim","hermit:GoldenBullet","hermit:Coalescence+1","hermit:EyeOfTheStorm","hermit:Virtue+1","hermit:GoldenBullet","hermit:Coalescence","hermit:Virtue","Madness","Madness","hermit:Dive","hermit:LowProfile+1","hermit:Coalescence+1","hermit:Glare"],"relics":["Astrolabe","Shovel","Meat on the Bone","Gremlin Horn","HollowMod:PaleOreRelic","Pen Nib","MealTicket","hermit:PetGhost","hermit:RyeStalk","Bronze Scales","SlaversCollar","Strawberry","HollowMod:StagPassRelic","Oddly Smooth Stone","Tiny Chest","WingedGreaves","Toy Ornithopter","War Paint","ClockworkSouvenir","Regal Pillow","SacredBark","Shuriken","Lantern","HollowMod:JonisBlessing","Nunchaku","Ancient Tea Set","Art of War"],"acts_visited":["Exordium","TheCity","TheBeyond","TheEnding"],"potions_floor_usage":[8,16,16,19,24,25,35,35,39,55],"damage_taken":[{"damage":0,"enemies":"Small Slimes","floor":1,"turns":3},{"damage":1,"enemies":"Jaw Worm","floor":3,"turns":2},{"damage":0,"enemies":"Cultist","floor":4,"turns":1},{"damage":0,"enemies":"Exordium Wildlife","floor":7,"turns":2},{"damage":4,"enemies":"3 Sentries","floor":8,"turns":7},{"damage":4,"enemies":"Gremlin Gang","floor":9,"turns":5},{"damage":22,"enemies":"Gremlin Nob","floor":11,"turns":4},{"damage":0,"enemies":"Gremlin Gang","floor":12,"turns":2},{"damage":9,"enemies":"HollowMod:MossKnight","floor":14,"turns":5},{"damage":23,"enemies":"The Guardian","floor":16,"turns":6},{"damage":15,"enemies":"3 Byrds","floor":18,"turns":2},{"damage":2,"enemies":"Spheric Guardian","floor":19,"turns":3},{"damage":16,"enemies":"Snake Plant","floor":20,"turns":2},{"damage":17,"enemies":"Centurion and Healer","floor":21,"turns":3},{"damage":15,"enemies":"Book of Stabbing","floor":24,"turns":3},{"damage":0,"enemies":"3 Cultists","floor":25,"turns":2},{"damage":0,"enemies":"Gremlin Leader","floor":27,"turns":2},{"damage":27,"enemies":"Book of Stabbing","floor":29,"turns":3},{"damage":0,"enemies":"Gremlin Leader","floor":30,"turns":2},{"damage":7,"enemies":"Champ","floor":33,"turns":4},{"damage":6,"enemies":"3 Darklings","floor":35,"turns":3},{"damage":40,"enemies":"Orb Walker","floor":36,"turns":4},{"damage":44,"enemies":"4 Shapes","floor":39,"turns":5},{"damage":15,"enemies":"Nemesis","floor":41,"turns":5},{"damage":1,"enemies":"Reptomancer","floor":47,"turns":7},{"damage":37,"enemies":"Donu and Deca","floor":50,"turns":9},{"damage":0,"enemies":"Shield and Spear","floor":54,"turns":3},{"damage":119,"enemies":"The Heart","floor":55,"turns":10}],"seed_played":"-3754373148745229702","potions_obtained":[{"floor":4,"key":"LiquidBronze"},{"floor":7,"key":"SkillPotion"},{"floor":11,"key":"hermit:Tonic"},{"floor":12,"key":"PowerPotion"},{"floor":16,"key":"FearPotion"},{"floor":18,"key":"Weak Potion"},{"floor":19,"key":"Fruit Juice"},{"floor":24,"key":"SkillPotion"},{"floor":25,"key":"Fire Potion"},{"floor":29,"key":"GamblersBrew"},{"floor":36,"key":"PowerPotion"}],"is_trial":false,"path_per_floor":["M","?","M","M","T","R","M","E","MIM","R","E","M","$","E","R","B",null,"M","M","M","M","?","R","E","M","T","E","?","E","E","$","R","B",null,"M","M","?","T","M","R","E","$","T","R","$","?","E","$","R","B",null,"R","$","E","B",null],"character_chosen":"HERMIT","items_purchased":["hermit:PetGhost","War Paint","ClockworkSouvenir","HollowMod:JonisBlessing","hermit:Coalescence","hermit:Glare"],"campfire_rested":1,"item_purchase_floors":[13,31,31,42,45,48],"current_hp_per_floor":[75,80,79,79,79,79,79,75,71,71,49,49,64,55,55,44,80,65,68,52,47,54,54,51,51,51,51,51,36,48,63,63,56,92,92,52,40,40,13,55,52,67,67,67,82,82,81,92,92,55,92,92,92,92,1],"gold":52,"neow_bonus":"BOSS_RELIC","is_daily":false,"chose_seed":false,"campfire_upgraded":2,"win_rate":0.0,"timestamp":1613503011,"path_taken":["M","?","M","M","?","R","M","E","MIM","R","E","M","$","E","R","BOSS","M","M","M","M","?","R","E","M","T","E","?","E","E","$","R","BOSS","M","?","?","?","M","R","E","$","T","R","$","?","E","?","R","BOSS","R","$","E","BOSS"],"items_purchased_type":["Relic","Relic","Relic","Relic","Card","Card"],"build_version":"2020-12-22","purchased_purges":2,"victory":true,"max_hp_per_floor":[75,80,80,80,80,80,80,80,80,80,80,80,80,80,80,80,80,80,85,85,85,92,92,92,92,92,92,92,92,92,92,92,92,92,92,92,92,92,92,92,92,92,92,92,92,92,92,92,92,92,92,92,92,92,92],"card_choices":[{"not_picked":["hermit:EyeOfTheStorm","hermit:HoleUp"],"picked":"hermit:Headshot","floor":1},{"not_picked":["hermit:CalledShot","hermit:FlashPowder"],"picked":"hermit:LuckOfTheDraw","floor":3},{"not_picked":["hermit:FullyLoaded","hermit:BodyArmor"],"picked":"hermit:Combo","floor":4},{"not_picked":["hermit:HoleUp","hermit:EternalForm","hermit:Misfire"],"picked":"SKIP","floor":7},{"not_picked":["hermit:GhostlyPresence","hermit:Desperado"],"picked":"hermit:Deadeye","floor":8},{"not_picked":["hermit:LowProfile","hermit:CalledShot"],"picked":"hermit:TakeAim","floor":9},{"not_picked":["hermit:Headshot","hermit:Glare","hermit:FinalCanter"],"picked":"SKIP","floor":11},{"not_picked":["hermit:CursedWeapon","hermit:Quickdraw"],"picked":"hermit:GoldenBullet","floor":12},{"not_picked":["hermit:Manifest","hermit:Desperado","hermit:ItchyTrigger"],"picked":"SKIP","floor":14},{"not_picked":["hermit:Misfire","hermit:Determination"],"picked":"hermit:Coalescence","floor":18},{"not_picked":["hermit:SprayPray+1","hermit:Quickdraw"],"picked":"hermit:EyeOfTheStorm","floor":19},{"not_picked":["hermit:SprayPray","hermit:Gestalt","hermit:FlashPowder"],"picked":"SKIP","floor":20},{"not_picked":["hermit:Ricochet","hermit:Headshot","hermit:FatalDesire"],"picked":"SKIP","floor":21},{"not_picked":["hermit:Ricochet","hermit:Manifest+1","hermit:TrackingShot"],"picked":"SKIP","floor":24},{"not_picked":["hermit:CalledShot+1","hermit:TrackingShot","hermit:FlashPowder+1"],"picked":"SKIP","floor":25},{"not_picked":["hermit:Ricochet","hermit:Gestalt","hermit:HighCaliber"],"picked":"SKIP","floor":27},{"not_picked":["hermit:Cheat","hermit:Adapt"],"picked":"hermit:Virtue","floor":29},{"not_picked":["hermit:Desperado","hermit:ItchyTrigger"],"picked":"hermit:GoldenBullet","floor":30},{"not_picked":["hermit:Dive","hermit:Roulette"],"picked":"hermit:Coalescence","floor":35},{"not_picked":["hermit:GhostlyPresence+1","hermit:SprayPray+1"],"picked":"hermit:Virtue","floor":36},{"not_picked":["hermit:Headshot+1","hermit:HoleUp+1"],"picked":"hermit:Dive","floor":39},{"not_picked":["hermit:Enervate","hermit:Midnight"],"picked":"hermit:LowProfile+1","floor":41},{"not_picked":["hermit:Ricochet","hermit:SprayPray+1","hermit:Malice"],"picked":"SKIP","floor":47},{"not_picked":["hermit:Ricochet+1","hermit:Combo+1","hermit:BodyArmor"],"picked":"SKIP","floor":54}],"player_experience":521644,"relics_obtained":[{"floor":5,"key":"Shovel"},{"floor":6,"key":"Meat on the Bone"},{"floor":8,"key":"Gremlin Horn"},{"floor":9,"key":"HollowMod:PaleOreRelic"},{"floor":10,"key":"Pen Nib"},{"floor":11,"key":"MealTicket"},{"floor":14,"key":"hermit:RyeStalk"},{"floor":15,"key":"Bronze Scales"},{"floor":23,"key":"HollowMod:StagPassRelic"},{"floor":24,"key":"Oddly Smooth Stone"},{"floor":27,"key":"Tiny Chest"},{"floor":29,"key":"WingedGreaves"},{"floor":30,"key":"Toy Ornithopter"},{"floor":32,"key":"Regal Pillow"},{"floor":38,"key":"Shuriken"},{"floor":41,"key":"Lantern"},{"floor":43,"key":"Nunchaku"},{"floor":47,"key":"Ancient Tea Set"},{"floor":54,"key":"Art of War"}],"event_choices":[{"damage_healed":0,"gold_gain":0,"player_choice":"Donut","damage_taken":0,"max_hp_gain":5,"max_hp_loss":0,"event_name":"Big Fish","floor":2,"gold_loss":0},{"damage_healed":0,"gold_gain":0,"player_choice":"Obtained Relic","damage_taken":0,"relics_obtained":["Strawberry"],"max_hp_gain":0,"max_hp_loss":0,"event_name":"Addict","floor":22,"gold_loss":85},{"damage_healed":0,"gold_gain":100,"player_choice":"Pray","damage_taken":0,"max_hp_gain":0,"max_hp_loss":0,"event_name":"Golden Shrine","floor":28,"gold_loss":0},{"damage_healed":0,"gold_gain":0,"player_choice":"Embrace Madness","damage_taken":12,"max_hp_gain":0,"max_hp_loss":0,"event_name":"Winding Halls","floor":37,"gold_loss":0,"cards_obtained":["Madness","Madness"]},{"cards_removed":["hermit:Headshot"],"damage_healed":0,"gold_gain":0,"player_choice":"Removed Attack","damage_taken":0,"max_hp_gain":0,"max_hp_loss":0,"event_name":"Falling","floor":46,"gold_loss":0}],"is_beta":false,"boss_relics":[{"not_picked":["Velvet Choker","Ectoplasm"],"picked":"SlaversCollar"},{"not_picked":["Runic Pyramid","Sozu"],"picked":"SacredBark"}],"items_purged_floors":[13,31],"is_endless":false,"potions_floor_spawned":[4,7,11,12,16,18,19,24,25,29,36],"ascension_level":1}}