{"host":"k5fgrtcqzqosfxt0","time":1613480668,"event":{"mods":["Act Like it!","Aspiration","BaseMod","Downfall","Gensokyo","Minty Spire (QoL Compilation)","StSLib","TestMod","UnlockEverythingMod"],"gold_per_floor":[115,22,36,36,36,36,68,68,95,128,128,178,193,215,215,309,309,328,603,624,539,567,613,613,659,659,659,263,292,312,345,345,439,439,461,495,495,52,80,126,126,164,188,216,216,249,249,294,294,326,352,352,352,80,127,177],"floor_reached":57,"language":"ZHS","playtime":2398,"items_purged":["Regret","Strike_G","Defend_G"],"score":3637,"play_id":"cd660ca4-08ff-4217-9e28-e0898e0d5209","local_time":"20210216210428","is_ascension_mode":true,"campfire_choices":[{"data":"Neutralize","floor":6.0,"key":"SMITH"},{"floor":11.0,"key":"RECALL"},{"data":"Blade Dance","floor":15.0,"key":"SMITH"},{"data":"Calculated Gamble","floor":24.0,"key":"SMITH"},{"data":"Reflex","floor":32.0,"key":"SMITH"},{"data":"1","floor":41,"key":"LIFT"},{"data":"2","floor":45,"key":"LIFT"},{"data":"3","floor":49,"key":"LIFT"},{"data":"Well Laid Plans","floor":53,"key":"SMITH"}],"circlet_count":0,"master_deck":["AscendersBane","Strike_G+1","Defend_G","Defend_G+1","Defend_G","Defend_G","Survivor","Neutralize+1","Dagger Spray+1","Grand Finale+1","Escape Plan","Tactician","Blade Dance+1","Calculated Gamble+1","Blade Dance","Dash+1","Backflip","Distraction+1","Bouncing Flask+1","Reflex+1","Backflip","Prepared+1","Leg Sweep+1","Acrobatics","Well Laid Plans+1","Choke+1","Flechettes+1"],"relics":["Ring of the Snake","testmod-TestBox","NeowsBlessing","testmod-DeterminationOfClimber","Molten Egg 2","Girya","aspiration:ChemicalBlood","Meat on the Bone","testmod-StringDisintegrator","Mercury Hourglass","Akabeko","aspiration:SeaSaltIceCream","Astrolabe","Cracked Core","Tingsha","Du-Vu Doll","aspiration:RitualDagger","FossilizedHelix","testmod-CrystalShield","Pear","HornCleat","Art of War","Dead Branch","Membership Card","Vajra"],"acts_visited":["Exordium","TheCity","TheBeyond","TheEnding"],"potions_floor_usage":[56,56,56],"damage_taken":[{"damage":0.0,"enemies":"Cultist","floor":1.0,"turns":1.0},{"damage":0.0,"enemies":"2 Louse","floor":3.0,"turns":1.0},{"damage":0.0,"enemies":"Lagavulin","floor":7.0,"turns":1.0},{"damage":24.0,"enemies":"3 Sentries","floor":10.0,"turns":8.0},{"damage":0.0,"enemies":"Small Slimes","floor":13.0,"turns":2.0},{"damage":0.0,"enemies":"Gremlin Gang","floor":14.0,"turns":3.0},{"damage":0.0,"enemies":"Hexaghost","floor":16.0,"turns":4.0},{"damage":0.0,"enemies":"2 Thieves","floor":18.0,"turns":2.0},{"damage":0.0,"enemies":"3 Byrds","floor":20.0,"turns":4.0},{"damage":0.0,"enemies":"Snecko","floor":22.0,"turns":2.0},{"damage":15.0,"enemies":"Gremlin Leader","floor":23.0,"turns":4.0},{"damage":0.0,"enemies":"Book of Stabbing","floor":25.0,"turns":2.0},{"damage":0.0,"enemies":"Cultist and Chosen","floor":29.0,"turns":1.0},{"damage":0.0,"enemies":"Centurion and Healer","floor":30.0,"turns":1.0},{"damage":0.0,"enemies":"Slavers","floor":31.0,"turns":1.0},{"damage":0.0,"enemies":"Collector","floor":33.0,"turns":1.0},{"damage":3.0,"enemies":"3 Shapes","floor":35.0,"turns":1.0},{"damage":3,"enemies":"Mind Bloom Boss Battle","floor":36,"turns":1},{"damage":0,"enemies":"3 Darklings","floor":39,"turns":1},{"damage":0,"enemies":"Nemesis","floor":40,"turns":1},{"damage":0,"enemies":"Reptomancer","floor":42,"turns":1},{"damage":0,"enemies":"Writhing Mass","floor":44,"turns":1},{"damage":15,"enemies":"Transient","floor":46,"turns":6},{"damage":0,"enemies":"Nemesis","floor":48,"turns":1},{"damage":12,"enemies":"Time Eater","floor":50,"turns":5},{"damage":6,"enemies":"Donu and Deca","floor":51,"turns":3},{"damage":0,"enemies":"Shield and Spear","floor":55,"turns":1},{"damage":30,"enemies":"The Heart","floor":56,"turns":5}],"seed_played":"-1694573848009308114","potions_obtained":[{"floor":3.0,"key":"PowerPotion"},{"floor":10.0,"key":"Slimebound:ThreeZeroPotion"},{"floor":18.0,"key":"Strength Potion"}],"is_trial":false,"path_per_floor":["M","?","M","$","$","R","E","?","T","E","R","?","M","M","R","B",null,"M","?","M","?","M","E","R","E","T","?","$","M","M","E","R","B",null,"M","?","?","$","M","E","R","E","T","M","R","M","?","E","R","B","B",null,"R","$","E","B",null],"character_chosen":"THE_SILENT","items_purchased":["Tingsha","testmod-CrystalShield","Membership Card","Flechettes+1"],"campfire_rested":0,"item_purchase_floors":[28,38,54,54],"current_hp_per_floor":[59,59,59,59,59,59,59,39,39,17,17,17,31,45,45,66,66,66,66,66,66,66,56,56,66,66,66,66,66,66,66,66,66,66,66,66,66,66,66,76,76,76,76,76,76,72,72,76,76,76,74,76,76,76,76,75],"gold":177,"neow_bonus":"THREE_ENEMY_KILL","is_daily":false,"chose_seed":false,"campfire_upgraded":5,"win_rate":0.0,"timestamp":1613480668,"path_taken":["M","?","M","?","$","R","E","?","T","E","R","?","M","?","R","BOSS","M","?","?","?","M","E","R","E","T","?","?","M","M","E","R","BOSS","M","?","?","$","?","E","R","E","T","M","R","M","?","E","R","BOSS","BOSS","R","$","E","BOSS"],"items_purchased_type":["Relic","Relic","Relic","Card"],"build_version":"2020-12-22","purchased_purges":3,"victory":true,"max_hp_per_floor":[66,66,66,66,66,66,66,66,66,66,66,66,66,66,66,66,66,66,66,66,66,66,66,66,66,66,66,66,66,66,66,66,66,66,66,66,66,66,66,76,76,76,76,76,76,76,76,76,76,76,76,76,76,76,76,76],"card_choices":[{"not_picked":["Quick Slash","Outmaneuver","Sucker Punch"],"picked":"SKIP","floor":1.0},{"not_picked":["Quick Slash+1","Bane+1"],"picked":"Dagger Spray+1","floor":3.0},{"not_picked":["Blade Dance","Blur"],"picked":"Grand Finale+1","floor":7.0},{"not_picked":["Sucker Punch+1","PiercingWail"],"picked":"Escape Plan","floor":10.0},{"not_picked":["Crippling Poison","Skewer+1"],"picked":"Tactician","floor":13.0},{"not_picked":["Well Laid Plans","Flying Knee+1"],"picked":"Blade Dance","floor":14.0},{"not_picked":["Bane+1","Deadly Poison+1"],"picked":"Calculated Gamble","floor":18.0},{"not_picked":["Dagger Throw+1","Flying Knee+1"],"picked":"Blade Dance","floor":20.0},{"not_picked":["Bane+1","PiercingWail"],"picked":"Dash+1","floor":22.0},{"not_picked":["Night Terror","Noxious Fumes+1"],"picked":"Backflip","floor":23.0},{"not_picked":["Dodge and Roll","Backstab+1"],"picked":"Reflex","floor":25.0},{"not_picked":["Infinite Blades","Dodge and Roll"],"picked":"Backflip","floor":29.0},{"not_picked":["Reflex","Backflip","Tools of the Trade"],"picked":"SKIP","floor":30.0},{"not_picked":["Heel Hook+1","Distraction"],"picked":"Prepared+1","floor":31.0},{"not_picked":["Caltrops","Dash+1"],"picked":"Leg Sweep+1","floor":35.0},{"not_picked":["Dagger Spray+1","Bane+1"],"picked":"Acrobatics","floor":36},{"not_picked":["Bane+1","Noxious Fumes","Quick Slash+1"],"picked":"SKIP","floor":39},{"not_picked":["Cloak And Dagger","Dagger Throw+1","All Out Attack+1"],"picked":"SKIP","floor":40},{"not_picked":["Infinite Blades","Finisher+1","Prepared"],"picked":"SKIP","floor":42},{"not_picked":["Dodge and Roll","Calculated Gamble+1","Bane+1"],"picked":"SKIP","floor":44},{"not_picked":["All Out Attack+1","Tools of the Trade"],"picked":"Well Laid Plans","floor":46},{"not_picked":["Riddle With Holes+1","Leg Sweep"],"picked":"Choke+1","floor":48},{"not_picked":["Slice+1","Prepared","Dagger Spray+1"],"picked":"SKIP","floor":55}],"player_experience":668026,"relics_obtained":[{"floor":7.0,"key":"Girya"},{"floor":9.0,"key":"aspiration:ChemicalBlood"},{"floor":10.0,"key":"Meat on the Bone"},{"floor":23.0,"key":"Akabeko"},{"floor":25.0,"key":"aspiration:SeaSaltIceCream"},{"floor":31.0,"key":"Du-Vu Doll"},{"floor":36,"key":"FossilizedHelix"},{"floor":40,"key":"Pear"},{"floor":42,"key":"HornCleat"},{"floor":43,"key":"Art of War"},{"floor":48,"key":"Dead Branch"},{"floor":55,"key":"Vajra"}],"event_choices":[{"damage_healed":0.0,"max_hp_gain":0.0,"max_hp_loss":0.0,"gold_gain":0.0,"event_name":"WeMeetAgain","player_choice":"Paid Gold","floor":2.0,"gold_loss":93.0,"damage_taken":0.0,"relics_obtained":["Molten Egg 2"]},{"damage_healed":0.0,"max_hp_gain":0.0,"max_hp_loss":0.0,"gold_gain":0.0,"event_name":"Shining Light","player_choice":"Entered Light","floor":8.0,"gold_loss":0.0,"damage_taken":20.0,"cards_upgraded":["Strike_G","Defend_G"]},{"damage_healed":0.0,"max_hp_gain":0.0,"max_hp_loss":0.0,"gold_gain":50.0,"event_name":"Golden Shrine","player_choice":"Pray","floor":12.0,"gold_loss":0.0,"damage_taken":0.0},{"damage_healed":0.0,"max_hp_gain":0.0,"max_hp_loss":0.0,"gold_gain":275.0,"event_name":"Golden Shrine","player_choice":"Desecrate","floor":19.0,"gold_loss":0.0,"damage_taken":0.0,"cards_obtained":["Regret"]},{"damage_healed":0.0,"max_hp_gain":0.0,"max_hp_loss":0.0,"gold_gain":0.0,"event_name":"Addict","player_choice":"Obtained Relic","floor":21.0,"gold_loss":85.0,"damage_taken":0.0,"relics_obtained":["Mercury Hourglass"]},{"damage_healed":0.0,"max_hp_gain":0.0,"max_hp_loss":0.0,"gold_gain":0.0,"event_name":"给自己的盒子","player_choice":"Swap Relic","floor":27.0,"relics_lost":["aspiration:Nostalgia"],"gold_loss":0.0,"damage_taken":0.0,"relics_obtained":["aspiration:Nostalgia"]},{"damage_healed":0,"gold_gain":0,"player_choice":"Fight","damage_taken":0,"max_hp_gain":0,"max_hp_loss":0,"event_name":"MindBloom","floor":36,"gold_loss":0},{"cards_removed":["Slice"],"damage_healed":0,"gold_gain":0,"player_choice":"Removed Attack","damage_taken":0,"max_hp_gain":0,"max_hp_loss":0,"event_name":"Falling","floor":37,"gold_loss":0},{"damage_healed":0,"gold_gain":0,"player_choice":"Ignored","damage_taken":0,"max_hp_gain":0,"max_hp_loss":0,"event_name":"Tomb of Lord Red Mask","floor":47,"gold_loss":0}],"is_beta":false,"boss_relics":[{"not_picked":["testmod-TimeTraveler","testmod-CardMagician"],"picked":"testmod-StringDisintegrator"},{"not_picked":["testmod-BatchProcessingSystem","aspiration:BursterCore"],"picked":"aspiration:RitualDagger"}],"items_purged_floors":[28,38,54],"is_endless":false,"potions_floor_spawned":[3,10,18,29,30,31,33,39,40,44,46,48],"ascension_level":20}}