{"host":"mwb0clku6crgv6yl","time":1613474622,"event":{"mods":["AchievementEnabler","BaseMod","Highlight Path","Minty Spire (QoL Compilation)","StSLib","The Cursed"],"gold_per_floor":[118,118,118,130,44,76,88,88,136,136,151,151,194,229,229,306,306,325,375,375,88,101,154,166,195,207,237,115,115,115],"floor_reached":29,"language":"ZHS","playtime":1462,"items_purged":["Strike_P","Strike_P"],"score":490,"play_id":"7f92943d-a1b9-4b36-9088-cca1f18bafaa","local_time":"20210216192342","is_ascension_mode":true,"campfire_choices":[{"data":"Eruption","floor":8.0,"key":"SMITH"},{"data":"WaveOfTheHand","floor":10.0,"key":"SMITH"},{"data":"Fasting2","floor":15.0,"key":"SMITH"},{"data":"DevaForm","floor":24.0,"key":"SMITH"}],"circlet_count":0,"master_deck":["AscendersBane","Strike_P","Strike_P","Defend_P","Defend_P+1","Defend_P+1","Defend_P","Eruption+1","Vigilance","Consecrate","WaveOfTheHand+1","SandsOfTime","Wish","Fasting2+1","Protect","LessonLearned","FearNoEvil","Master of Strategy","DevaForm+1","Collect","LikeWater"],"relics":["Coffee Dripper","Akabeko","Bag of Marbles","Sozu","Omamori","MawBank","Smiling Mask"],"acts_visited":["Exordium","TheCity"],"potions_floor_usage":[29],"damage_taken":[{"damage":8.0,"enemies":"Small Slimes","floor":1.0,"turns":5.0},{"damage":4.0,"enemies":"2 Louse","floor":4.0,"turns":3.0},{"damage":15.0,"enemies":"Lagavulin","floor":6.0,"turns":5.0},{"damage":0.0,"enemies":"Cultist","floor":7.0,"turns":4.0},{"damage":7.0,"enemies":"Lots of Slimes","floor":11.0,"turns":3.0},{"damage":3.0,"enemies":"Red Slaver","floor":13.0,"turns":4.0},{"damage":2.0,"enemies":"Exordium Wildlife","floor":14.0,"turns":5.0},{"damage":5.0,"enemies":"Slime Boss","floor":16.0,"turns":8.0},{"damage":12.0,"enemies":"Shell Parasite","floor":18.0,"turns":6.0},{"damage":0.0,"enemies":"Spheric Guardian","floor":22.0,"turns":3.0},{"damage":13.0,"enemies":"Book of Stabbing","floor":23.0,"turns":5.0},{"damage":24,"enemies":"Shelled Parasite and Fungi","floor":25,"turns":6},{"damage":1,"enemies":"Snecko","floor":27,"turns":6},{"damage":6,"enemies":"Snake Plant","floor":29,"turns":1}],"seed_played":"139402255312394011","potions_obtained":[{"floor":3.0,"key":"SkillPotion"},{"floor":3.0,"key":"Fire Potion"},{"floor":16.0,"key":"LiquidBronze"}],"is_trial":false,"path_per_floor":["M","?","?","M","$","E","M","R","T","R","M","$","M","M","R","B",null,"M","?","T","$","M","E","R","M","T","M","$","M"],"character_chosen":"WATCHER","items_purchased":["SandsOfTime","Master of Strategy","LikeWater"],"campfire_rested":0,"item_purchase_floors":[5,21,28],"current_hp_per_floor":[53,53,53,49,49,34,34,34,34,34,27,27,24,22,22,17,55,43,43,43,43,43,30,30,6,6,5,5,0,0],"gold":115,"neow_bonus":"BOSS_RELIC","is_daily":false,"chose_seed":false,"campfire_upgraded":4,"win_rate":0.0,"timestamp":1613474622,"path_taken":["M","?","?","M","$","E","M","R","T","R","?","?","M","?","R","BOSS","M","?","?","$","M","E","R","M","T","M","$","M"],"items_purchased_type":["Card","Card","Card"],"build_version":"2020-12-22","purchased_purges":2,"victory":false,"max_hp_per_floor":[68,68,68,68,68,68,68,68,68,68,68,68,68,68,68,68,68,68,68,68,68,68,68,68,68,68,68,68,68,68],"card_choices":[{"not_picked":["ClearTheMind","ThirdEye"],"picked":"Consecrate","floor":1.0},{"not_picked":["CarveReality","Prostrate"],"picked":"WaveOfTheHand","floor":4.0},{"not_picked":["Prostrate","Wireheading"],"picked":"Wish","floor":6.0},{"not_picked":["EmptyFist","SashWhip","Halt"],"picked":"SKIP","floor":7.0},{"not_picked":["FlyingSleeves","Evaluate"],"picked":"Fasting2","floor":11.0},{"not_picked":["Prostrate","Weave"],"picked":"Protect","floor":13.0},{"not_picked":["BattleHymn","JustLucky","DeceiveReality"],"picked":"SKIP","floor":14.0},{"not_picked":["Brilliance","Judgement"],"picked":"LessonLearned","floor":16.0},{"not_picked":["ThirdEye","CrushJoints"],"picked":"FearNoEvil","floor":18.0},{"not_picked":["Halt","Weave","SashWhip"],"picked":"SKIP","floor":22.0},{"not_picked":["Vengeance","MentalFortress+1"],"picked":"DevaForm","floor":23.0},{"not_picked":["FlurryOfBlows+1","Fasting2"],"picked":"Collect","floor":25},{"not_picked":["SashWhip","PathToVictory","Prostrate"],"picked":"SKIP","floor":27}],"player_experience":333669,"relics_obtained":[{"floor":6.0,"key":"Akabeko"},{"floor":9.0,"key":"Bag of Marbles"},{"floor":20.0,"key":"Omamori"},{"floor":23.0,"key":"MawBank"},{"floor":26,"key":"Smiling Mask"}],"event_choices":[{"damage_healed":0.0,"max_hp_gain":0.0,"max_hp_loss":0.0,"gold_gain":0.0,"event_name":"Scrap Ooze","player_choice":"Fled","floor":2.0,"gold_loss":0.0,"damage_taken":0.0},{"damage_healed":0.0,"max_hp_gain":0.0,"max_hp_loss":0.0,"gold_gain":0.0,"event_name":"Lab","player_choice":"Got Potions","floor":3.0,"gold_loss":0.0,"damage_taken":0.0},{"damage_healed":0.0,"max_hp_gain":0.0,"max_hp_loss":0.0,"gold_gain":50.0,"event_name":"Nest","player_choice":"Stole From Cult","floor":19.0,"gold_loss":0.0,"damage_taken":0.0}],"is_beta":false,"boss_relics":[{"not_picked":["Calling Bell","Ectoplasm"],"picked":"Sozu"}],"items_purged_floors":[21,28],"is_endless":false,"potions_floor_spawned":[4,7,11,13,16,22,27],"killed_by":"Snake Plant","ascension_level":20}}