{"host":"3c8x8j1h2jyrixpf","time":1613439565,"event":{"mods":["BaseMod","Colored Powertips","Highlight Path","Minty Spire (QoL Compilation)","StSLib"],"gold_per_floor":[119,139,139,149,149,149,22,22,22,57,5,34,34,53,53,151,151,171,188,218,233,244,244,263,263,314,239,256,285,216,234,234,332,332,342,76,298,312,312,345,360,360,360,391,391,402,418,418,418,418,418,418,159,184,184,184],"floor_reached":55,"language":"ENG","playtime":2553,"items_purged":["Defend_B","Defend_B"],"score":1251,"play_id":"10831309-629d-42a2-b303-b7d0479d0470","local_time":"20210215193925","is_ascension_mode":true,"campfire_choices":[{"data":"Zap","floor":6,"key":"SMITH"},{"data":"Coolheaded","floor":8,"key":"SMITH"},{"data":"Self Repair","floor":13,"key":"SMITH"},{"data":"Barrage","floor":15,"key":"SMITH"},{"data":"Coolheaded","floor":23,"key":"SMITH"},{"data":"Streamline","floor":25,"key":"SMITH"},{"data":"Glacier","floor":32,"key":"SMITH"},{"floor":42,"key":"RECALL"},{"floor":45,"key":"DIG"},{"floor":49,"key":"DIG"},{"data":"Thunder Strike","floor":52,"key":"SMITH"}],"circlet_count":0,"master_deck":["AscendersBane","Defend_B","Zap+1","Dualcast","Reboot+1","Genetic Algorithm+1","Redo+1","Streamline+1","Barrage+1","Glacier+1","Coolheaded+1","Self Repair+1","Chill","Biased Cognition+1","Capacitor+1","Electrodynamics+1","Compile Driver+1","Tempest+1","Coolheaded+1","BootSequence","Storm+1","Self Repair+1","Core Surge","FTL","Seek+1","Stack+1","Loop+1","Defragment+1","Barrage+1","Thunder Strike+1","Glacier"],"relics":["Astrolabe","Frozen Egg 2","Dream Catcher","Gambling Chip","Nuclear Battery","Red Mask","Blood Vial","Tiny Chest","Philosopher\u0027s Stone","Membership Card","FossilizedHelix","Shovel","Bag of Preparation","Eternal Feather","Boot","Orichalcum","Frozen Eye","Nunchaku"],"acts_visited":["Exordium","TheCity","TheBeyond","TheEnding"],"potions_floor_usage":[12,16,33,55,55],"damage_taken":[{"damage":4,"enemies":"Small Slimes","floor":1,"turns":4},{"damage":8,"enemies":"2 Louse","floor":2,"turns":2},{"damage":2,"enemies":"Jaw Worm","floor":4,"turns":3},{"damage":0,"enemies":"Lagavulin","floor":10,"turns":7},{"damage":5,"enemies":"3 Sentries","floor":12,"turns":10},{"damage":4,"enemies":"Lots of Slimes","floor":14,"turns":6},{"damage":26,"enemies":"Slime Boss","floor":16,"turns":7},{"damage":4,"enemies":"Spheric Guardian","floor":18,"turns":3},{"damage":7,"enemies":"3 Byrds","floor":19,"turns":3},{"damage":0,"enemies":"Masked Bandits","floor":20,"turns":1},{"damage":21,"enemies":"Snake Plant","floor":21,"turns":3},{"damage":0,"enemies":"Sentry and Sphere","floor":22,"turns":1},{"damage":0,"enemies":"Cultist and Chosen","floor":24,"turns":3},{"damage":0,"enemies":"Snecko","floor":28,"turns":3},{"damage":35,"enemies":"Book of Stabbing","floor":29,"turns":7},{"damage":0,"enemies":"Snake Plant","floor":31,"turns":3},{"damage":25,"enemies":"Champ","floor":33,"turns":8},{"damage":0,"enemies":"Orb Walker","floor":35,"turns":3},{"damage":0,"enemies":"3 Shapes","floor":38,"turns":3},{"damage":33,"enemies":"Nemesis","floor":40,"turns":5},{"damage":0,"enemies":"Spire Growth","floor":41,"turns":3},{"damage":0,"enemies":"Reptomancer","floor":44,"turns":4},{"damage":0,"enemies":"3 Darklings","floor":46,"turns":2},{"damage":0,"enemies":"Sphere and 2 Shapes","floor":47,"turns":3},{"damage":0,"enemies":"Awakened One","floor":50,"turns":12},{"damage":14,"enemies":"Shield and Spear","floor":54,"turns":2},{"damage":79,"enemies":"The Heart","floor":55,"turns":9}],"seed_played":"7096626161108210220","potions_obtained":[{"floor":10,"key":"Fire Potion"},{"floor":16,"key":"Explosive Potion"},{"floor":21,"key":"Strength Potion"},{"floor":29,"key":"FearPotion"},{"floor":31,"key":"Fire Potion"},{"floor":38,"key":"Explosive Potion"},{"floor":46,"key":"EssenceOfSteel"}],"is_trial":false,"path_per_floor":["M","M","?","M","?","R","$","R","T","E","$","E","R","M","R","B",null,"M","M","?","M","M","R","M","R","T","?","M","E","$","M","R","B",null,"M","$","?","M","?","E","M","R","T","E","R","M","M","T","R","B",null,"R","$","E","B"],"character_chosen":"DEFECT","items_purchased":["Coolheaded","Self Repair","FocusPotion","Self Repair+1","Membership Card","Seek","Weak Potion","Glacier","Orichalcum","Frozen Eye"],"campfire_rested":0,"item_purchase_floors":[7,7,11,30,36,36,53,53,53,53],"current_hp_per_floor":[64,56,61,59,52,52,52,52,52,59,59,61,61,67,67,51,73,79,80,80,69,69,69,79,79,79,79,80,55,55,67,67,64,76,80,80,80,80,80,67,69,69,69,80,80,80,80,80,80,80,80,80,80,76,0,0],"gold":184,"neow_bonus":"BOSS_RELIC","is_daily":false,"chose_seed":false,"campfire_upgraded":8,"win_rate":0.0,"timestamp":1613439565,"path_taken":["M","M","?","M","?","R","$","R","T","E","?","E","R","M","R","BOSS","M","?","?","M","M","R","M","R","T","?","M","E","$","M","R","BOSS","M","$","?","M","?","E","M","R","T","E","R","M","?","?","R","BOSS","R","$","E","BOSS"],"items_purchased_type":["Card","Card","Potion","Card","Relic","Card","Potion","Card","Relic","Relic"],"build_version":"2020-12-22","purchased_purges":2,"victory":false,"max_hp_per_floor":[75,75,80,80,80,80,80,80,80,80,80,80,80,80,80,80,80,80,80,80,80,80,80,80,80,80,80,80,80,80,80,80,80,80,80,80,80,80,80,80,80,80,80,80,80,80,80,80,80,80,80,80,80,80,80,80],"card_choices":[{"not_picked":["Conserve Battery","Gash"],"picked":"Streamline","floor":1},{"not_picked":["Aggregate","Steam"],"picked":"Barrage","floor":2},{"not_picked":["Stack","Gash"],"picked":"Glacier","floor":4},{"not_picked":["Hologram","Blizzard"],"picked":"Chill","floor":10},{"not_picked":["Storm+1","Gash"],"picked":"Biased Cognition+1","floor":12},{"not_picked":["Ball Lightning","Beam Cell"],"picked":"Capacitor+1","floor":14},{"not_picked":["Machine Learning+1","All For One"],"picked":"Electrodynamics+1","floor":16},{"not_picked":["Leap","Steam"],"picked":"Compile Driver+1","floor":18},{"not_picked":["Turbo","Hologram"],"picked":"Tempest+1","floor":19},{"not_picked":["Redo+1","Rip and Tear"],"picked":"Coolheaded","floor":20},{"not_picked":["Coolheaded","Stack","Scrape"],"picked":"SKIP","floor":21},{"not_picked":["Thunder Strike","Reprogram+1","Redo"],"picked":"SKIP","floor":22},{"not_picked":["Blizzard","Force Field+1"],"picked":"BootSequence","floor":24},{"not_picked":["Barrage","Compile Driver"],"picked":"Storm+1","floor":28},{"not_picked":["Stack","Blizzard","Fusion"],"picked":"SKIP","floor":29},{"not_picked":["Stack","Blizzard","Fusion"],"picked":"SKIP","floor":29},{"not_picked":["Leap+1","Streamline","Meteor Strike"],"picked":"SKIP","floor":31},{"not_picked":["Echo Form+1","Meteor Strike"],"picked":"Core Surge","floor":33},{"not_picked":["Beam Cell","Darkness"],"picked":"FTL","floor":35},{"not_picked":["Compile Driver","Streamline+1"],"picked":"Stack+1","floor":38},{"not_picked":["Rebound+1","White Noise"],"picked":"Loop+1","floor":40},{"not_picked":["Doom and Gloom","Reinforced Body+1"],"picked":"Defragment+1","floor":41},{"not_picked":["Meteor Strike","Beam Cell+1"],"picked":"Barrage+1","floor":44},{"not_picked":["Redo+1","Beam Cell","Compile Driver+1"],"picked":"SKIP","floor":46},{"not_picked":["Conserve Battery","Glacier+1"],"picked":"Thunder Strike","floor":47},{"not_picked":["Machine Learning+1","Coolheaded","Steam+1"],"picked":"SKIP","floor":54}],"player_experience":256007,"relics_obtained":[{"floor":9,"key":"Frozen Egg 2"},{"floor":10,"key":"Dream Catcher"},{"floor":12,"key":"Gambling Chip"},{"floor":20,"key":"Red Mask"},{"floor":26,"key":"Blood Vial"},{"floor":29,"key":"Tiny Chest"},{"floor":40,"key":"FossilizedHelix"},{"floor":44,"key":"Shovel"},{"floor":45,"key":"Bag of Preparation"},{"floor":48,"key":"Eternal Feather"},{"floor":49,"key":"Boot"},{"floor":54,"key":"Nunchaku"}],"event_choices":[{"damage_healed":0,"gold_gain":0,"player_choice":"Donut","damage_taken":0,"max_hp_gain":5,"max_hp_loss":0,"event_name":"Big Fish","floor":3,"gold_loss":0},{"cards_removed":["Defend_B"],"damage_healed":0,"gold_gain":0,"player_choice":"Card Removal","damage_taken":7,"max_hp_gain":0,"max_hp_loss":0,"event_name":"Golden Wing","floor":5,"gold_loss":0},{"damage_healed":0,"gold_gain":0,"player_choice":"Fought Bandits","damage_taken":0,"max_hp_gain":0,"max_hp_loss":0,"event_name":"Masked Bandits","floor":20,"gold_loss":0},{"cards_removed":["Strike_B"],"damage_healed":0,"gold_gain":0,"player_choice":"Gave Gold","damage_taken":0,"max_hp_gain":0,"max_hp_loss":0,"event_name":"Beggar","floor":27,"gold_loss":75},{"damage_healed":0,"gold_gain":222,"player_choice":"Wore Mask","damage_taken":0,"max_hp_gain":0,"max_hp_loss":0,"event_name":"Tomb of Lord Red Mask","floor":37,"gold_loss":0},{"damage_healed":0,"gold_gain":0,"player_choice":"Upgraded","damage_taken":0,"max_hp_gain":0,"max_hp_loss":0,"event_name":"Upgrade Shrine","floor":39,"gold_loss":0,"cards_upgraded":["Seek"]}],"is_beta":false,"boss_relics":[{"not_picked":["Busted Crown","Empty Cage"],"picked":"Nuclear Battery"},{"not_picked":["Black Star","Tiny House"],"picked":"Philosopher\u0027s Stone"}],"items_purged_floors":[36,53],"is_endless":false,"potions_floor_spawned":[10,16,21,22,29,31,38,46],"killed_by":"The Heart","ascension_level":11}}