{"host":"w5thk1acqacem6ba","time":1613509644,"event":{"mods":["AchievementEnabler","BaseMod","Colored Map","KOR Keyword Fix","Minty Spire (QoL Compilation)","SuperFastMode"],"gold_per_floor":[114,39,57,76,76,76,93,22,22,37,37,37,48,68,68,167,167,177,177,177,187,200,200,212,212,212,212,112,112,124,49,49,154,154,167,178,178,191,191,191,224,224,272,272,291,291,303,14,14,14,14],"floor_reached":50,"language":"KOR","playtime":3400,"items_purged":["Strike_G","Strike_G"],"score":605,"play_id":"744a447c-8e45-4cd9-93f2-b66f6e60d8ef","local_time":"20210217060724","is_ascension_mode":true,"campfire_choices":[{"data":"Deadly Poison","floor":6,"key":"SMITH"},{"data":"Noxious Fumes","floor":12,"key":"SMITH"},{"floor":15,"key":"REST"},{"floor":23,"key":"REST"},{"floor":25,"key":"REST"},{"floor":32,"key":"REST"},{"floor":40,"key":"REST"},{"floor":42,"key":"REST"},{"floor":49,"key":"REST"}],"circlet_count":0,"master_deck":["Defend_G","Defend_G","Defend_G","Survivor","Neutralize+1","CurseOfTheBell","Deadly Poison+1","PiercingWail","Noxious Fumes+1","Heel Hook+1","Corpse Explosion","Distraction+1","Deadly Poison","Deflect","Deadly Poison","Wraith Form v2","Bouncing Flask+1","Deflect+1","Madness","Calculated Gamble","Concentrate","Glass Knife","Concentrate+1"],"relics":["Calling Bell","Toy Ornithopter","Sundial","Pocketwatch","Ninja Scroll","Empty Cage","Nilry\u0027s Codex","Bag of Marbles","CaptainsWheel","Runic Pyramid","Bottled Flame","Whetstone","Ice Cream"],"acts_visited":["Exordium","TheCity","TheBeyond"],"potions_floor_usage":[24,33,35,47,50],"damage_taken":[{"damage":4,"enemies":"2 Louse","floor":1,"turns":3},{"damage":0,"enemies":"Cultist","floor":3,"turns":3},{"damage":2,"enemies":"Small Slimes","floor":4,"turns":3},{"damage":2,"enemies":"Red Slaver","floor":7,"turns":4},{"damage":5,"enemies":"Exordium Thugs","floor":10,"turns":5},{"damage":13,"enemies":"3 Louse","floor":13,"turns":3},{"damage":4,"enemies":"Looter","floor":14,"turns":3},{"damage":10,"enemies":"The Guardian","floor":16,"turns":9},{"damage":17,"enemies":"Spheric Guardian","floor":18,"turns":4},{"damage":7,"enemies":"Shell Parasite","floor":21,"turns":5},{"damage":2,"enemies":"Cultist and Chosen","floor":22,"turns":4},{"damage":12,"enemies":"Shelled Parasite and Fungi","floor":24,"turns":5},{"damage":8,"enemies":"3 Cultists","floor":30,"turns":3},{"damage":48,"enemies":"Collector","floor":33,"turns":7},{"damage":11,"enemies":"Orb Walker","floor":35,"turns":5},{"damage":4,"enemies":"3 Shapes","floor":36,"turns":4},{"damage":48,"enemies":"Spire Growth","floor":38,"turns":7},{"damage":66,"enemies":"Reptomancer","floor":41,"turns":8},{"damage":7,"enemies":"Writhing Mass","floor":45,"turns":7},{"damage":16,"enemies":"Maw","floor":47,"turns":8},{"damage":56,"enemies":"Time Eater","floor":50,"turns":7}],"seed_played":"8667475662555567877","potions_obtained":[{"floor":3,"key":"Block Potion"},{"floor":10,"key":"FairyPotion"},{"floor":14,"key":"Dexterity Potion"},{"floor":22,"key":"FairyPotion"},{"floor":30,"key":"Poison Potion"},{"floor":33,"key":"GamblersBrew"},{"floor":35,"key":"Fruit Juice"},{"floor":38,"key":"GamblersBrew"},{"floor":45,"key":"DuplicationPotion"}],"is_trial":false,"path_per_floor":["M","$","M","M","?","R","M","$","T","M","?","R","M","M","R","B",null,"M","?","?","M","M","R","M","R","T","T","$","?","M","?","R","B",null,"M","M","?","M","?","R","E","R","T","?","M","?","M","$","R","B"],"character_chosen":"THE_SILENT","items_purchased":["Noxious Fumes","Ice Cream"],"campfire_rested":7,"item_purchase_floors":[8,48],"current_hp_per_floor":[66,66,66,64,64,64,62,62,62,57,57,57,44,40,61,51,65,48,32,32,25,23,44,37,58,58,58,58,58,50,50,70,22,58,57,53,53,5,5,27,21,43,43,43,36,36,25,25,47,0,0],"gold":14,"neow_bonus":"BOSS_RELIC","is_daily":false,"chose_seed":false,"campfire_upgraded":2,"win_rate":0.0,"timestamp":1613509644,"path_taken":["M","$","M","M","?","R","?","?","T","M","?","R","?","M","R","BOSS","M","?","?","M","M","R","?","R","T","?","$","?","M","?","R","BOSS","M","M","?","M","?","R","E","R","T","?","M","?","?","$","R","BOSS"],"items_purchased_type":["Card","Relic"],"build_version":"2020-12-22","purchased_purges":2,"victory":false,"max_hp_per_floor":[70,70,70,70,70,70,70,70,70,70,70,70,70,70,70,70,70,70,70,70,70,70,70,70,70,70,70,70,70,70,70,70,70,70,75,75,75,75,75,75,75,75,75,75,75,75,75,75,75,75,75],"card_choices":[{"not_picked":["Sucker Punch","Tactician"],"picked":"Deadly Poison","floor":1},{"not_picked":["Cloak And Dagger","Caltrops"],"picked":"PiercingWail","floor":3},{"not_picked":["Terror","Phantasmal Killer","Setup"],"picked":"SKIP","floor":4},{"not_picked":["Flying Knee","Well Laid Plans","Dagger Throw"],"picked":"SKIP","floor":7},{"not_picked":["Deflect","Bane","Acrobatics"],"picked":"SKIP","floor":10},{"not_picked":["Sucker Punch","All Out Attack","PiercingWail"],"picked":"SKIP","floor":13},{"not_picked":["Slice","Underhanded Strike"],"picked":"Backflip","floor":14},{"not_picked":["Die Die Die","Wraith Form v2"],"picked":"Corpse Explosion","floor":16},{"not_picked":["Slice","Riddle With Holes","Deflect"],"picked":"SKIP","floor":18},{"not_picked":["Well Laid Plans","Deflect","Backstab"],"picked":"SKIP","floor":21},{"not_picked":["Outmaneuver+1","Dodge and Roll"],"picked":"Distraction+1","floor":22},{"not_picked":["Concentrate","Bane"],"picked":"Deadly Poison","floor":24},{"not_picked":["Tactician","Quick Slash"],"picked":"Deadly Poison","floor":30},{"not_picked":["Storm of Steel","Unload"],"picked":"Wraith Form v2","floor":33},{"not_picked":["Slice","Dagger Spray"],"picked":"Bouncing Flask+1","floor":35},{"not_picked":["Flying Knee","Tactician"],"picked":"Deflect+1","floor":36},{"not_picked":["Discovery","Chrysalis"],"picked":"Madness","floor":37},{"not_picked":["Bane","Blade Dance","Leg Sweep"],"picked":"SKIP","floor":38},{"not_picked":["Escape Plan","Backstab+1"],"picked":"Calculated Gamble","floor":41},{"not_picked":["All Out Attack","Deadly Poison"],"picked":"Concentrate","floor":45},{"not_picked":["Terror+1","Accuracy"],"picked":"Concentrate+1","floor":47}],"player_experience":395130,"relics_obtained":[{"floor":0,"key":"Toy Ornithopter"},{"floor":0,"key":"Sundial"},{"floor":0,"key":"Pocketwatch"},{"floor":9,"key":"Ninja Scroll"},{"floor":19,"key":"Nilry\u0027s Codex"},{"floor":26,"key":"Bag of Marbles"},{"floor":27,"key":"CaptainsWheel"},{"floor":41,"key":"Bottled Flame"},{"floor":43,"key":"Whetstone"}],"event_choices":[{"damage_healed":0,"gold_gain":0,"player_choice":"Bought 0 Potions","damage_taken":0,"max_hp_gain":0,"max_hp_loss":0,"event_name":"The Woman in Blue","floor":5,"gold_loss":0},{"damage_healed":0,"gold_gain":0,"cards_transformed":["Strike_G"],"player_choice":"Transformed","damage_taken":0,"max_hp_gain":0,"max_hp_loss":0,"event_name":"Transmorgrifier","floor":11,"gold_loss":0,"cards_obtained":["Heel Hook"]},{"damage_healed":0,"gold_gain":0,"player_choice":"Obtained Book","damage_taken":16,"max_hp_gain":0,"max_hp_loss":0,"event_name":"Cursed Tome","floor":19,"gold_loss":0},{"damage_healed":0,"gold_gain":0,"player_choice":"Forge","damage_taken":0,"max_hp_gain":0,"max_hp_loss":0,"event_name":"Accursed Blacksmith","floor":20,"gold_loss":0,"cards_upgraded":["Neutralize"]},{"damage_healed":0,"gold_gain":0,"player_choice":"Read","damage_taken":0,"max_hp_gain":0,"max_hp_loss":0,"event_name":"The Library","floor":29,"gold_loss":0,"cards_obtained":["Deflect"]},{"cards_removed":["Defend_G"],"damage_healed":0,"gold_gain":0,"player_choice":"Gave Gold","damage_taken":0,"max_hp_gain":0,"max_hp_loss":0,"event_name":"Beggar","floor":31,"gold_loss":75},{"damage_healed":0,"gold_gain":0,"player_choice":"Memory 1","damage_taken":0,"max_hp_gain":0,"max_hp_loss":0,"event_name":"SensoryStone","floor":37,"gold_loss":0},{"damage_healed":0,"gold_gain":0,"player_choice":"Ignored","damage_taken":0,"max_hp_gain":0,"max_hp_loss":0,"event_name":"Mysterious Sphere","floor":39,"gold_loss":0},{"cards_removed":["Backflip"],"damage_healed":0,"gold_gain":0,"player_choice":"Removed Skill","damage_taken":0,"max_hp_gain":0,"max_hp_loss":0,"event_name":"Falling","floor":44,"gold_loss":0},{"damage_healed":0,"gold_gain":0,"cards_transformed":["Defend_G"],"player_choice":"Transformed","damage_taken":0,"max_hp_gain":0,"max_hp_loss":0,"event_name":"Transmorgrifier","floor":46,"gold_loss":0,"cards_obtained":["Glass Knife"]}],"is_beta":false,"boss_relics":[{"not_picked":["Coffee Dripper","Cursed Key"],"picked":"Empty Cage"},{"not_picked":["SacredBark","Astrolabe"],"picked":"Runic Pyramid"}],"items_purged_floors":[2,28],"is_endless":false,"potions_floor_spawned":[3,10,14,16,22,30,33,35,38,45],"killed_by":"Time Eater","ascension_level":5}}