{"host":"erh089znuovh6twj","time":1613495071,"event":{"mods":["AchievementEnabler","Act Like it!","Aspiration","BaseMod","Better Note","Better Skull","Better Third Choice","BetterRewards","Defuse TimeMaze Blight","Energized Spire","Hermit","Highlight Path","Hubris","Infinite Spire","Minty Spire (QoL Compilation)","Permanent Neow","Quick Restart","Replay The Spire","StSLib","The Jungle","everything is the same but u backflip on backflip"],"gold_per_floor":[219,219,237,108,126,154,154,179,203,203,203,233,233,233,233,233,233],"floor_reached":16,"language":"ENG","playtime":489,"items_purged":["Defend_P"],"score":122,"play_id":"7c299c53-dff2-4573-903f-7f9d4cd705ac","local_time":"20210216120431","is_ascension_mode":true,"campfire_choices":[{"data":"Blasphemy","floor":7,"key":"SMITH"},{"floor":15,"key":"REST"}],"circlet_count":0,"master_deck":["Strike_P","Strike_P","Strike_P","Strike_P+1","Defend_P","Eruption","Vigilance","JustLucky","Consecrate","FlurryOfBlows","Prostrate","Blasphemy+1","Brilliance","Brilliance"],"relics":["PureWater","Gremlin Food","Mirror","hubris:OldNail","Bronze Scales","aspiration:FetidBarrel","Golden Idol"],"acts_visited":["Exordium"],"potions_floor_usage":[6,6,16],"damage_taken":[{"damage":9,"enemies":"Jaw Worm","floor":1,"turns":2},{"damage":2,"enemies":"Cultist","floor":3,"turns":3},{"damage":0,"enemies":"Small Slimes","floor":5,"turns":1},{"damage":9,"enemies":"Gremlin Nob","floor":6,"turns":4},{"damage":29,"enemies":"3 Sentries","floor":8,"turns":5},{"damage":27,"enemies":"Gremlin Nob","floor":12,"turns":3},{"damage":39,"enemies":"The Guardian","floor":16,"turns":6}],"seed_played":"-2876801031743045162","potions_obtained":[{"floor":3,"key":"Dexterity Potion"},{"floor":5,"key":"Regen Potion"},{"floor":12,"key":"DuplicationPotion"}],"is_trial":false,"path_per_floor":["M","?","M","$","M","E","R","E","T","?","?","E","?","?","R","B"],"character_chosen":"WATCHER","items_purchased":["FlurryOfBlows"],"campfire_rested":1,"item_purchase_floors":[4],"current_hp_per_floor":[63,63,61,61,61,64,64,35,35,59,52,25,18,18,38,0,0],"gold":233,"neow_bonus":"HUNDRED_GOLD","is_daily":false,"chose_seed":false,"campfire_upgraded":1,"win_rate":0.0,"timestamp":1613495071,"path_taken":["M","?","M","$","?","E","R","E","T","?","?","E","?","?","R","BOSS"],"items_purchased_type":["Card"],"build_version":"2020-12-22","purchased_purges":1,"victory":false,"max_hp_per_floor":[72,72,72,72,72,72,72,72,72,72,72,72,72,67,67,67,67],"card_choices":[{"not_picked":["Replay:ManipulateFuture","EmptyBody"],"picked":"JustLucky","floor":1},{"not_picked":["EmptyBody","CrushJoints"],"picked":"Consecrate","floor":3},{"not_picked":["WheelKick","PathToVictory"],"picked":"Prostrate","floor":5},{"not_picked":["Vengeance","Replay:Battleflow"],"picked":"Blasphemy","floor":6},{"not_picked":["LikeWater","Sanctity"],"picked":"Brilliance","floor":8},{"not_picked":["Replay:ManipulateFuture","PathToVictory"],"picked":"Brilliance","floor":12}],"player_experience":379456,"relics_obtained":[{"floor":6,"key":"Gremlin Food"},{"floor":8,"key":"Mirror"},{"floor":9,"key":"hubris:OldNail"},{"floor":12,"key":"aspiration:FetidBarrel"}],"event_choices":[{"cards_removed":["Defend_P"],"damage_healed":0,"gold_gain":0,"player_choice":"Offered Basic","damage_taken":0,"max_hp_gain":0,"max_hp_loss":0,"event_name":"Bonfire Elementals","floor":2,"gold_loss":0},{"damage_healed":24,"gold_gain":0,"player_choice":"Banana","damage_taken":0,"max_hp_gain":0,"max_hp_loss":0,"event_name":"Big Fish","floor":10,"gold_loss":0},{"damage_healed":0,"gold_gain":0,"player_choice":"Relic ","damage_taken":7,"max_hp_gain":0,"max_hp_loss":0,"event_name":"betterThird:BetterScrap","floor":11,"gold_loss":0,"cards_obtained":["Battle Trance"]},{"cards_removed":["Defend_P"],"damage_healed":0,"gold_gain":0,"player_choice":"Card Removal","damage_taken":7,"max_hp_gain":0,"max_hp_loss":0,"event_name":"Golden Wing","floor":13,"gold_loss":0},{"damage_healed":0,"gold_gain":0,"player_choice":"Lose Max HP","damage_taken":0,"relics_obtained":["Golden Idol"],"max_hp_gain":0,"max_hp_loss":5,"event_name":"Golden Idol","floor":14,"gold_loss":0}],"is_beta":false,"boss_relics":[],"items_purged_floors":[4],"is_endless":false,"potions_floor_spawned":[3,5,12],"killed_by":"The Guardian","ascension_level":1}}