{"host":"06m9oppdo8i5oa5j","time":1613440914,"event":{"mods":["AchievementEnabler","BaseMod","Block Reminder","Colored Map","Colored Powertips","Downfall","Minty Spire (QoL Compilation)","Rare Cards Sparkle","StSLib"],"gold_per_floor":[99,113,123,69,82,82,82,95,111,126,137,156,156,188,206,303,303,303,320,320,87,87,87,162,162,178,212,226,242,271,286,296,393,393,193,212,212,225,240,90,170,170,184,214,214,112,112,112,129,129],"floor_reached":51,"language":"ENG","playtime":11373,"items_purged":["Guardian:Strike_Guardian","Parasite","Guardian:Strike_Guardian"],"score":850,"play_id":"193c8949-993b-404f-8a85-cb311e255e11","local_time":"20210215180154","is_ascension_mode":false,"campfire_choices":[{"data":"Guardian:CurlUp","floor":1.0,"key":"SMITH"},{"data":"Guardian:DecasProtection","floor":6.0,"key":"SMITH"},{"floor":13.0,"key":"REST"},{"floor":18.0,"key":"RECALL"},{"data":"Guardian:BodySlam","floor":23.0,"key":"SMITH"},{"data":"Guardian:TimeSifter","floor":35.0,"key":"SMITH"},{"data":"expansioncontent:DashGenerateEvil","floor":47,"key":"SMITH"}],"circlet_count":0,"master_deck":["Guardian:Defend_Guardian","Guardian:Defend_Guardian","Guardian:Defend_Guardian","Guardian:Defend_Guardian","Guardian:CurlUp+1","Guardian:TwinSlam","Guardian:DecasProtection+1","Guardian:Reroute","Guardian:BodySlam+1","Guardian:Recover+1","Guardian:Clone+1","Guardian:PrimingBeam","Guardian:TemporalShield+1","Guardian:ShieldCharger+1","Guardian:Recover+1","Guardian:SphericShield+1","Guardian:DonusPower+1","Guardian:ShieldCharger+1","Guardian:DecasProtection+1","Guardian:Incinerate+1","Guardian:TimeSifter+1","Guardian:ChargeCore","Guardian:EvasiveProtocol","Guardian:BronzeOrb","Guardian:ArmoredProtocol+1","Guardian:TimeCapacitor","expansioncontent:DashGenerateEvil+1"],"relics":["Guardian:ModeShifter","Toxic Egg 2","PreservedInsect","Sozu","Bag of Preparation","Ornamental Fan","Matryoshka","Incense Burner","Mummified Hand","Empty Cage","downfall:HeartBlessingRed","downfall:HeartBlessingGreen","Smiling Mask","Gremlin Horn","downfall:TeleportStone","Centennial Puzzle","OrangePellets"],"acts_visited":["Exordium","TheCity","TheBeyond"],"potions_floor_usage":[],"damage_taken":[{"damage":1.0,"enemies":"Cultist","floor":2.0,"turns":4.0},{"damage":3.0,"enemies":"Jaw Worm","floor":3.0,"turns":5.0},{"damage":10.0,"enemies":"downfall:FleeingMerchant","floor":4.0,"turns":4.0},{"damage":3.0,"enemies":"2 Louse","floor":5.0,"turns":3.0},{"damage":7.0,"enemies":"2 Fungi Beasts","floor":8.0,"turns":4.0},{"damage":12.0,"enemies":"Exordium Thugs","floor":9.0,"turns":4.0},{"damage":0.0,"enemies":"Lots of Slimes","floor":10.0,"turns":4.0},{"damage":7.0,"enemies":"3 Louse","floor":11.0,"turns":5.0},{"damage":6.0,"enemies":"Exordium Wildlife","floor":12.0,"turns":6.0},{"damage":2.0,"enemies":"3 Sentries","floor":14.0,"turns":7.0},{"damage":4.0,"enemies":"Gremlin Gang","floor":15.0,"turns":4.0},{"damage":4.0,"enemies":"SI_SHIV_ARCHETYPE","floor":16.0,"turns":9.0},{"damage":0.0,"enemies":"Chosen","floor":19.0,"turns":5.0},{"damage":0.0,"enemies":"downfall:FleeingMerchant","floor":21.0,"turns":4.0},{"damage":0.0,"enemies":"Shell Parasite","floor":26.0,"turns":3.0},{"damage":0.0,"enemies":"Book of Stabbing","floor":27.0,"turns":4.0},{"damage":0.0,"enemies":"Snake Plant","floor":28.0,"turns":5.0},{"damage":2.0,"enemies":"Shelled Parasite and Fungi","floor":29.0,"turns":4.0},{"damage":0.0,"enemies":"Gremlin Leader","floor":30.0,"turns":4.0},{"damage":0.0,"enemies":"3 Cultists","floor":31.0,"turns":4.0},{"damage":0.0,"enemies":"Cultist and Chosen","floor":32.0,"turns":3.0},{"damage":7.0,"enemies":"DF_ARCHETYPE_CLAW","floor":33.0,"turns":5.0},{"damage":0.0,"enemies":"3 Shapes","floor":36.0,"turns":8.0},{"damage":0,"enemies":"3 Darklings","floor":38,"turns":3},{"damage":0,"enemies":"Writhing Mass","floor":39,"turns":5},{"damage":0,"enemies":"downfall:FleeingMerchant","floor":40,"turns":4},{"damage":0,"enemies":"Sphere and 2 Shapes","floor":43,"turns":3},{"damage":0,"enemies":"Reptomancer","floor":44,"turns":3},{"damage":0,"enemies":"downfall:FleeingMerchant","floor":46,"turns":3},{"damage":0,"enemies":"Maw","floor":49,"turns":5},{"damage":0,"enemies":"WA_ARCHETYPE_DIVINITY","floor":50,"turns":5}],"seed_played":"-528488566466590606","potions_obtained":[{"floor":3.0,"key":"bronze:BurnAndBuffPotion"},{"floor":5.0,"key":"champ:CounterPotion"},{"floor":9.0,"key":"champ:CounterPotion"},{"floor":12.0,"key":"Slimebound:ThreeZeroPotion"},{"floor":14.0,"key":"ColorlessPotion"},{"floor":15.0,"key":"Block Potion"}],"is_trial":false,"path_per_floor":["R","M","M","$","M","R","T","M","M","M","M","M","R","E","M","B",null,"R","M","?","$","?","R","T","?","M","E","M","M","E","M","M","B",null,"R","M","?","M","M","$","T","?","M","E","?","$","R","?","M","B",null],"character_chosen":"GUARDIAN","items_purchased":["Guardian:Gem_White","Bag of Preparation","Guardian:EvasiveProtocol","OrangePellets","Guardian:TimeCapacitor","expansioncontent:DashGenerateEvil"],"campfire_rested":1,"item_purchase_floors":[4,21,40,46,46,46],"current_hp_per_floor":[88,87,84,74,71,71,71,64,52,52,45,39,65,63,59,55,88,88,88,88,88,88,88,88,71,71,71,71,69,69,69,69,62,93,93,93,93,93,93,90,90,90,90,90,90,90,90,90,90,90],"gold":129,"neow_bonus":"TEN_PERCENT_HP_BONUS","is_daily":false,"chose_seed":false,"campfire_upgraded":5,"win_rate":0.0,"timestamp":1613440914,"path_taken":["R","M","M","$","M","R","T","M","M","?","M","M","R","E","M","BOSS","R","M","?","?","?","R","T","?","M","E","M","M","E","?","M","BOSS","R","M","?","M","?","$","T","?","?","E","?","$","R","?","M","BOSS"],"items_purchased_type":["Card","Relic","Card","Relic","Card","Card"],"build_version":"2020-12-22","purchased_purges":3,"victory":true,"max_hp_per_floor":[88,88,88,88,88,88,88,88,88,88,88,88,88,88,88,88,88,88,88,88,88,88,88,88,93,93,93,93,93,93,93,93,93,93,93,93,93,93,93,90,90,90,90,90,90,90,90,90,90,90],"card_choices":[{"not_picked":["Guardian:VentSteam","Guardian:Suspension"],"picked":"Guardian:DecasProtection","floor":2.0},{"not_picked":["Guardian:TemporalShield","Guardian:VentSteam"],"picked":"Guardian:Reroute","floor":3.0},{"not_picked":["Guardian:TimeCapacitor","Guardian:WalkerClaw"],"picked":"Guardian:Gem_Cyan","floor":4.0},{"not_picked":["Guardian:Gem_Red","Guardian:Gem_Green"],"picked":"Guardian:Gem_Yellow","floor":5.0},{"not_picked":["Guardian:Reroute","Guardian:PrimingBeam"],"picked":"Guardian:BodySlam","floor":8.0},{"not_picked":["Guardian:Gem_Cyan","Guardian:Gem_Lightblue"],"picked":"Guardian:Recover+1","floor":9.0},{"not_picked":["Guardian:PrimingBeam","Guardian:DecasProtection+1"],"picked":"Guardian:Clone+1","floor":10.0},{"not_picked":["Guardian:Gem_Lightblue","Guardian:TemporalStrike"],"picked":"Guardian:PrimingBeam","floor":11.0},{"not_picked":["Guardian:ExploitGems+1","Guardian:Gem_Lightblue"],"picked":"Guardian:TemporalShield+1","floor":12.0},{"not_picked":["Guardian:Gem_Green","Guardian:VentSteam+1"],"picked":"Guardian:ShieldCharger+1","floor":14.0},{"not_picked":["Guardian:PrismaticBeam","Guardian:Gem_White"],"picked":"Guardian:Recover+1","floor":15.0},{"not_picked":["Guardian:Gem_Orange","Guardian:FastForward+1"],"picked":"Guardian:SphericShield+1","floor":16.0},{"not_picked":["Guardian:TemporalStrike","Guardian:Incinerate"],"picked":"Guardian:DonusPower+1","floor":19.0},{"not_picked":["Guardian:VentSteam+1","Guardian:FastForward+1","Guardian:Reroute"],"picked":"SKIP","floor":21.0},{"not_picked":["Guardian:Incinerate","Guardian:Gem_Green"],"picked":"Guardian:ChargeCore","floor":26.0},{"not_picked":["Guardian:PrimingBeam","Guardian:Gem_Lightblue"],"picked":"Guardian:Gem_Blue","floor":27.0},{"not_picked":["Guardian:Gem_Crimson","Guardian:ChargeCore","Guardian:DonusPower+1"],"picked":"SKIP","floor":28.0},{"not_picked":["Guardian:RefractedBeam","Guardian:Harden+1"],"picked":"Guardian:ShieldCharger+1","floor":29.0},{"not_picked":["Guardian:RollAttack","Guardian:SentryBeam"],"picked":"Guardian:DecasProtection+1","floor":30.0},{"not_picked":["Guardian:Gem_Purple","Guardian:DonusPower+1"],"picked":"Guardian:Incinerate+1","floor":31.0},{"not_picked":["Guardian:Gem_Cyan","Guardian:Recover+1","Guardian:StasisField+1"],"picked":"SKIP","floor":32.0},{"not_picked":["Guardian:StasisField+1","Guardian:HyperBeam_Guardian"],"picked":"Guardian:TimeSifter","floor":33.0},{"not_picked":["Guardian:Gem_Lightblue","Guardian:PrismaticBeam+1","Guardian:ShieldCharger+1"],"picked":"SKIP","floor":36},{"not_picked":["Guardian:Reroute+1","Guardian:PiercingHide+1","Guardian:Gem_Cyan"],"picked":"SKIP","floor":38},{"not_picked":["Guardian:PiercingHide+1","Guardian:Gem_Crimson"],"picked":"Guardian:ChargeCore","floor":39},{"not_picked":["Guardian:CrystalBeam","Guardian:Emergency+1","Guardian:Incinerate+1"],"picked":"SKIP","floor":40},{"not_picked":["Guardian:FastForward+1","Guardian:Planning+1"],"picked":"Guardian:BronzeOrb","floor":43},{"not_picked":["Guardian:VentSteam+1","Guardian:ShieldCharger+1"],"picked":"Guardian:ArmoredProtocol+1","floor":44},{"not_picked":["Guardian:RollAttack","Guardian:Gem_Lightblue","Guardian:VentSteam+1"],"picked":"SKIP","floor":46},{"not_picked":["Guardian:TemporalShield+1","Guardian:MultiBeam","Guardian:Gem_Cyan"],"picked":"SKIP","floor":49}],"player_experience":248361,"relics_obtained":[{"floor":7.0,"key":"Toxic Egg 2"},{"floor":14.0,"key":"PreservedInsect"},{"floor":24.0,"key":"Matryoshka"},{"floor":27.0,"key":"Incense Burner"},{"floor":30.0,"key":"Mummified Hand"},{"floor":41,"key":"Smiling Mask"},{"floor":41,"key":"Gremlin Horn"},{"floor":44,"key":"Centennial Puzzle"}],"event_choices":[{"damage_healed":0,"gold_gain":0,"player_choice":"Got Potions","damage_taken":0,"max_hp_gain":0,"max_hp_loss":0,"event_name":"Lab","floor":37,"gold_loss":0},{"cards_removed":["Guardian:ChargeCore"],"damage_healed":0,"gold_gain":0,"player_choice":"Removed Attack","damage_taken":0,"max_hp_gain":0,"max_hp_loss":0,"event_name":"Falling","floor":48,"gold_loss":0}],"is_beta":false,"boss_relics":[{"not_picked":["Velvet Choker","SlaversCollar"],"picked":"Sozu"},{"not_picked":["SacredBark","Cursed Key"],"picked":"Empty Cage"}],"items_purged_floors":[21,40,46],"is_endless":false,"potions_floor_spawned":[3,5,9,12,14,15,28,29,30,32,33,38,39,44],"ascension_level":0}}