{"host":"r3islh0l1a1ykxfu","time":1613491199,"event":{"mods":["BaseMod","Bestiary","Colored Map","Colored Powertips","Highlight Path","Minty Spire (QoL Compilation)","Relic Stats","Slay-I"],"gold_per_floor":[14,14,25,43,53,83,100,131,131,131,147,70,100,113,113,216,216,230,230,230,505,517,545,134,134,213,213,246,258,288,308,308,412,412,423,254,254,184,184,215,215,225,225,225,254,254,279,296,296,296],"floor_reached":51,"language":"ENG","playtime":7102,"items_purged":["Regret"],"score":1051,"play_id":"523fd66a-6f29-4cf3-8ac3-719feed68f4e","local_time":"20210216095959","is_ascension_mode":true,"campfire_choices":[{"floor":10.0,"key":"REST"},{"data":"Shockwave","floor":15.0,"key":"SMITH"},{"floor":25.0,"key":"REST"},{"floor":27.0,"key":"REST"},{"data":"Feel No Pain","floor":32.0,"key":"SMITH"},{"floor":41,"key":"REST"},{"floor":44,"key":"REST"},{"floor":46,"key":"REST"},{"data":"Havoc","floor":49,"key":"SMITH"}],"circlet_count":0,"master_deck":["Bash","Shrug It Off","Headbutt","Intimidate","Feel No Pain+1","Thunderclap","Disarm","Reckless Charge","Offering","True Grit","Havoc","Cleave","Shockwave+1","Feed","Infernal Blade","Brutality","Burning Pact","Sever Soul","Anger","Power Through","Intimidate+1","Bite","Bite","Bite","Bite","Bite","Carnage","Fiend Fire","Offering","Combust+1","Evolve+1","Havoc+1","Feel No Pain","Burning Pact","Feel No Pain+1","Hemokinesis+1","Blood for Blood","Reckless Charge+1","Fire Breathing+1"],"relics":["Burning Blood","Mummified Hand","Pear","Paper Frog","Potion Belt","Pandora\u0027s Box","Sundial","TungstenRod","Question Card","Red Skull","Anchor","Astrolabe","Pen Nib","Lizard Tail","Prayer Wheel","Unceasing Top","Nunchaku"],"acts_visited":["Exordium","TheCity","TheBeyond"],"potions_floor_usage":[],"damage_taken":[{"damage":6.0,"enemies":"Cultist","floor":1.0,"turns":4.0},{"damage":14.0,"enemies":"Jaw Worm","floor":3.0,"turns":4.0},{"damage":3.0,"enemies":"Small Slimes","floor":4.0,"turns":4.0},{"damage":9.0,"enemies":"Blue Slaver","floor":5.0,"turns":5.0},{"damage":21.0,"enemies":"3 Sentries","floor":6.0,"turns":9.0},{"damage":9.0,"enemies":"Gremlin Gang","floor":7.0,"turns":6.0},{"damage":33.0,"enemies":"Lagavulin","floor":8.0,"turns":7.0},{"damage":0.0,"enemies":"3 Louse","floor":11.0,"turns":4.0},{"damage":17.0,"enemies":"3 Sentries","floor":13.0,"turns":7.0},{"damage":4.0,"enemies":"2 Fungi Beasts","floor":14.0,"turns":3.0},{"damage":21.0,"enemies":"Hexaghost","floor":16.0,"turns":12.0},{"damage":13.0,"enemies":"Spheric Guardian","floor":18.0,"turns":4.0},{"damage":23.0,"enemies":"Shell Parasite","floor":22.0,"turns":4.0},{"damage":42.0,"enemies":"Slavers","floor":23.0,"turns":6.0},{"damage":10.0,"enemies":"Gremlin Leader","floor":28.0,"turns":6.0},{"damage":9.0,"enemies":"Cultist and Chosen","floor":29.0,"turns":7.0},{"damage":17.0,"enemies":"Book of Stabbing","floor":30.0,"turns":3.0},{"damage":32.0,"enemies":"Chosen and Byrds","floor":31.0,"turns":7.0},{"damage":78.0,"enemies":"Collector","floor":33.0,"turns":9.0},{"damage":21.0,"enemies":"3 Darklings","floor":35.0,"turns":4.0},{"damage":63,"enemies":"Reptomancer","floor":40,"turns":6},{"damage":28,"enemies":"3 Shapes","floor":42,"turns":3},{"damage":19,"enemies":"Nemesis","floor":45,"turns":5},{"damage":13,"enemies":"Giant Head","floor":47,"turns":6},{"damage":14,"enemies":"Maw","floor":48,"turns":8},{"damage":97,"enemies":"Time Eater","floor":50,"turns":11}],"seed_played":"-1676392452324684162","potions_obtained":[{"floor":6.0,"key":"DistilledChaos"},{"floor":8.0,"key":"Strength Potion"},{"floor":11.0,"key":"AttackPotion"},{"floor":13.0,"key":"FearPotion"},{"floor":14.0,"key":"Explosive Potion"},{"floor":23.0,"key":"SkillPotion"},{"floor":28.0,"key":"ElixirPotion"},{"floor":29.0,"key":"AttackPotion"},{"floor":31.0,"key":"SkillPotion"},{"floor":45,"key":"SpeedPotion"},{"floor":47,"key":"ElixirPotion"}],"is_trial":false,"path_per_floor":["M","?","M","M","M","E","M","E","T","R","M","$","E","M","R","B",null,"M","?","?","?","M","E","$","R","T","R","E","M","E","M","R","B",null,"M","$","?","$","?","E","R","M","T","R","E","R","E","M","R","B",null],"character_chosen":"IRONCLAD","items_purchased":["True Grit","Havoc","TungstenRod","BloodPotion","Pen Nib","Havoc","Feel No Pain"],"campfire_rested":6,"item_purchase_floors":[12,12,24,24,36,36,38],"current_hp_per_floor":[96,96,88,91,88,73,70,53,53,84,90,90,79,81,81,66,106,102,76,62,62,55,32,32,57,57,82,84,87,82,68,68,10,87,78,78,78,78,78,29,55,37,37,63,58,84,79,87,87,7],"gold":296,"neow_bonus":"TWENTY_PERCENT_HP_BONUS","is_daily":false,"chose_seed":false,"campfire_upgraded":3,"win_rate":0.0,"timestamp":1613491199,"path_taken":["M","?","M","M","M","E","M","E","T","R","M","$","E","M","R","BOSS","M","?","?","?","M","E","$","R","T","R","E","M","E","?","R","BOSS","M","$","?","$","?","E","R","M","T","R","E","R","E","M","R","BOSS"],"items_purchased_type":["Card","Card","Relic","Potion","Relic","Card","Card"],"build_version":"2020-12-22","purchased_purges":1,"victory":true,"max_hp_per_floor":[96,96,96,96,96,96,96,106,106,106,106,106,106,106,106,106,106,109,76,81,81,81,84,84,84,84,84,84,87,87,87,87,87,87,87,87,87,87,87,87,87,87,87,87,87,87,87,87,87,87],"relic_stats":{"counters":[26,154],"Astrolabe":["Pummel","Combust","Evolve"],"Pen Nib":[10],"Question Card":12,"Burning Blood":144,"Lizard Tail":0,"Nunchaku":[4],"Mummified Hand":[55],"Sundial":[6],"Pandora\u0027s Box":["Infernal Blade","Bloodletting","Brutality","Burning Pact","Sever Soul","Anger","Armaments","Power Through"],"Prayer Wheel":1,"obtain_stats":[{"Potion Belt":13,"Pear":8,"Astrolabe":34,"Pen Nib":36,"Question Card":26,"Burning Blood":0,"Anchor":30,"Lizard Tail":40,"Nunchaku":47,"Mummified Hand":6,"Sundial":23,"Pandora\u0027s Box":17,"Prayer Wheel":43,"TungstenRod":24,"Red Skull":28,"Unceasing Top":45,"Paper Frog":9},{"Potion Belt":9,"Pear":7,"Astrolabe":19,"Pen Nib":20,"Question Card":14,"Burning Blood":0,"Anchor":17,"Lizard Tail":21,"Nunchaku":24,"Mummified Hand":5,"Sundial":14,"Pandora\u0027s Box":11,"Prayer Wheel":22,"TungstenRod":14,"Red Skull":15,"Unceasing Top":23,"Paper Frog":7},{"Potion Belt":50,"Pear":39,"Astrolabe":111,"Pen Nib":115,"Question Card":79,"Burning Blood":0,"Anchor":95,"Lizard Tail":121,"Nunchaku":135,"Mummified Hand":26,"Sundial":79,"Pandora\u0027s Box":65,"Prayer Wheel":124,"TungstenRod":79,"Red Skull":85,"Unceasing Top":129,"Paper Frog":39}],"TungstenRod":128,"Unceasing Top":[14]},"card_choices":[{"not_picked":["Warcry","Headbutt"],"picked":"Shrug It Off","floor":1.0},{"not_picked":["Blood for Blood","Pommel Strike"],"picked":"Intimidate","floor":3.0},{"not_picked":["Perfected Strike","Bloodletting"],"picked":"Feel No Pain","floor":4.0},{"not_picked":["Shrug It Off","Flex"],"picked":"Thunderclap","floor":5.0},{"not_picked":["Ghostly Armor","Exhume"],"picked":"Disarm","floor":6.0},{"not_picked":["Clothesline","Anger","Sever Soul"],"picked":"SKIP","floor":7.0},{"not_picked":["Sword Boomerang","Iron Wave"],"picked":"Reckless Charge","floor":8.0},{"not_picked":["Battle Trance","Evolve"],"picked":"Offering","floor":11.0},{"not_picked":["Ghostly Armor","Shrug It Off"],"picked":"Cleave","floor":13.0},{"not_picked":["Body Slam","Heavy Blade"],"picked":"Shockwave","floor":14.0},{"not_picked":["Limit Break","Juggernaut"],"picked":"Feed","floor":16.0},{"not_picked":["Heavy Blade","Armaments"],"picked":"Intimidate+1","floor":18.0},{"not_picked":["Flex","Cleave"],"picked":"Carnage","floor":22.0},{"not_picked":["Heavy Blade","Armaments","Dual Wield"],"picked":"SKIP","floor":23.0},{"not_picked":["Double Tap","Perfected Strike","Clash+1"],"picked":"Warcry","floor":28.0},{"not_picked":["Whirlwind","Perfected Strike","Heavy Blade","Rampage+1"],"picked":"SKIP","floor":29.0},{"not_picked":["Pummel","Heavy Blade","Pommel Strike","Anger"],"picked":"SKIP","floor":30.0},{"not_picked":["Shrug It Off","Blood for Blood","Bloodletting"],"picked":"Fiend Fire","floor":31.0},{"not_picked":["Bludgeon","Limit Break","Double Tap"],"picked":"Offering","floor":33.0},{"not_picked":["Flex+1","Armaments","Clash","Cleave+1"],"picked":"SKIP","floor":35.0},{"not_picked":["Shrug It Off+1","Headbutt+1","Armaments"],"picked":"Feel No Pain+1","floor":40},{"not_picked":["Whirlwind","Heavy Blade","Flex"],"picked":"Hemokinesis+1","floor":42},{"not_picked":["Whirlwind","Anger","Flex"],"picked":"Blood for Blood","floor":45},{"not_picked":["Cleave+1","Double Tap","Dual Wield+1"],"picked":"Reckless Charge+1","floor":47},{"not_picked":["Armaments+1","Intimidate+1","Flame Barrier+1"],"picked":"Fire Breathing+1","floor":48},{"not_picked":["Thunderclap","Wild Strike+1","Whirlwind","Iron Wave"],"picked":"SKIP","floor":48}],"player_experience":1269698,"relics_obtained":[{"floor":6.0,"key":"Mummified Hand"},{"floor":8.0,"key":"Pear"},{"floor":9.0,"key":"Paper Frog"},{"floor":13.0,"key":"Potion Belt"},{"floor":23.0,"key":"Sundial"},{"floor":26.0,"key":"Question Card"},{"floor":28.0,"key":"Red Skull"},{"floor":30.0,"key":"Anchor"},{"floor":40,"key":"Lizard Tail"},{"floor":43,"key":"Prayer Wheel"},{"floor":45,"key":"Unceasing Top"},{"floor":47,"key":"Nunchaku"}],"event_choices":[{"damage_healed":0.0,"max_hp_gain":0.0,"max_hp_loss":0.0,"gold_gain":0.0,"cards_transformed":["Defend_R"],"event_name":"Living Wall","player_choice":"Change","floor":2.0,"gold_loss":0.0,"damage_taken":0.0,"cards_obtained":["Headbutt"]},{"damage_healed":0.0,"max_hp_gain":0.0,"max_hp_loss":33.0,"gold_gain":0.0,"event_name":"Vampires","player_choice":"Became a vampire","floor":19.0,"gold_loss":0.0,"damage_taken":0.0,"cards_obtained":["Bite","Bite","Bite","Bite","Bite"]},{"damage_healed":0.0,"max_hp_gain":5.0,"max_hp_loss":0.0,"gold_gain":0.0,"event_name":"Forgotten Altar","player_choice":"Shed Blood","floor":20.0,"gold_loss":0.0,"damage_taken":19.0},{"damage_healed":0.0,"max_hp_gain":0.0,"max_hp_loss":0.0,"gold_gain":275.0,"event_name":"Golden Shrine","player_choice":"Desecrate","floor":21.0,"gold_loss":0.0,"damage_taken":0.0,"cards_obtained":["Regret"]},{"damage_healed":0.0,"max_hp_gain":0.0,"max_hp_loss":0.0,"gold_gain":0.0,"event_name":"Tomb of Lord Red Mask","player_choice":"Ignored","floor":37.0,"gold_loss":0.0,"damage_taken":0.0},{"damage_healed":0,"gold_gain":0,"cards_transformed":["Pummel"],"player_choice":"Transformed","damage_taken":0,"max_hp_gain":0,"max_hp_loss":0,"event_name":"Transmorgrifier","floor":39,"gold_loss":0,"cards_obtained":["Burning Pact"]}],"is_beta":false,"boss_relics":[{"not_picked":["Runic Pyramid","SlaversCollar"],"picked":"Pandora\u0027s Box"},{"not_picked":["Tiny House","Fusion Hammer"],"picked":"Astrolabe"}],"items_purged_floors":[24],"is_endless":false,"potions_floor_spawned":[6,8,11,13,14,23,28,29,31,45,47,48],"ascension_level":4}}