{"host":"lg1piimdyocafd6j","time":1613483703,"event":{"mods":["AchievementEnabler","BaseMod","Better Third Choice","BetterRewards","Colored Map","Colored Powertips","Downfall","Minty Spire (QoL Compilation)","Quick Restart","Rare Cards Sparkle","Remove Card Discount Mod","Shop Mod","StSLib","SuperFastMode"],"gold_per_floor":[117,135,135,146,146,146,146,146,172,172,172,200,220,168,168,271,271,288,288,288],"floor_reached":19,"language":"ENG","playtime":796,"items_purged":["Dualcast","Defend_B","Go for the Eyes","Strike_B","Strike_B","Skim+1","Defend_B","Defend_B","Defend_B","Redo","Redo","Strike_B","Strike_B"],"score":165,"play_id":"67930e67-5c9d-4ca9-8fc0-a7bbb8ad9e64","local_time":"20210216145503","is_ascension_mode":false,"campfire_choices":[{"floor":6,"key":"RECALL"},{"data":"Conserve Battery","floor":10,"key":"SMITH"},{"floor":15,"key":"REST"}],"circlet_count":0,"master_deck":["Zap","Defragment","Loop+1","Loop+1","Capacitor","Conserve Battery+1","Capacitor","Multi-Cast","Conserve Battery+1","Conserve Battery","Multi-Cast","Leap","Defragment","Echo Form"],"relics":["Cracked Core","Orrery","Pantograph"],"acts_visited":["Exordium","TheCity"],"potions_floor_usage":[12],"damage_taken":[{"damage":5,"enemies":"Small Slimes","floor":1,"turns":4},{"damage":4,"enemies":"Jaw Worm","floor":2,"turns":4},{"damage":1,"enemies":"2 Louse","floor":4,"turns":3},{"damage":1,"enemies":"3 Sentries","floor":12,"turns":6},{"damage":2,"enemies":"2 Fungi Beasts","floor":13,"turns":3},{"damage":32,"enemies":"Slime Boss","floor":16,"turns":7},{"damage":11,"enemies":"Shell Parasite","floor":18,"turns":6},{"damage":25,"enemies":"3 Byrds","floor":19,"turns":3}],"seed_played":"-1917183857580895279","potions_obtained":[{"floor":2,"key":"Block Potion"},{"floor":12,"key":"Swift Potion"},{"floor":13,"key":"DuplicationPotion"},{"floor":16,"key":"EssenceOfSteel"}],"is_trial":false,"path_per_floor":["M","M","?","M","?","R","?","?","T","R","?","E","M","$","R","B",null,"M","M"],"character_chosen":"DEFECT","items_purchased":["Defragment","Redo","Orrery","Capacitor","Multi-Cast","Defragment"],"campfire_rested":1,"item_purchase_floors":[0,0,0,0,0,14],"current_hp_per_floor":[70,66,51,50,50,50,50,50,50,50,55,54,52,52,76,48,80,69,44,44],"gold":288,"neow_bonus":"","is_daily":false,"chose_seed":false,"campfire_upgraded":1,"win_rate":0.0,"timestamp":1613483703,"path_taken":["M","M","?","M","?","R","?","?","T","R","?","E","M","?","R","BOSS","M","M"],"items_purchased_type":["Card","Card","Relic","Card","Card","Card"],"build_version":"2020-12-22","purchased_purges":13,"victory":false,"max_hp_per_floor":[75,75,75,75,75,75,75,75,75,75,80,80,80,80,80,80,80,80,80,80],"card_choices":[{"not_picked":["Rebound","Gash"],"picked":"Loop","floor":0},{"not_picked":["Rebound","Gash"],"picked":"Loop","floor":0},{"not_picked":["Storm","Barrage"],"picked":"Go for the Eyes","floor":0},{"not_picked":["Sweeping Beam","Heatsinks"],"picked":"Ball Lightning","floor":0},{"not_picked":["Hello World","Barrage"],"picked":"Capacitor","floor":0},{"not_picked":["Compile Driver","Barrage"],"picked":"Conserve Battery","floor":0},{"not_picked":["Skim","Hologram"],"picked":"Conserve Battery","floor":1},{"not_picked":["Fission","Barrage"],"picked":"Conserve Battery","floor":2},{"not_picked":["Compile Driver","Stack"],"picked":"Redo","floor":4},{"not_picked":["Steam","Scrape"],"picked":"Multi-Cast","floor":12},{"not_picked":["Go for the Eyes","Beam Cell"],"picked":"Leap","floor":13},{"not_picked":["Rainbow","Reboot"],"picked":"Echo Form","floor":16},{"not_picked":["Steam","Chill","Cold Snap"],"picked":"SKIP","floor":18}],"player_experience":140489,"relics_obtained":[{"floor":12,"key":"Pantograph"}],"event_choices":[{"damage_healed":66,"gold_gain":0,"player_choice":"Upgrade","damage_taken":15,"max_hp_gain":0,"max_hp_loss":75,"event_name":"betterThird:BetterShining","floor":3,"gold_loss":0,"cards_upgraded":["Skim","Loop"]},{"damage_healed":0,"gold_gain":0,"player_choice":"Grow","damage_taken":0,"max_hp_gain":0,"max_hp_loss":0,"event_name":"Living Wall","floor":5,"gold_loss":0,"cards_upgraded":["Conserve Battery"]},{"damage_healed":0,"gold_gain":1,"player_choice":"LEAVE","damage_taken":0,"max_hp_gain":0,"max_hp_loss":0,"event_name":"betterThird:BetterScrap","floor":7,"gold_loss":0,"cards_obtained":["MasterReality"]},{"damage_healed":0,"gold_gain":0,"player_choice":"Ignored","damage_taken":0,"max_hp_gain":0,"max_hp_loss":0,"event_name":"Golden Wing","floor":8,"gold_loss":0},{"damage_healed":0,"gold_gain":0,"player_choice":"Donut","damage_taken":0,"max_hp_gain":5,"max_hp_loss":0,"event_name":"Big Fish","floor":11,"gold_loss":0}],"is_beta":false,"boss_relics":[{"not_picked":["Cursed Key","Fusion Hammer","FrozenCore"]}],"items_purged_floors":[0,0,0,0,0,14,14,14,14,14,14,14,14],"is_endless":false,"potions_floor_spawned":[2,12,13,16],"killed_by":"3 Byrds","ascension_level":0}}