{"host":"aapp7ew3jk5k1bvd","time":1613489776,"event":{"mods":["AchievementEnabler","BaseMod","Colored Map","Custom Start","Keyboard Shortcuts","Minty Spire (QoL Compilation)","Permanent Neow","Quick Restart","StSLib","SuperFastMode"],"gold_per_floor":[117,137,149,166,185,185,242,242,267,285,298,94,106,140,140,236,286,253,153,167,42,55,55,84,84,129,129,144,160,160,178,178,274,274,289,289,308,308,81,81,81],"floor_reached":40,"language":"KOR","playtime":1619,"items_purged":["Strike_G","Strike_G","Strike_G","Accuracy+1"],"score":481,"play_id":"fca57d73-3fec-4267-bc4d-a2654d1ed860","local_time":"20210217003616","is_ascension_mode":true,"campfire_choices":[{"data":"Deadly Poison","floor":6.0,"key":"SMITH"},{"data":"Escape Plan","floor":8.0,"key":"SMITH"},{"floor":15.0,"key":"REST"},{"data":"Catalyst","floor":23.0,"key":"SMITH"},{"floor":25.0,"key":"REST"},{"data":"Noxious Fumes","floor":30.0,"key":"SMITH"},{"data":"Footwork","floor":32.0,"key":"SMITH"}],"circlet_count":0,"master_deck":["Defend_G","Defend_G","Defend_G+1","Survivor","Neutralize","PiercingWail","Escape Plan","Deadly Poison+1","Escape Plan+1","Footwork+1","Catalyst+1","Noxious Fumes+1","Poisoned Stab","Dodge and Roll","Burst","Blur+1","Footwork+1","Well Laid Plans","Deadly Poison+1","Catalyst+1","Bouncing Flask","PiercingWail+1","Noxious Fumes"],"relics":["Ring of the Snake","Anchor","Strawberry","Potion Belt","Tiny House","TungstenRod","Art of War","Astrolabe"],"acts_visited":["Exordium","TheCity","TheBeyond"],"potions_floor_usage":[40],"damage_taken":[{"damage":4.0,"enemies":"Small Slimes","floor":1.0,"turns":6.0},{"damage":0.0,"enemies":"2 Louse","floor":2.0,"turns":3.0},{"damage":20.0,"enemies":"Jaw Worm","floor":3.0,"turns":9.0},{"damage":3.0,"enemies":"2 Fungi Beasts","floor":4.0,"turns":5.0},{"damage":2.0,"enemies":"Large Slime","floor":5.0,"turns":12.0},{"damage":6.0,"enemies":"3 Sentries","floor":7.0,"turns":7.0},{"damage":0.0,"enemies":"Exordium Wildlife","floor":10.0,"turns":4.0},{"damage":0.0,"enemies":"Blue Slaver","floor":11.0,"turns":4.0},{"damage":0.0,"enemies":"Looter","floor":13.0,"turns":3.0},{"damage":22.0,"enemies":"Gremlin Nob","floor":14.0,"turns":5.0},{"damage":20.0,"enemies":"The Guardian","floor":16.0,"turns":9.0},{"damage":0.0,"enemies":"2 Thieves","floor":18.0,"turns":5.0},{"damage":5.0,"enemies":"Shell Parasite","floor":20.0,"turns":5.0},{"damage":0.0,"enemies":"Snake Plant","floor":22.0,"turns":5.0},{"damage":26.0,"enemies":"Slavers","floor":24.0,"turns":8.0},{"damage":2.0,"enemies":"Centurion and Healer","floor":28.0,"turns":11.0},{"damage":0.0,"enemies":"Chosen and Byrds","floor":29.0,"turns":7.0},{"damage":0.0,"enemies":"Snake Plant","floor":31.0,"turns":5.0},{"damage":3.0,"enemies":"Automaton","floor":33.0,"turns":10.0},{"damage":3.0,"enemies":"Orb Walker","floor":35.0,"turns":5.0},{"damage":18.0,"enemies":"3 Shapes","floor":37.0,"turns":4.0},{"damage":46,"enemies":"Reptomancer","floor":40,"turns":3}],"seed_played":"8355282719572005462","potions_obtained":[{"floor":3.0,"key":"Fire Potion"},{"floor":4.0,"key":"FairyPotion"},{"floor":5.0,"key":"DistilledChaos"},{"floor":14.0,"key":"DistilledChaos"},{"floor":17.0,"key":"Strength Potion"},{"floor":22.0,"key":"Regen Potion"},{"floor":24.0,"key":"Energy Potion"},{"floor":28.0,"key":"SteroidPotion"},{"floor":31.0,"key":"Fire Potion"},{"floor":37.0,"key":"Fire Potion"}],"is_trial":false,"path_per_floor":["M","M","M","M","M","R","?","R","T","M","M","$","M","E","R","B",null,"M","$","M","$","M","R","E","R","T","?","M","M","R","M","R","B",null,"M","?","M","?","$","E"],"character_chosen":"THE_SILENT","items_purchased":["Noxious Fumes","Poisoned Stab","Noxious Fumes"],"campfire_rested":2,"item_purchase_floors":[12,12,39],"current_hp_per_floor":[66,66,46,43,41,41,35,35,42,42,42,42,42,20,43,23,82,82,82,77,77,77,77,51,75,75,75,73,73,73,73,73,70,82,79,79,61,61,61,15,15],"gold":81,"neow_bonus":"REMOVE_CARD","is_daily":false,"chose_seed":false,"campfire_upgraded":5,"win_rate":0.0,"timestamp":1613489776,"path_taken":["M","M","M","M","M","R","?","R","T","M","M","$","M","E","R","BOSS","M","$","M","$","M","R","E","R","T","?","M","M","R","M","R","BOSS","M","?","M","?","$","E"],"items_purchased_type":["Card","Card","Card"],"build_version":"2020-12-22","purchased_purges":4,"victory":false,"max_hp_per_floor":[70,70,70,70,70,70,70,70,77,77,77,77,77,77,77,77,82,82,82,82,82,82,82,82,82,82,82,82,82,82,82,82,82,82,82,82,82,82,82,82,82],"card_choices":[{"not_picked":["Acrobatics","Prepared"],"picked":"PiercingWail","floor":1.0},{"not_picked":["Underhanded Strike","Dodge and Roll"],"picked":"Escape Plan","floor":2.0},{"not_picked":["Dagger Throw","Underhanded Strike"],"picked":"Deadly Poison","floor":3.0},{"not_picked":["Slice","Quick Slash","Finisher"],"picked":"SKIP","floor":4.0},{"not_picked":["Choke","Dagger Throw","Backflip"],"picked":"SKIP","floor":5.0},{"not_picked":["Crippling Poison","Bane"],"picked":"Escape Plan","floor":7.0},{"not_picked":["Underhanded Strike","Backflip"],"picked":"Footwork","floor":10.0},{"not_picked":["Storm of Steel","Dagger Spray"],"picked":"Catalyst","floor":11.0},{"not_picked":["Quick Slash","Masterful Stab","Concentrate"],"picked":"SKIP","floor":13.0},{"not_picked":["Sucker Punch","Distraction"],"picked":"Dodge and Roll","floor":14.0},{"not_picked":["Unload","Die Die Die"],"picked":"Burst","floor":16.0},{"not_picked":["Bane+1","Deflect+1","Dagger Throw"],"picked":"SKIP","floor":18.0},{"not_picked":["Dagger Throw+1","Bane","Endless Agony"],"picked":"SKIP","floor":20.0},{"not_picked":["Cloak And Dagger","Underhanded Strike","Infinite Blades"],"picked":"SKIP","floor":22.0},{"not_picked":["Terror+1","Acrobatics"],"picked":"Blur+1","floor":24.0},{"not_picked":["Dodge and Roll","Riddle With Holes+1","Bane"],"picked":"SKIP","floor":28.0},{"not_picked":["Dagger Throw+1","Leg Sweep"],"picked":"Footwork+1","floor":29.0},{"not_picked":["PiercingWail","Concentrate+1"],"picked":"Well Laid Plans","floor":31.0},{"not_picked":["Choke+1","Eviscerate+1"],"picked":"Bouncing Flask","floor":35.0},{"not_picked":["Slice+1","Tactician"],"picked":"PiercingWail+1","floor":37.0}],"player_experience":1012820,"relics_obtained":[{"floor":9.0,"key":"Strawberry"},{"floor":14.0,"key":"Potion Belt"},{"floor":24.0,"key":"TungstenRod"},{"floor":26.0,"key":"Art of War"}],"event_choices":[{"damage_healed":0.0,"max_hp_gain":0.0,"max_hp_loss":0.0,"gold_gain":30.0,"event_name":"Dead Adventurer","player_choice":"Searched \u00273\u0027 times","floor":7.0,"gold_loss":0.0,"damage_taken":0.0,"relics_obtained":["Anchor"]},{"damage_healed":0.0,"max_hp_gain":0.0,"max_hp_loss":0.0,"gold_gain":0.0,"event_name":"Cursed Tome","player_choice":"Ignored","floor":27.0,"gold_loss":0.0,"damage_taken":0.0},{"damage_healed":0.0,"max_hp_gain":0.0,"max_hp_loss":0.0,"gold_gain":0.0,"event_name":"Tomb of Lord Red Mask","player_choice":"Ignored","floor":36.0,"gold_loss":0.0,"damage_taken":0.0},{"damage_healed":0.0,"max_hp_gain":0.0,"max_hp_loss":0.0,"gold_gain":0.0,"event_name":"SensoryStone","player_choice":"Memory 1","floor":38.0,"gold_loss":0.0,"damage_taken":0.0}],"is_beta":false,"boss_relics":[{"not_picked":["Coffee Dripper","Cursed Key"],"picked":"Tiny House"},{"not_picked":["Runic Pyramid","Ring of the Serpent"],"picked":"Astrolabe"}],"items_purged_floors":[12,19,21,39],"is_endless":false,"potions_floor_spawned":[3,4,5,14,22,24,28,31,33,35,37],"killed_by":"Reptomancer","ascension_level":2}}