{"host":"strpjp9enjjpooof","time":1613465929,"event":{"mods":["BaseMod","Minty Spire (QoL Compilation)","StSLib","Together in Spire"],"gold_per_floor":[115,128,144,109,120,120,136,9,9,22,47,65,65,80,80,180,180,199,199,210,480,496,496,515,20,20,20,38,49,0,30,30,132,132,151,151,164,11,22,52,52,13,93,93,113,113,130,177,177,177],"floor_reached":51,"language":"ENG","playtime":1581,"items_purged":[],"score":528,"play_id":"24cd93e6-d6b3-4dee-a3c9-1dd268c1ab59","local_time":"20210215235849","is_ascension_mode":false,"campfire_choices":[{"data":"Whirlwind","floor":6,"key":"SMITH"},{"data":"Impervious","floor":13,"key":"SMITH"},{"data":"Cleave","floor":15,"key":"SMITH"},{"floor":23,"key":"REST"},{"floor":32,"key":"REST"},{"floor":41,"key":"REST"},{"data":"Cleave","floor":44,"key":"SMITH"},{"data":"Deep Breath","floor":46,"key":"SMITH"},{"floor":49,"key":"REST"}],"circlet_count":0,"master_deck":["Strike_R","Strike_R","Strike_R","Strike_R","Strike_R","Defend_R","Defend_R","Defend_R","Defend_R","Bash","Seeing Red","Perfected Strike","Whirlwind+1","Flame Barrier","Impervious+1","Deep Breath+1","Power Through","Cleave+1","Flex","Seeing Red","Combust","Impervious","Perfected Strike","Spot Weakness+1","Battle Trance","Cleave+1","Transmutation+1","Twin Strike","Impervious","Flame Barrier","Feed","Twin Strike+1","Clash+1","Cleave+1","Uppercut","Secret Technique","Spot Weakness","Bloodletting","Whirlwind+1","Perfected Strike+1","Cleave+1","Berserk","Hemokinesis","Perfected Strike+1"],"relics":["Burning Blood","The Courier","Centennial Puzzle","SlaversCollar","CaptainsWheel","Bronze Scales","Strawberry","Prayer Wheel","Runic Pyramid","Vajra","Darkstone Periapt","FossilizedHelix"],"acts_visited":["Exordium","TheCity","TheBeyond"],"potions_floor_usage":[11,11,14,16,16,18,22,28,39,39,39,45,45,47,48],"damage_taken":[{"damage":0,"enemies":"Cultist","floor":1,"turns":2},{"damage":6,"enemies":"2 Louse","floor":2,"turns":2},{"damage":11,"enemies":"Jaw Worm","floor":3,"turns":2},{"damage":13,"enemies":"Red Slaver","floor":5,"turns":2},{"damage":11,"enemies":"3 Louse","floor":7,"turns":2},{"damage":0,"enemies":"Lots of Slimes","floor":10,"turns":3},{"damage":0,"enemies":"Gremlin Nob","floor":11,"turns":2},{"damage":0,"enemies":"Large Slime","floor":12,"turns":2},{"damage":0,"enemies":"Exordium Wildlife","floor":14,"turns":1},{"damage":41,"enemies":"The Guardian","floor":16,"turns":6},{"damage":5,"enemies":"3 Byrds","floor":18,"turns":2},{"damage":11,"enemies":"Chosen","floor":20,"turns":2},{"damage":19,"enemies":"Shelled Parasite and Fungi","floor":22,"turns":2},{"damage":6,"enemies":"Snecko","floor":24,"turns":3},{"damage":10,"enemies":"Sentry and Sphere","floor":28,"turns":3},{"damage":12,"enemies":"Shelled Parasite and Fungi","floor":29,"turns":2},{"damage":23,"enemies":"Book of Stabbing","floor":31,"turns":3},{"damage":18,"enemies":"Champ","floor":33,"turns":5},{"damage":0,"enemies":"3 Darklings","floor":35,"turns":2},{"damage":19,"enemies":"3 Shapes","floor":37,"turns":2},{"damage":24,"enemies":"Jaw Worm Horde","floor":39,"turns":3},{"damage":4,"enemies":"Reptomancer","floor":40,"turns":2},{"damage":1,"enemies":"Spire Growth","floor":45,"turns":2},{"damage":13,"enemies":"Maw","floor":47,"turns":4},{"damage":42,"enemies":"2 Orb Walkers","floor":48,"turns":4},{"damage":17,"enemies":"Time Eater","floor":50,"turns":3}],"seed_played":"7599714136656692507","potions_obtained":[{"floor":0,"key":"Fruit Juice"},{"floor":0,"key":"PowerPotion"},{"floor":0,"key":"Explosive Potion"},{"floor":11,"key":"Fire Potion"},{"floor":12,"key":"LiquidMemories"},{"floor":16,"key":"PowerPotion"},{"floor":20,"key":"Fire Potion"},{"floor":22,"key":"Energy Potion"},{"floor":24,"key":"Dexterity Potion"},{"floor":29,"key":"Dexterity Potion"},{"floor":37,"key":"SpeedPotion"},{"floor":39,"key":"GamblersBrew"},{"floor":40,"key":"AttackPotion"},{"floor":45,"key":"ColorlessPotion"}],"is_trial":false,"path_per_floor":["M","M","M","?","M","R","M","$","T","M","E","M","R","M","R","B",null,"M","?","M","?","M","R","M","$","T","$","M","M","?","E","R","B",null,"M","?","M","$","M","E","R","$","T","R","M","R","M","?","R","B",null],"character_chosen":"IRONCLAD","items_purchased":["Deep Breath","Power Through","Transmutation","CaptainsWheel","Bronze Scales","Secret Technique","Swift Potion"],"campfire_rested":4,"item_purchase_floors":[8,8,25,25,25,38,42],"current_hp_per_floor":[80,80,75,80,73,73,68,68,68,74,85,85,85,85,85,50,85,85,85,80,53,40,65,65,65,72,72,68,62,62,45,72,60,92,92,92,79,79,61,63,90,90,90,90,92,92,85,49,76,65],"gold":177,"neow_bonus":"THREE_SMALL_POTIONS","is_daily":false,"chose_seed":false,"campfire_upgraded":5,"win_rate":0.0,"timestamp":1613465929,"path_taken":["M","M","?","?","M","R","M","$","T","M","E","M","R","M","R","BOSS","M","?","?","?","M","R","?","?","T","$","M","M","?","E","R","BOSS","M","?","M","$","M","E","R","$","T","R","?","R","M","?","R","BOSS"],"items_purchased_type":["Card","Card","Card","Relic","Relic","Card","Potion"],"build_version":"2020-12-22","purchased_purges":0,"victory":true,"max_hp_per_floor":[80,80,80,80,80,80,80,80,80,80,85,85,85,85,85,85,85,85,85,85,85,85,85,85,85,92,92,92,92,92,92,92,92,92,92,92,92,92,92,92,92,92,92,92,92,92,92,92,92,92],"card_choices":[{"not_picked":["Rupture","Flex"],"picked":"Seeing Red","floor":1},{"not_picked":["Burning Pact","Hemokinesis"],"picked":"Perfected Strike","floor":2},{"not_picked":["Body Slam","Clothesline"],"picked":"Whirlwind","floor":3},{"not_picked":["Warcry","Body Slam"],"picked":"Flame Barrier","floor":5},{"not_picked":["Flex","Battle Trance"],"picked":"Impervious","floor":7},{"not_picked":["Perfected Strike","Heavy Blade"],"picked":"Cleave","floor":10},{"not_picked":["Infernal Blade","Warcry"],"picked":"Flex","floor":11},{"not_picked":["Warcry","Pommel Strike"],"picked":"Seeing Red","floor":12},{"not_picked":["Clothesline","Dropkick"],"picked":"Combust","floor":14},{"not_picked":["Corruption","Feed"],"picked":"Impervious","floor":16},{"not_picked":["Clash+1","Flame Barrier"],"picked":"Perfected Strike","floor":18},{"not_picked":["Shrug It Off+1","Ghostly Armor+1"],"picked":"Spot Weakness+1","floor":20},{"not_picked":["Headbutt","Power Through"],"picked":"Battle Trance","floor":22},{"not_picked":["Fire Breathing","Body Slam+1"],"picked":"Cleave","floor":24},{"not_picked":["Flex","Second Wind"],"picked":"Twin Strike","floor":28},{"not_picked":["Evolve","Thunderclap+1"],"picked":"Impervious","floor":29},{"not_picked":["Thunderclap","Fire Breathing"],"picked":"Flame Barrier","floor":31},{"not_picked":["Juggernaut","Demon Form"],"picked":"Feed","floor":33},{"not_picked":["Thunderclap","Burning Pact+1"],"picked":"Twin Strike+1","floor":35},{"not_picked":["Rupture","Pommel Strike"],"picked":"Clash+1","floor":35},{"not_picked":["Twin Strike","Shrug It Off+1"],"picked":"Cleave+1","floor":37},{"not_picked":["Dropkick+1","Second Wind"],"picked":"Uppercut","floor":37},{"not_picked":["Fire Breathing","Anger"],"picked":"Spot Weakness","floor":39},{"not_picked":["Double Tap","Second Wind+1"],"picked":"Bloodletting","floor":39},{"not_picked":["Hemokinesis+1","Thunderclap+1"],"picked":"Whirlwind+1","floor":40},{"not_picked":["Wild Strike","Power Through"],"picked":"Perfected Strike+1","floor":45},{"not_picked":["Clash+1","Iron Wave"],"picked":"Cleave+1","floor":45},{"not_picked":["Pommel Strike","Power Through"],"picked":"Berserk","floor":47},{"not_picked":["Anger+1","Power Through+1"],"picked":"Hemokinesis","floor":47},{"not_picked":["Pommel Strike+1","Shrug It Off"],"picked":"Perfected Strike+1","floor":48}],"player_experience":140420,"relics_obtained":[{"floor":9,"key":"The Courier"},{"floor":11,"key":"Centennial Puzzle"},{"floor":26,"key":"Strawberry"},{"floor":31,"key":"Prayer Wheel"},{"floor":40,"key":"Vajra"},{"floor":43,"key":"Darkstone Periapt"},{"floor":48,"key":"FossilizedHelix"}],"event_choices":[{"damage_healed":20,"gold_gain":0,"player_choice":"Healed","damage_taken":0,"max_hp_gain":0,"max_hp_loss":0,"event_name":"The Cleric","floor":4,"gold_loss":35},{"damage_healed":0,"gold_gain":0,"player_choice":"Ignored","damage_taken":0,"max_hp_gain":0,"max_hp_loss":0,"event_name":"NoteForYourself","floor":19,"gold_loss":0},{"damage_healed":0,"gold_gain":270,"player_choice":"GOLD GOLD GOLD ","damage_taken":27,"max_hp_gain":0,"max_hp_loss":0,"event_name":"Knowing Skull","floor":21,"potions_obtained":[],"gold_loss":0,"cards_obtained":[]},{"damage_healed":0,"gold_gain":0,"player_choice":"Paid Fearfully","damage_taken":0,"max_hp_gain":0,"max_hp_loss":0,"event_name":"Masked Bandits","floor":30,"gold_loss":49},{"damage_healed":0,"gold_gain":0,"player_choice":"Upgraded","damage_taken":0,"max_hp_gain":0,"max_hp_loss":0,"event_name":"Upgrade Shrine","floor":36,"gold_loss":0,"cards_upgraded":["Transmutation"]},{"damage_healed":0,"gold_gain":0,"player_choice":"Fight","damage_taken":0,"max_hp_gain":0,"max_hp_loss":0,"event_name":"Mysterious Sphere","floor":48,"gold_loss":0}],"is_beta":false,"boss_relics":[{"not_picked":["Mark of Pain","Black Blood"],"picked":"SlaversCollar"},{"not_picked":["Cursed Key","Fusion Hammer"],"picked":"Runic Pyramid"}],"items_purged_floors":[],"is_endless":false,"potions_floor_spawned":[3,7,11,12,16,20,22,24,29,37,39,40,45],"ascension_level":0}}