{"host":"za1qviwhp34x909e","time":1613464446,"event":{"mods":["Act Like it!","BaseMod","Colored Map","Colored Powertips","Downfall","Highlight Path","Hubris","Koishi","Marisa????????","Minty Spire (QoL Compilation)","Quick Restart","Reimu??????","Replay The Spire","StSLib","The Servant 0.9.4"],"gold_per_floor":[110,0,18,18,18,46,46,80,80,80,96,96,111,111,111,210,210,221,421,49,67,67,106,106,135,135,174,49,49,78,99,99,99,99],"floor_reached":33,"language":"ENG","playtime":1354,"items_purged":["Strike_S","Strike_S","Regret"],"score":352,"play_id":"b18f4d6f-0668-4ac7-a933-a22c8e556b82","local_time":"20210216023406","is_ascension_mode":true,"campfire_choices":[{"data":"TrueSight","floor":7,"key":"SMITH"},{"floor":10,"key":"REST"},{"data":"Spin","floor":12,"key":"SMITH"},{"data":"BottledTime","floor":15,"key":"SMITH"},{"data":"Defy","floor":24,"key":"SMITH"},{"floor":29,"key":"DIG"},{"floor":32,"key":"DIG"}],"circlet_count":0,"master_deck":["Strike_S+1","Strike_S","Defend_S","Defend_S","Defend_S","Defend_S","KidneyShot","Exchange","DoubleEdge+1","Foresight+1","TimeTheft","TrueSight+1","Moonlight","Spin+1","BottledTime+1","GearUp","KillingDoll+1","FastForward","Rearm+1","Comet","downfall:Bewildered","Defy+1","DoubleEdge+1","InstantArmor+1","TimeWarp","Defy"],"relics":["Uniform","NeowsBlessing","Blood Vial","ReplayFunnel","Turnip","Onion Ring","Philosopher\u0027s Stone","Guide Book","Replay:Wax Seal","sneckomod:BabySnecko","CeramicFish","Mirror","Shovel","Frozen Egg 2","Omamori"],"acts_visited":["Exordium","TheCity"],"potions_floor_usage":[16,16,16,18,27,30,31,33],"damage_taken":[{"damage":0,"enemies":"Small Slimes","floor":1,"turns":1},{"damage":0,"enemies":"Jaw Worm","floor":3,"turns":1},{"damage":0,"enemies":"Lagavulin","floor":6,"turns":1},{"damage":50,"enemies":"3 Sentries","floor":8,"turns":9},{"damage":0,"enemies":"Cultist","floor":11,"turns":2},{"damage":9,"enemies":"Red Slaver","floor":13,"turns":2},{"damage":7,"enemies":"3 Louse","floor":14,"turns":3},{"damage":14,"enemies":"Slime Boss","floor":16,"turns":7},{"damage":0,"enemies":"2 Thieves","floor":18,"turns":1},{"damage":16,"enemies":"Chosen","floor":21,"turns":2},{"damage":23,"enemies":"Gremlin Leader","floor":23,"turns":3},{"damage":0,"enemies":"Snecko","floor":25,"turns":3},{"damage":11,"enemies":"Book of Stabbing","floor":27,"turns":5},{"damage":0,"enemies":"Centurion and Healer","floor":30,"turns":4},{"damage":0,"enemies":"3 Cultists","floor":31,"turns":2},{"damage":34,"enemies":"Champ","floor":33,"turns":10}],"seed_played":"-3815380755046980207","potions_obtained":[{"floor":6,"key":"Energy Potion"},{"floor":8,"key":"EntropicBrew"},{"floor":11,"key":"Block Potion"},{"floor":13,"key":"Fire Potion"},{"floor":18,"key":"LiquidMemories"},{"floor":23,"key":"Swift Potion"},{"floor":27,"key":"hexamod:SoulburnPotion"}],"is_trial":false,"path_per_floor":["M","$","M","?","?","E","R","E","T","R","M","R","M","M","R","B",null,"M","?","$","M","?","E","R","M","T","E","$","R","M","M","R","B"],"character_chosen":"THE_SERVANT","items_purchased":["Foresight","Rearm+1","Guide Book","Replay:Wax Seal"],"campfire_rested":1,"item_purchase_floors":[2,20,20,20],"current_hp_per_floor":[65,65,65,52,52,54,54,6,6,25,27,27,20,15,15,3,65,65,65,65,49,49,28,28,30,30,21,21,21,23,25,25,0,0],"gold":99,"neow_bonus":"THREE_ENEMY_KILL","is_daily":false,"chose_seed":false,"campfire_upgraded":4,"win_rate":0.0,"timestamp":1613464446,"path_taken":["M","$","M","?","?","E","R","E","T","R","M","R","?","M","R","BOSS","M","?","?","M","?","E","R","M","T","E","$","R","M","M","R","BOSS"],"items_purchased_type":["Card","Card","Relic","Relic"],"build_version":"2020-12-22","purchased_purges":3,"victory":false,"max_hp_per_floor":[65,65,65,65,65,65,65,65,65,65,65,65,65,65,65,65,65,65,65,65,65,65,65,65,65,65,65,65,65,65,65,65,65,65],"card_choices":[{"not_picked":["Ricochet","Revamp"],"picked":"DoubleEdge","floor":1},{"not_picked":["BottledTime","StarChef"],"picked":"TimeTheft","floor":3},{"not_picked":["FanOfKnives","Unruled"],"picked":"TrueSight","floor":6},{"not_picked":["Foresight","Spin"],"picked":"Moonlight","floor":8},{"not_picked":["Unruled","Replace"],"picked":"Spin","floor":11},{"not_picked":["Alleviate","GearUp"],"picked":"BottledTime","floor":13},{"not_picked":["Ricochet","Duplication"],"picked":"GearUp","floor":14},{"not_picked":["Initiator","Deny"],"picked":"KillingDoll","floor":16},{"not_picked":["Spin","Ricochet+1"],"picked":"FastForward","floor":18},{"not_picked":["ReturningBlade","DoubleEdge"],"picked":"Comet","floor":21},{"not_picked":["Spin","Rearm"],"picked":"Defy","floor":23},{"not_picked":["Potential","FastForward"],"picked":"DoubleEdge+1","floor":25},{"not_picked":["Barrier","DoubleEdge"],"picked":"InstantArmor+1","floor":27},{"not_picked":["Snipe","DoubleEdge"],"picked":"TimeWarp","floor":30},{"not_picked":["MurderousAura+1","Rewind"],"picked":"Defy","floor":31}],"player_experience":746547,"relics_obtained":[{"floor":6,"key":"ReplayFunnel"},{"floor":8,"key":"Turnip"},{"floor":9,"key":"Onion Ring"},{"floor":23,"key":"CeramicFish"},{"floor":26,"key":"Mirror"},{"floor":27,"key":"Shovel"},{"floor":29,"key":"Frozen Egg 2"},{"floor":32,"key":"Omamori"}],"event_choices":[{"damage_healed":0,"gold_gain":0,"player_choice":"Entered Light","damage_taken":13,"max_hp_gain":0,"max_hp_loss":0,"event_name":"Shining Light","floor":4,"gold_loss":0,"cards_upgraded":["DoubleEdge","Strike_S"]},{"damage_healed":0,"gold_gain":0,"player_choice":"Box","damage_taken":0,"relics_obtained":["Blood Vial"],"max_hp_gain":0,"max_hp_loss":0,"event_name":"Big Fish","floor":5,"gold_loss":0,"cards_obtained":["Regret"]},{"damage_healed":0,"gold_gain":200,"player_choice":"Gold","damage_taken":0,"max_hp_gain":0,"max_hp_loss":0,"event_name":"Wheel of Change","floor":19,"gold_loss":0}],"is_beta":false,"boss_relics":[{"not_picked":["Black Star","hubris:RunicObelisk"],"picked":"Philosopher\u0027s Stone"}],"items_purged_floors":[2,20,28],"is_endless":false,"potions_floor_spawned":[6,8,11,13,18,23,27],"killed_by":"Champ","ascension_level":2}}