{"host":"v9yiptmoyyuggqjj","time":1613501301,"event":{"mods":["AchievementEnabler","BaseMod","BetterRewards","Card Forge","Colored Map","Colored Powertips","DeckTracker","Highlight Path","Infinite Spire","Minty Spire (QoL Compilation)","Quick Restart","Shop Mod","StSLib","Swap Starting Deck Mod"],"gold_per_floor":[115,128,148,33,33,33,60,60,108,108,136,36,36,50,50,147,147,158,173,183,58,58,58,58,76,99,99,99,99,99,125,125,220,220,235,235,252,0,0,0,15,34,34,68,68,82,48,48,48],"floor_reached":48,"language":"ENG","playtime":1695,"items_purged":["Stack","Stack","Gash"],"score":729,"play_id":"db352a4e-7f0f-40f3-bb57-bf43f3b388a3","local_time":"20210216114821","is_ascension_mode":true,"campfire_choices":[{"data":"Redo","floor":6,"key":"SMITH"},{"data":"Zap","floor":8,"key":"SMITH"},{"data":"infinitespire:Gouge","floor":10,"key":"SMITH"},{"data":"Stack","floor":13,"key":"SMITH"},{"data":"Stack","floor":15,"key":"SMITH"},{"data":"Loop","floor":23,"key":"SMITH"},{"floor":27,"key":"REST"},{"floor":32,"key":"REST"},{"data":"Electrodynamics","floor":40,"key":"SMITH"},{"data":"Thunder Strike","floor":45,"key":"SMITH"}],"circlet_count":0,"master_deck":["AscendersBane","Ball Lightning","Ball Lightning","Ball Lightning","Thunder Strike+1","Stack+1","Stack+1","Zap+1","Redo+1","Capacitor","infinitespire:Gouge+1","Conserve Battery","Electrodynamics+1","Loop+1","Steam+1","Redo+1","Loop+1"],"relics":["Cracked Core","Hammer of Thor","Seething Fire","Anvil of the Gods","swapstartingdeckmod:Bellows","Happy Flower","Strawberry","Ornamental Fan","Nuclear Battery","Enchiridion","MutagenicStrength","Dream Catcher","Frozen Egg 2","Regal Pillow","Vajra","Sozu","Red Mask","infinitespire:WardingShard","DataDisk"],"acts_visited":["Exordium","TheCity","TheBeyond"],"potions_floor_usage":[19,33,33],"damage_taken":[{"damage":0,"enemies":"2 Louse","floor":1,"turns":2},{"damage":12,"enemies":"Jaw Worm","floor":2,"turns":2},{"damage":0,"enemies":"Small Slimes","floor":3,"turns":2},{"damage":6,"enemies":"Gremlin Nob","floor":7,"turns":3},{"damage":14,"enemies":"Lagavulin","floor":11,"turns":4},{"damage":3,"enemies":"Looter","floor":14,"turns":2},{"damage":1,"enemies":"Hexaghost","floor":16,"turns":5},{"damage":15,"enemies":"2 Thieves","floor":18,"turns":3},{"damage":7,"enemies":"Chosen","floor":19,"turns":3},{"damage":10,"enemies":"Snecko","floor":20,"turns":3},{"damage":12,"enemies":"Chosen and Byrds","floor":25,"turns":2},{"damage":24,"enemies":"Slavers","floor":31,"turns":3},{"damage":6,"enemies":"Automaton","floor":33,"turns":4},{"damage":38,"enemies":"3 Shapes","floor":35,"turns":3},{"damage":0,"enemies":"Orb Walker","floor":37,"turns":1},{"damage":0,"enemies":"Transient","floor":41,"turns":5},{"damage":13,"enemies":"4 Shapes","floor":42,"turns":3},{"damage":20,"enemies":"Nemesis","floor":44,"turns":5},{"damage":18,"enemies":"Maw","floor":46,"turns":5},{"damage":26,"enemies":"3 Darklings","floor":48,"turns":2}],"seed_played":"-4497020422836465117","potions_obtained":[{"floor":2,"key":"LiquidBronze"},{"floor":7,"key":"LiquidMemories"},{"floor":11,"key":"ColorlessPotion"},{"floor":20,"key":"SteroidPotion"}],"is_trial":false,"path_per_floor":["M","M","M","$","?","R","E","R","T","R","E","$","R","M","R","B",null,"M","M","M","$","?","R","?","M","T","R","T","?","$","E","R","B",null,"M","?","M","?","?","R","M","M","T","E","R","M","$","M"],"character_chosen":"DEFECT","items_purchased":["Capacitor","Loop+1"],"campfire_rested":2,"item_purchase_floors":[4,47],"current_hp_per_floor":[68,56,56,56,38,38,32,32,39,39,25,25,25,22,22,21,67,52,45,35,35,19,19,19,7,7,31,31,31,31,7,46,40,72,34,34,34,34,72,72,72,59,59,39,39,21,21,0,0],"gold":48,"neow_bonus":"","is_daily":false,"chose_seed":false,"campfire_upgraded":8,"win_rate":0.0,"timestamp":1613501301,"path_taken":["M","M","M","$","?","R","E","R","T","R","E","$","R","M","R","BOSS","M","M","M","$","?","R","?","M","T","R","?","?","?","E","R","BOSS","M","?","M","?","?","R","M","M","T","E","R","M","$","M"],"items_purchased_type":["Card","Card"],"build_version":"2020-12-22","purchased_purges":3,"victory":false,"max_hp_per_floor":[75,75,75,75,75,75,75,75,82,82,82,82,82,82,82,82,82,82,82,82,82,82,82,82,82,82,82,82,82,82,82,82,82,82,82,82,82,82,72,72,72,72,72,72,72,72,72,72,72],"card_choices":[{"not_picked":["Chaos","Cold Snap","Gash"],"picked":"SKIP","floor":1},{"not_picked":["Cold Snap","Hologram"],"picked":"Redo","floor":2},{"not_picked":["Rip and Tear","Rebound","Darkness"],"picked":"SKIP","floor":3},{"not_picked":["infinitespire:SealOfDarkness+","infinitespire:Menacing"],"picked":"infinitespire:Gouge","floor":5},{"not_picked":["Double Energy","Force Field","Go for the Eyes"],"picked":"SKIP","floor":7},{"not_picked":["Coolheaded","Stack","Melter"],"picked":"SKIP","floor":11},{"not_picked":["Sunder","Echo Form"],"picked":"Conserve Battery","floor":14},{"not_picked":["Echo Form","Biased Cognition"],"picked":"Electrodynamics","floor":16},{"not_picked":["Aggregate","Recycle"],"picked":"Loop","floor":18},{"not_picked":["Compile Driver","Rebound","Redo"],"picked":"SKIP","floor":19},{"not_picked":["Sweeping Beam+1","Steam"],"picked":"Gash","floor":20},{"not_picked":["Reinforced Body","Coolheaded+1","Recycle"],"picked":"SKIP","floor":25},{"not_picked":["Multi-Cast","Rainbow","Skim+1"],"picked":"SKIP","floor":31},{"not_picked":["Sunder","Ball Lightning+1"],"picked":"Steam+1","floor":32},{"not_picked":["Compile Driver+1","Streamline"],"picked":"Redo+1","floor":35},{"not_picked":["Ball Lightning+1","Conserve Battery","Scrape+1"],"picked":"SKIP","floor":37},{"not_picked":["Chill","Gash+1","Consume"],"picked":"SKIP","floor":41},{"not_picked":["Melter+1","Multi-Cast","Fusion"],"picked":"SKIP","floor":42},{"not_picked":["Rebound","Coolheaded","Gash+1"],"picked":"SKIP","floor":44},{"not_picked":["Turbo+1","White Noise","Gash+1"],"picked":"SKIP","floor":46}],"player_experience":608648,"relics_obtained":[{"floor":7,"key":"Happy Flower"},{"floor":9,"key":"Strawberry"},{"floor":11,"key":"Ornamental Fan"},{"floor":22,"key":"Enchiridion"},{"floor":26,"key":"Dream Catcher"},{"floor":28,"key":"Frozen Egg 2"},{"floor":31,"key":"Vajra"},{"floor":43,"key":"infinitespire:WardingShard"},{"floor":44,"key":"DataDisk"}],"event_choices":[{"damage_healed":0,"gold_gain":0,"player_choice":"Obtained Book","damage_taken":16,"max_hp_gain":0,"max_hp_loss":0,"event_name":"Cursed Tome","floor":22,"gold_loss":0},{"damage_healed":0,"gold_gain":0,"player_choice":"Inject Mutagens","damage_taken":0,"relics_obtained":["MutagenicStrength"],"max_hp_gain":0,"max_hp_loss":0,"event_name":"Drug Dealer","floor":24,"gold_loss":0},{"damage_healed":0,"gold_gain":0,"player_choice":"Opened","damage_taken":0,"relics_obtained":["Regal Pillow"],"max_hp_gain":0,"max_hp_loss":0,"event_name":"The Mausoleum","floor":29,"gold_loss":0,"cards_obtained":["Writhe"]},{"damage_healed":0,"gold_gain":0,"player_choice":"Memory 1","damage_taken":0,"max_hp_gain":0,"max_hp_loss":0,"event_name":"SensoryStone","floor":36,"gold_loss":0},{"damage_healed":0,"gold_gain":0,"player_choice":"Paid","damage_taken":0,"relics_obtained":["Red Mask"],"max_hp_gain":0,"max_hp_loss":0,"event_name":"Tomb of Lord Red Mask","floor":38,"gold_loss":252},{"damage_healed":72,"gold_gain":0,"player_choice":"Heal","damage_taken":0,"max_hp_gain":0,"max_hp_loss":10,"event_name":"The Moai Head","floor":39,"gold_loss":0}],"is_beta":false,"boss_relics":[{"not_picked":["Cursed Key","Runic Pyramid"],"picked":"Nuclear Battery"},{"not_picked":["Pandora\u0027s Box","Runic Dome"],"picked":"Sozu"}],"items_purged_floors":[4,12,21],"is_endless":false,"potions_floor_spawned":[2,7,11,18,20,25,41,44],"killed_by":"3 Darklings","ascension_level":10}}