{"host":"c6xy0a74zz7y4nf6","time":1613451729,"event":{"mods":["BaseMod","Minty Spire (QoL Compilation)","StSLib","The Death Knight","The Exalted"],"gold_per_floor":[110,110,110,126,139,174,188,188,188],"floor_reached":8,"language":"ENG","playtime":534,"items_purged":[],"score":61,"play_id":"a65aa9ef-2bd7-44f5-8d3f-6d8b21d0e3b4","local_time":"20210215230209","is_ascension_mode":true,"campfire_choices":[],"circlet_count":0,"master_deck":["DeathKnight:Strike_DeathKnight","DeathKnight:Strike_DeathKnight","DeathKnight:Strike_DeathKnight","DeathKnight:Strike_DeathKnight","DeathKnight:Defend_DeathKnight","DeathKnight:Defend_DeathKnight","DeathKnight:Defend_DeathKnight","DeathKnight:Defend_DeathKnight","DeathKnight:Defend_DeathKnight","DeathKnight:RuneTap","DeathKnight:RuneStrike","DeathKnight:MutagenicPlague","DeathKnight:BoneShield","DeathKnight:IcyTouch","DeathKnight:PlagueStrike","DeathKnight:MindFreeze"],"relics":["DeathKnight:BrokenRuneblade","Golden Idol","Smiling Mask"],"acts_visited":["Exordium"],"potions_floor_usage":[6,6],"damage_taken":[{"damage":0,"enemies":"Small Slimes","floor":1,"turns":3},{"damage":4,"enemies":"Cultist","floor":4,"turns":4},{"damage":0,"enemies":"2 Louse","floor":5,"turns":2},{"damage":23,"enemies":"3 Sentries","floor":6,"turns":12},{"damage":19,"enemies":"Lots of Slimes","floor":7,"turns":6},{"damage":42,"enemies":"Lagavulin","floor":8,"turns":7}],"seed_played":"-776511392860020626","potions_obtained":[{"floor":1,"key":"DistilledChaos"},{"floor":4,"key":"Swift Potion"}],"is_trial":false,"path_per_floor":["M","?","?","M","M","E","M","E"],"character_chosen":"DEATH_KNIGHT","items_purchased":[],"campfire_rested":0,"item_purchase_floors":[],"current_hp_per_floor":[82,76,76,72,72,49,30,0,0],"gold":188,"neow_bonus":"TEN_PERCENT_HP_BONUS","is_daily":false,"chose_seed":false,"campfire_upgraded":0,"win_rate":0.0,"timestamp":1613451729,"path_taken":["M","?","?","?","M","E","M","E"],"items_purchased_type":[],"build_version":"2020-12-22","purchased_purges":0,"victory":false,"max_hp_per_floor":[82,76,76,76,76,76,76,76,76],"card_choices":[{"not_picked":["DeathKnight:ChainsOfIce","DeathKnight:DancingRuneblade"],"picked":"DeathKnight:MutagenicPlague","floor":1},{"not_picked":["DeathKnight:FrosPresence","DeathKnight:Pestilence"],"picked":"DeathKnight:IcyTouch","floor":4},{"not_picked":["DeathKnight:ShatteringStrikes","DeathKnight:HartStrike","DeathKnight:Obliterate"],"picked":"SKIP","floor":5},{"not_picked":["DeathKnight:DeathGrip","DeathKnight:HartStrike"],"picked":"DeathKnight:PlagueStrike","floor":6},{"not_picked":["DeathKnight:Culling","DeathKnight:Ossuary"],"picked":"DeathKnight:MindFreeze","floor":7}],"player_experience":113973,"relics_obtained":[{"floor":6,"key":"Smiling Mask"}],"event_choices":[{"damage_healed":0,"gold_gain":0,"player_choice":"Lose Max HP","damage_taken":0,"relics_obtained":["Golden Idol"],"max_hp_gain":0,"max_hp_loss":6,"event_name":"Golden Idol","floor":2,"gold_loss":0},{"damage_healed":0,"gold_gain":0,"cards_transformed":["DeathKnight:Strike_DeathKnight"],"player_choice":"Transformed","damage_taken":0,"max_hp_gain":0,"max_hp_loss":0,"event_name":"Transmorgrifier","floor":3,"gold_loss":0,"cards_obtained":["DeathKnight:BoneShield"]}],"is_beta":false,"boss_relics":[],"items_purged_floors":[],"is_endless":false,"potions_floor_spawned":[1,4],"killed_by":"Lagavulin","ascension_level":1}}