{"host":"agl6880ykeaxaurv","time":1613504510,"event":{"mods":["AchievementEnabler","BaseMod","Colored Map","Colored Powertips","Downfall","Hermit","Highlight Path","Minty Spire (QoL Compilation)","Robot Space Explorer","StSLib","The Cursed","The Servant 0.9.4"],"gold_per_floor":[109,128,13,13,13,54,75,75,127,142,177,19,38,57,57,180,180,199,298,298,322,101,101,139,139,139,139,162,162,162],"floor_reached":29,"language":"ENG","playtime":1938,"items_purged":[],"score":283,"play_id":"b5b53e3c-5563-475a-a295-036f70dd8223","local_time":"20210216194150","is_ascension_mode":false,"campfire_choices":[{"data":"RobotSpaceExplorer:IronShell","floor":8,"key":"SMITH"},{"data":"RobotSpaceExplorer:Comet","floor":15,"key":"SMITH"},{"data":"RobotSpaceExplorer:Multitool","floor":23,"key":"SMITH"}],"circlet_count":0,"master_deck":["RobotSpaceExplorer:Strike","RobotSpaceExplorer:Strike+1","RobotSpaceExplorer:Strike","RobotSpaceExplorer:Strike+1","RobotSpaceExplorer:Defend","RobotSpaceExplorer:Defend","RobotSpaceExplorer:Defend","RobotSpaceExplorer:Defend","RobotSpaceExplorer:Scan","RobotSpaceExplorer:MiniLasers","RobotSpaceExplorer:FranticSearch","RobotSpaceExplorer:FranticSearch","RobotSpaceExplorer:IronShell+1","RobotSpaceExplorer:StarLightning","RobotSpaceExplorer:FreezingShield","RobotSpaceExplorer:Comet+1","RobotSpaceExplorer:FranticSearch","RobotSpaceExplorer:Discharger","RobotSpaceExplorer:Exploration","RobotSpaceExplorer:PowerCollector","RobotSpaceExplorer:FranticSearch","RobotSpaceExplorer:Multitool+1","RobotSpaceExplorer:ImprovisedAttack","RobotSpaceExplorer:PowerCollector","RobotSpaceExplorer:PowerCollector","Slimebound:CheckThePlaybook","downfall:Icky","RobotSpaceExplorer:DoubleFind+1"],"relics":["RobotSpaceExplorer:RoboCore","NeowsBlessing","Golden Idol","Potion Belt","Whetstone","Gremlin Horn","RobotSpaceExplorer:SearchSpecs","Ancient Tea Set","Red Mask","Happy Flower","Frozen Egg 2"],"acts_visited":["Exordium","TheCity"],"potions_floor_usage":[11,16,16,28],"damage_taken":[{"damage":0,"enemies":"Small Slimes","floor":1,"turns":1},{"damage":0,"enemies":"2 Louse","floor":2,"turns":1},{"damage":0,"enemies":"3 Sentries","floor":6,"turns":1},{"damage":0,"enemies":"Cultist","floor":7,"turns":4},{"damage":0,"enemies":"2 Fungi Beasts","floor":10,"turns":4},{"damage":11,"enemies":"Lagavulin","floor":11,"turns":5},{"damage":0,"enemies":"Blue Slaver","floor":13,"turns":4},{"damage":5,"enemies":"Gremlin Gang","floor":14,"turns":3},{"damage":32,"enemies":"Hexaghost","floor":16,"turns":10},{"damage":8,"enemies":"Spheric Guardian","floor":18,"turns":5},{"damage":12,"enemies":"Chosen","floor":21,"turns":7},{"damage":25,"enemies":"Masked Bandits","floor":24,"turns":5},{"damage":15,"enemies":"Snecko","floor":28,"turns":2},{"damage":16,"enemies":"3 Cultists","floor":29,"turns":3}],"seed_played":"-3007545117065181229","potions_obtained":[{"floor":2,"key":"RobotSpaceExplorer:PlasmaFlask"},{"floor":13,"key":"Swift Potion"},{"floor":14,"key":"Energy Potion"},{"floor":24,"key":"SteroidPotion"}],"is_trial":false,"path_per_floor":["M","M","$","?","?","E","M","R","T","M","E","$","M","M","R","B",null,"M","?","?","M","$","R","?","?","T","T","M","M"],"character_chosen":"RobotSpaceExplorer","items_purchased":["RobotSpaceExplorer:IronShell","RobotSpaceExplorer:StarLightning","RobotSpaceExplorer:Exploration","RobotSpaceExplorer:PowerCollector","Ancient Tea Set"],"campfire_rested":0,"item_purchase_floors":[3,3,12,22,22],"current_hp_per_floor":[75,75,75,57,57,57,57,57,57,57,46,46,46,41,41,9,75,67,67,67,55,55,55,30,30,30,30,15,0,0],"gold":162,"neow_bonus":"THREE_ENEMY_KILL","is_daily":false,"chose_seed":false,"campfire_upgraded":3,"win_rate":0.0,"timestamp":1613504510,"path_taken":["M","M","$","?","?","E","M","R","T","M","E","$","M","M","R","BOSS","M","?","?","M","$","R","?","?","T","?","?","M"],"items_purchased_type":["Card","Card","Card","Card","Relic"],"build_version":"2020-12-22","purchased_purges":0,"victory":false,"max_hp_per_floor":[75,75,75,75,75,75,75,75,75,75,75,75,75,75,75,75,75,75,75,75,75,75,75,75,75,75,75,75,75,75],"card_choices":[{"not_picked":["RobotSpaceExplorer:ShovelStrike","RobotSpaceExplorer:Counterblock"],"picked":"RobotSpaceExplorer:FranticSearch","floor":1},{"not_picked":["RobotSpaceExplorer:FrostMissile","RobotSpaceExplorer:SlimeMissile"],"picked":"RobotSpaceExplorer:FranticSearch","floor":2},{"not_picked":["RobotSpaceExplorer:PlasmaMissile","RobotSpaceExplorer:SwiftStep"],"picked":"RobotSpaceExplorer:FreezingShield","floor":6},{"not_picked":["RobotSpaceExplorer:Probe","RobotSpaceExplorer:Fix"],"picked":"RobotSpaceExplorer:Comet","floor":7},{"not_picked":["RobotSpaceExplorer:ExhaustFan","RobotSpaceExplorer:SwiftStep"],"picked":"RobotSpaceExplorer:FranticSearch","floor":10},{"not_picked":["RobotSpaceExplorer:MiniBoosters","RobotSpaceExplorer:SurgingStrike"],"picked":"RobotSpaceExplorer:Discharger","floor":11},{"not_picked":["RobotSpaceExplorer:ExhaustFan","RobotSpaceExplorer:BigMissile"],"picked":"RobotSpaceExplorer:PowerCollector","floor":13},{"not_picked":["RobotSpaceExplorer:SurgingStrike","RobotSpaceExplorer:MetalStrike"],"picked":"RobotSpaceExplorer:FranticSearch","floor":14},{"not_picked":["RobotSpaceExplorer:Explosion","RobotSpaceExplorer:Wormhole"],"picked":"RobotSpaceExplorer:Multitool","floor":16},{"not_picked":["RobotSpaceExplorer:SelfCleaning+1","RobotSpaceExplorer:StunGrenade"],"picked":"RobotSpaceExplorer:ImprovisedAttack","floor":18},{"not_picked":["RobotSpaceExplorer:Pulsar","RobotSpaceExplorer:ImprovisedAttack"],"picked":"RobotSpaceExplorer:PowerCollector","floor":21},{"not_picked":["RobotSpaceExplorer:DualCore+1","RobotSpaceExplorer:DoubleBlock"],"picked":"RobotSpaceExplorer:DoubleFind+1","floor":28}],"player_experience":272102,"relics_obtained":[{"floor":6,"key":"Potion Belt"},{"floor":9,"key":"Whetstone"},{"floor":11,"key":"Gremlin Horn"},{"floor":24,"key":"Red Mask"},{"floor":26,"key":"Happy Flower"},{"floor":27,"key":"Frozen Egg 2"}],"event_choices":[{"damage_healed":0,"gold_gain":0,"player_choice":"Take Damage","damage_taken":18,"relics_obtained":["Golden Idol"],"max_hp_gain":0,"max_hp_loss":0,"event_name":"Golden Idol","floor":4,"gold_loss":0},{"damage_healed":0,"gold_gain":0,"player_choice":"Ignored","damage_taken":0,"max_hp_gain":0,"max_hp_loss":0,"event_name":"Golden Wing","floor":5,"gold_loss":0},{"damage_healed":0,"gold_gain":99,"player_choice":"Stole From Cult","damage_taken":0,"max_hp_gain":0,"max_hp_loss":0,"event_name":"Nest","floor":19,"gold_loss":0},{"damage_healed":0,"gold_gain":0,"player_choice":"Ignored","damage_taken":0,"max_hp_gain":0,"max_hp_loss":0,"event_name":"Vampires","floor":20,"gold_loss":0},{"damage_healed":0,"gold_gain":0,"player_choice":"Fought Bandits","damage_taken":0,"max_hp_gain":0,"max_hp_loss":0,"event_name":"Masked Bandits","floor":24,"gold_loss":0}],"is_beta":false,"boss_relics":[{"not_picked":["Busted Crown","Philosopher\u0027s Stone"],"picked":"RobotSpaceExplorer:SearchSpecs"}],"items_purged_floors":[],"is_endless":false,"potions_floor_spawned":[2,13,14,24],"killed_by":"3 Cultists","ascension_level":0}}