{"host":"9j472d1lqxyi8fmj","time":1613515008,"event":{"mods":["AchievementEnabler","Aspiration","BaseMod","Better Note","BetterRewards","Block Reminder","Card Filter","Colored Powertips","Downfall","Googly Eyes","Halation","Hermit","Hubris","Infinite Spire","Minty Spire (QoL Compilation)","Potion Indicator Mod","Rare Cards Sparkle","Relic Filter","Reliquary","Replay The Spire","Spicy Shops","StSLib","The Runesmith","Virulent Crown"],"gold_per_floor":[118,137,137,312,387,387,421,436,436,449,449,465,465,465,465,562,562,576,595,645,711,711,711],"floor_reached":22,"language":"ENG","playtime":948,"items_purged":[],"score":286,"play_id":"851520dd-146b-4284-b786-f79efa8827f8","local_time":"20210216173648","is_ascension_mode":false,"campfire_choices":[{"floor":6,"key":"REST"},{"floor":11,"key":"REST"},{"floor":13,"key":"REST"}],"circlet_count":0,"master_deck":["Strike_B","Strike_B","Strike_B","Strike_B","Defend_B","Defend_B","Defend_B","Defend_B","Zap","Dualcast","Capacitor","Cold Snap","Leap","Redo","Auto Shields","ReplayGash","Doom and Gloom","Creative AI","Heatsinks","BasicCrystalCard","Echo Form","Redo","Rainbow","Barrage+1"],"relics":["Cracked Core","Membership Card","reliquary:JackalopeAntler","hubris:Towel","Replay:Rubber Ducky","reliquary:Firecrackers","SsserpentHead","aspiration:BursterCore"],"acts_visited":["Exordium","TheCity"],"potions_floor_usage":[16],"damage_taken":[{"damage":0,"enemies":"Small Slimes","floor":1,"turns":3},{"damage":0,"enemies":"Jaw Worm","floor":2,"turns":4},{"damage":23,"enemies":"Lagavulin","floor":7,"turns":7},{"damage":0,"enemies":"Cultist","floor":8,"turns":5},{"damage":7,"enemies":"Large Slime","floor":10,"turns":5},{"damage":10,"enemies":"Exordium Thugs","floor":12,"turns":7},{"damage":14,"enemies":"The Guardian","floor":16,"turns":13},{"damage":6,"enemies":"Shell Parasite","floor":18,"turns":9},{"damage":27,"enemies":"3 Byrds","floor":19,"turns":5},{"damage":27,"enemies":"Centurion and Healer","floor":21,"turns":8},{"damage":17,"enemies":"Sentry and Sphere","floor":22,"turns":3}],"seed_played":"-196323769094952480","potions_obtained":[{"floor":1,"key":"Strength Potion"},{"floor":7,"key":"Weak Potion"},{"floor":8,"key":"Weak Potion"},{"floor":18,"key":"Elixir"}],"is_trial":false,"path_per_floor":["M","M","?","?","?","R","E","M","T","M","R","M","R","?","R","B",null,"M","M","?","M","M"],"character_chosen":"DEFECT","items_purchased":["Membership Card","Capacitor","Cold Snap","reliquary:JackalopeAntler","Auto Shields"],"campfire_rested":3,"item_purchase_floors":[0,0,0,0,0],"current_hp_per_floor":[50,50,50,50,39,61,38,38,38,31,53,43,65,65,65,51,75,69,42,42,15,0,0],"gold":711,"neow_bonus":"","is_daily":false,"chose_seed":false,"campfire_upgraded":0,"win_rate":0.0,"timestamp":1613515008,"path_taken":["M","M","?","?","?","R","E","M","T","?","R","?","R","?","R","BOSS","M","M","?","?","M"],"items_purchased_type":["Relic","Card","Card","Relic","Card"],"build_version":"2020-12-22","purchased_purges":0,"victory":false,"max_hp_per_floor":[75,75,75,75,75,75,75,75,75,75,75,75,75,75,75,75,75,75,75,75,75,75,75],"card_choices":[{"not_picked":["Hologram","Self Repair"],"picked":"ReplayGash","floor":1},{"not_picked":["Barrage","hubris:PowerSurge"],"picked":"Doom and Gloom","floor":2},{"not_picked":["BasicCrystalCard","Sweeping Beam"],"picked":"Creative AI","floor":7},{"not_picked":["Streamline","Stack","Rebound"],"picked":"SKIP","floor":8},{"not_picked":["FTL","Streamline"],"picked":"Heatsinks","floor":10},{"not_picked":["Conserve Battery","Barrage"],"picked":"BasicCrystalCard","floor":12},{"not_picked":["ReplayRNGCard","Machine Learning"],"picked":"Echo Form","floor":16},{"not_picked":["Rebound","Rip and Tear+1"],"picked":"Redo","floor":18},{"not_picked":["Hologram+1","Leap+1"],"picked":"Rainbow","floor":19},{"not_picked":["ReplayTheSpireMod:Omega Cannon","Steam+1"],"picked":"Barrage+1","floor":21}],"player_experience":388732,"relics_obtained":[{"floor":7,"key":"Replay:Rubber Ducky"},{"floor":9,"key":"reliquary:Firecrackers"}],"event_choices":[{"damage_healed":0,"gold_gain":175,"player_choice":"AGREE","damage_taken":0,"max_hp_gain":0,"max_hp_loss":0,"event_name":"Liars Game","floor":4,"gold_loss":0,"cards_obtained":["Doubt"]},{"damage_healed":0,"gold_gain":75,"player_choice":"Gather Gold","damage_taken":11,"max_hp_gain":0,"max_hp_loss":0,"event_name":"World of Goop","floor":5,"gold_loss":0},{"cards_removed":["Doubt"],"damage_healed":0,"gold_gain":0,"player_choice":"Removed Curses","damage_taken":0,"max_hp_gain":0,"max_hp_loss":0,"event_name":"Fountain of Cleansing","floor":14,"gold_loss":0},{"damage_healed":0,"gold_gain":0,"player_choice":"Trade","damage_taken":0,"relics_obtained":["SsserpentHead"],"max_hp_gain":0,"max_hp_loss":0,"event_name":"FaceTrader","floor":15,"gold_loss":0},{"damage_healed":0,"gold_gain":0,"player_choice":"Bought 0 Potions","damage_taken":0,"max_hp_gain":0,"max_hp_loss":0,"event_name":"The Woman in Blue","floor":20,"gold_loss":0}],"is_beta":false,"boss_relics":[{"not_picked":["Replay:Grab Bag","ReplayTheSpireMod:SealedPack"],"picked":"aspiration:BursterCore"}],"items_purged_floors":[],"is_endless":false,"potions_floor_spawned":[1,7,8,18,19],"killed_by":"Sentry and Sphere","ascension_level":0}}