{"host":"04x9isxu4s2lvye3","time":1613442303,"event":{"mods":["BaseMod","Colored Powertips","Highlight Path","Minty Spire (QoL Compilation)"],"gold_per_floor":[119,119,69,69,82,118,118,153,153,186,200,200,215,239,239,359,359,379,397,283,283,298,298,316,316,339,356,365,117,146,166,166,267,267,279,279,313,329,341,384,443,443,498,331,331,357,357,386,395,395],"floor_reached":51,"language":"ENG","playtime":2666,"items_purged":["Strike_R","Strike_R","Shame"],"score":1072,"play_id":"b506f111-d8a4-4bba-b3b0-eb043e32d043","local_time":"20210215212503","is_ascension_mode":true,"campfire_choices":[{"data":"Combust","floor":7,"key":"SMITH"},{"floor":12,"key":"REST"},{"floor":15,"key":"REST"},{"data":"Rupture","floor":23,"key":"SMITH"},{"data":"Body Slam","floor":25,"key":"SMITH"},{"floor":32,"key":"REST"},{"floor":47,"key":"REST"},{"floor":49,"key":"REST"}],"circlet_count":0,"master_deck":["Strike_R","Defend_R","Defend_R","Defend_R","Defend_R","Bash","Combust+1","Shrug It Off","Dual Wield","Body Slam+1","Cleave+1","Pommel Strike+1","Iron Wave+1","Rupture+1","Shrug It Off","Rampage+1","Rampage+1","Pommel Strike+1","Inflame+1","Pommel Strike+1","Writhe","Clothesline+1","Entrench","True Grit+1"],"relics":["Burning Blood","NeowsBlessing","Bloody Idol","Pocketwatch","Bronze Scales","Molten Egg 2","Tiny Chest","Busted Crown","CeramicFish","Lee\u0027s Waffle","Sundial","Cursed Key","PreservedInsect","Juzu Bracelet","Torii","Dream Catcher","Smiling Mask"],"acts_visited":["Exordium","TheCity","TheBeyond"],"potions_floor_usage":[19,31,33,33,33,38,40,46,48,50,50],"damage_taken":[{"damage":0,"enemies":"Small Slimes","floor":1,"turns":1},{"damage":0,"enemies":"2 Louse","floor":5,"turns":1},{"damage":0,"enemies":"Lagavulin","floor":6,"turns":1},{"damage":43,"enemies":"Gremlin Nob","floor":8,"turns":5},{"damage":14,"enemies":"3 Sentries","floor":10,"turns":5},{"damage":14,"enemies":"Jaw Worm","floor":11,"turns":2},{"damage":12,"enemies":"3 Louse","floor":13,"turns":2},{"damage":6,"enemies":"Exordium Wildlife","floor":14,"turns":3},{"damage":31,"enemies":"Slime Boss","floor":16,"turns":7},{"damage":7,"enemies":"3 Byrds","floor":18,"turns":2},{"damage":8,"enemies":"Shell Parasite","floor":19,"turns":5},{"damage":5,"enemies":"Snecko","floor":22,"turns":4},{"damage":21,"enemies":"Snake Plant","floor":24,"turns":4},{"damage":9,"enemies":"Chosen and Byrds","floor":27,"turns":6},{"damage":37,"enemies":"Book of Stabbing","floor":30,"turns":6},{"damage":36,"enemies":"Shelled Parasite and Fungi","floor":31,"turns":5},{"damage":32,"enemies":"Collector","floor":33,"turns":6},{"damage":2,"enemies":"Orb Walker","floor":35,"turns":3},{"damage":27,"enemies":"3 Darklings","floor":38,"turns":5},{"damage":18,"enemies":"Sphere and 2 Shapes","floor":39,"turns":4},{"damage":38,"enemies":"Nemesis","floor":40,"turns":5},{"damage":24,"enemies":"Mind Bloom Boss Battle","floor":41,"turns":6},{"damage":6,"enemies":"Maw","floor":46,"turns":6},{"damage":40,"enemies":"Giant Head","floor":48,"turns":6},{"damage":56,"enemies":"Time Eater","floor":50,"turns":11}],"seed_played":"-5605622243339410945","potions_obtained":[{"floor":8,"key":"AttackPotion"},{"floor":10,"key":"Explosive Potion"},{"floor":11,"key":"ColorlessPotion"},{"floor":13,"key":"EntropicBrew"},{"floor":22,"key":"GamblersBrew"},{"floor":24,"key":"Weak Potion"},{"floor":30,"key":"BloodPotion"},{"floor":31,"key":"SpeedPotion"},{"floor":33,"key":"SkillPotion"},{"floor":39,"key":"SpeedPotion"},{"floor":40,"key":"ElixirPotion"},{"floor":41,"key":"SkillPotion"},{"floor":48,"key":"Weak Potion"}],"is_trial":false,"path_per_floor":["M","?","?","?","M","E","R","E","T","E","M","R","M","M","R","B",null,"M","M","$","?","M","R","M","R","T","M","?","$","E","M","R","B",null,"M","?","T","M","M","E","?","?","T","$","?","M","R","E","R","B",null],"character_chosen":"IRONCLAD","items_purchased":["Rampage+1","Lee\u0027s Waffle","Clothesline+1"],"campfire_rested":5,"item_purchase_floors":[20,29,44],"current_hp_per_floor":[78,74,74,67,73,74,74,37,37,29,21,43,37,37,59,34,64,63,61,61,61,67,67,57,57,62,64,69,81,55,51,75,54,74,81,77,77,61,54,32,24,24,34,39,39,49,72,43,71,21],"gold":395,"neow_bonus":"THREE_ENEMY_KILL","is_daily":false,"chose_seed":false,"campfire_upgraded":3,"win_rate":0.0,"timestamp":1613442303,"path_taken":["M","?","?","?","M","E","R","E","T","E","M","R","M","M","R","BOSS","M","M","$","?","M","R","M","R","T","M","?","$","E","M","R","BOSS","M","?","?","M","M","E","?","?","T","$","?","M","R","E","R","BOSS"],"items_purchased_type":["Card","Relic","Card"],"build_version":"2020-12-22","purchased_purges":3,"victory":true,"max_hp_per_floor":[80,74,74,74,74,74,74,74,74,74,74,74,74,74,74,74,74,74,74,74,74,74,74,74,74,74,74,74,81,81,81,81,81,81,81,77,77,77,77,77,77,77,77,77,77,77,77,77,77,77],"card_choices":[{"not_picked":["Shrug It Off","Heavy Blade"],"picked":"Combust","floor":1},{"not_picked":["Ghostly Armor","Pummel"],"picked":"Shrug It Off","floor":5},{"not_picked":["Havoc","Reckless Charge"],"picked":"Dual Wield","floor":6},{"not_picked":["Flex","True Grit"],"picked":"Body Slam","floor":8},{"not_picked":["Flex","Intimidate"],"picked":"Cleave+1","floor":10},{"not_picked":["Thunderclap+1","Battle Trance"],"picked":"Pommel Strike+1","floor":11},{"not_picked":["Anger+1","Power Through"],"picked":"Iron Wave+1","floor":13},{"not_picked":["Sever Soul+1","Blood for Blood+1"],"picked":"Rupture","floor":14},{"not_picked":[],"picked":"Shrug It Off","floor":18},{"not_picked":["Anger+1"],"picked":"SKIP","floor":19},{"not_picked":["Anger+1"],"picked":"SKIP","floor":22},{"not_picked":["Dark Embrace"],"picked":"SKIP","floor":24},{"not_picked":["Twin Strike+1"],"picked":"SKIP","floor":27},{"not_picked":["Exhume"],"picked":"SKIP","floor":30},{"not_picked":[],"picked":"Pommel Strike+1","floor":31},{"not_picked":["Twin Strike+1"],"picked":"SKIP","floor":35},{"not_picked":["Thunderclap+1"],"picked":"SKIP","floor":38},{"not_picked":["Twin Strike+1"],"picked":"SKIP","floor":39},{"not_picked":[],"picked":"Inflame+1","floor":40},{"not_picked":[],"picked":"Pommel Strike+1","floor":41},{"not_picked":[],"picked":"Entrench","floor":46},{"not_picked":["Iron Wave+1"],"picked":"SKIP","floor":48},{"not_picked":[],"picked":"True Grit+1","floor":49}],"player_experience":309201,"relics_obtained":[{"floor":6,"key":"Pocketwatch"},{"floor":8,"key":"Bronze Scales"},{"floor":9,"key":"Molten Egg 2"},{"floor":10,"key":"Tiny Chest"},{"floor":26,"key":"CeramicFish"},{"floor":30,"key":"Sundial"},{"floor":37,"key":"PreservedInsect"},{"floor":40,"key":"Juzu Bracelet"},{"floor":41,"key":"Torii"},{"floor":43,"key":"Dream Catcher"},{"floor":48,"key":"Smiling Mask"}],"event_choices":[{"damage_healed":0,"gold_gain":0,"player_choice":"Lose Max HP","damage_taken":0,"relics_obtained":["Golden Idol"],"max_hp_gain":0,"max_hp_loss":6,"event_name":"Golden Idol","floor":2,"gold_loss":0},{"cards_removed":["Strike_R"],"damage_healed":0,"gold_gain":0,"player_choice":"Card Removal","damage_taken":0,"max_hp_gain":0,"max_hp_loss":0,"event_name":"The Cleric","floor":3,"gold_loss":50},{"cards_removed":["Strike_R"],"damage_healed":0,"gold_gain":0,"player_choice":"Card Removal","damage_taken":7,"max_hp_gain":0,"max_hp_loss":0,"event_name":"Golden Wing","floor":4,"gold_loss":0},{"damage_healed":0,"gold_gain":0,"player_choice":"Gave Idol","damage_taken":0,"relics_obtained":["Bloody Idol"],"max_hp_gain":0,"max_hp_loss":0,"event_name":"Forgotten Altar","floor":21,"relics_lost":["Golden Idol"],"gold_loss":0},{"damage_healed":0,"gold_gain":0,"player_choice":"Read","damage_taken":0,"max_hp_gain":0,"max_hp_loss":0,"event_name":"The Library","floor":28,"gold_loss":0,"cards_obtained":["Rampage"]},{"damage_healed":0,"gold_gain":0,"player_choice":"Max HP","damage_taken":0,"max_hp_gain":0,"max_hp_loss":4,"event_name":"Winding Halls","floor":36,"gold_loss":0},{"damage_healed":0,"gold_gain":0,"player_choice":"Fight","damage_taken":0,"max_hp_gain":0,"max_hp_loss":0,"event_name":"MindBloom","floor":41,"gold_loss":0},{"damage_healed":0,"gold_gain":0,"player_choice":"Ignored","damage_taken":0,"max_hp_gain":0,"max_hp_loss":0,"event_name":"Mysterious Sphere","floor":42,"gold_loss":0},{"damage_healed":0,"gold_gain":0,"player_choice":"Ignored","damage_taken":0,"max_hp_gain":0,"max_hp_loss":0,"event_name":"Tomb of Lord Red Mask","floor":45,"gold_loss":0}],"is_beta":false,"boss_relics":[{"not_picked":["Calling Bell","SlaversCollar"],"picked":"Busted Crown"},{"not_picked":["Sozu","Empty Cage"],"picked":"Cursed Key"}],"items_purged_floors":[20,29,44],"is_endless":false,"potions_floor_spawned":[8,10,11,13,22,24,30,31,33,39,40,41,48],"ascension_level":7}}