{"host":"178rghtqlvp3zue2","time":1613451258,"event":{"mods":["2.2 Compatiblity","AchievementEnabler","BaseMod","DeckTracker","Minty Spire (QoL Compilation)","Quick Restart","SuperFastMode","The Servant 0.9.4"],"gold_per_floor":[114,129,79,79,52,77,94,111,111,111,146,146,166,176,176,281,281,294,276,124,138,64,64,98,98,122,122,132,145,145,170,170,273,273,290,290,215,115,25,50,50,50],"floor_reached":41,"language":"KOR","playtime":14501,"items_purged":["Defend_S+1","Strike_S+1"],"score":626,"play_id":"ecd9c6cc-caf2-4fca-8402-e2fcd26711cb","local_time":"20210216135418","is_ascension_mode":true,"campfire_choices":[{"floor":12,"key":"REST"},{"floor":15,"key":"REST"},{"floor":23,"key":"REST"},{"data":"Embodiment","floor":25,"key":"SMITH"},{"data":"Foresight","floor":27,"key":"SMITH"},{"floor":32,"key":"REST"}],"circlet_count":0,"master_deck":["Strike_S+1","Strike_S+1","Defend_S+1","Defend_S+1","KidneyShot+1","Exchange","Misdirection","Defy+1","ShatteredReality","Embodiment+1","Ricochet+1","FastForward+1","Foresight+1","Dilation+1","CurseOfTheBell","Luminosity","Sabotage+1","Ricochet+1","SoulSculpture+1","Hightail+1","BestPractice","Spin+1","Initiator+1","InstantArmor+1"],"relics":["SplendidAttire","NeowsBlessing","Molten Egg 2","Blue Candle","Pantograph","Toxic Egg 2","Calling Bell","Mummified Hand","Strawberry","Gambling Chip","Regal Pillow","FossilizedHelix","Happy Flower","Art of War","Nunchaku"],"acts_visited":["Exordium","TheCity","TheBeyond"],"potions_floor_usage":[40,40,40],"damage_taken":[{"damage":0,"enemies":"Small Slimes","floor":1,"turns":1},{"damage":0,"enemies":"Jaw Worm","floor":2,"turns":1},{"damage":0,"enemies":"Lagavulin","floor":6,"turns":2},{"damage":6,"enemies":"Cultist","floor":7,"turns":4},{"damage":2,"enemies":"Looter","floor":8,"turns":4},{"damage":29,"enemies":"Gremlin Nob","floor":11,"turns":6},{"damage":0,"enemies":"Gremlin Gang","floor":13,"turns":1},{"damage":9,"enemies":"Large Slime","floor":14,"turns":5},{"damage":14,"enemies":"Hexaghost","floor":16,"turns":10},{"damage":13,"enemies":"3 Byrds","floor":18,"turns":5},{"damage":14,"enemies":"2 Thieves","floor":19,"turns":4},{"damage":8,"enemies":"3 Cultists","floor":21,"turns":7},{"damage":11,"enemies":"Book of Stabbing","floor":24,"turns":9},{"damage":0,"enemies":"Snecko","floor":28,"turns":6},{"damage":3,"enemies":"Centurion and Healer","floor":29,"turns":7},{"damage":23,"enemies":"Slavers","floor":31,"turns":7},{"damage":0,"enemies":"Champ","floor":33,"turns":17},{"damage":30,"enemies":"3 Darklings","floor":35,"turns":7},{"damage":31,"enemies":"Giant Head","floor":40,"turns":13},{"damage":13,"enemies":"3 Shapes","floor":41,"turns":2}],"seed_played":"-3319301857348374037","potions_obtained":[{"floor":6,"key":"SkillPotion"},{"floor":8,"key":"Block Potion"},{"floor":14,"key":"PowerPotion"},{"floor":40,"key":"SkillPotion"}],"is_trial":false,"path_per_floor":["M","M","?","?","$","E","M","M","T","?","E","R","M","M","R","B",null,"M","M","$","M","$","R","E","R","T","R","M","M","?","E","R","B",null,"M","?","$","$","?","E","M"],"character_chosen":"THE_SERVANT","items_purchased":["ShatteredReality","Regal Pillow","SoulSculpture+1"],"campfire_rested":4,"item_purchase_floors":[5,20,22],"current_hp_per_floor":[65,65,65,52,52,52,46,44,44,32,3,22,22,13,32,43,72,59,45,45,37,37,72,61,61,61,61,61,58,58,35,71,72,72,42,42,42,42,42,11,0,0],"gold":50,"neow_bonus":"THREE_ENEMY_KILL","is_daily":false,"chose_seed":false,"campfire_upgraded":2,"win_rate":0.0,"timestamp":1613451258,"path_taken":["M","M","?","?","$","E","M","M","T","?","E","R","?","M","R","BOSS","M","M","$","M","$","R","E","R","T","R","M","M","?","E","R","BOSS","M","?","?","$","?","E","M"],"items_purchased_type":["Card","Relic","Card"],"build_version":"2020-12-22","purchased_purges":2,"victory":false,"max_hp_per_floor":[65,65,65,65,65,65,65,65,65,65,65,65,65,65,65,65,72,72,72,72,72,72,72,72,72,72,72,72,72,72,72,72,72,72,72,72,72,72,72,72,72,72],"card_choices":[{"not_picked":["Rewind","Replace"],"picked":"Misdirection","floor":1},{"not_picked":["Read","Alleviate"],"picked":"Defy","floor":2},{"not_picked":["FastForward","TimeWarp+1"],"picked":"Embodiment","floor":6},{"not_picked":["Starlight+1","Replace","Revamp"],"picked":"SKIP","floor":7},{"not_picked":["Potential+1","Starlight+1"],"picked":"Ricochet+1","floor":8},{"not_picked":["Unruled+1","Hightail+1"],"picked":"FastForward+1","floor":11},{"not_picked":["KillingDoll+1","InstantArmor+1"],"picked":"Foresight","floor":13},{"not_picked":["Snipe+1","Replace+1","Starlight+1"],"picked":"SKIP","floor":14},{"not_picked":["FlawlessForm","KillingDoll+1"],"picked":"Dilation+1","floor":16},{"not_picked":["InstantArmor+1","Defy+1"],"picked":"Luminosity","floor":18},{"not_picked":["Ricochet+1","Starlight+1"],"picked":"Sabotage+1","floor":19},{"not_picked":["Revamp+1","ReturningBlade+1"],"picked":"Ricochet+1","floor":21},{"not_picked":["Alleviate+1","Rewind+1"],"picked":"Hightail+1","floor":24},{"not_picked":["Read+1","Shuttle+1","Defy+1"],"picked":"SKIP","floor":28},{"not_picked":["Barrier+1","Replace+1"],"picked":"BestPractice","floor":29},{"not_picked":["DoubleEdge+1","WasteNot+1"],"picked":"Spin+1","floor":31},{"not_picked":["FloweringNight","PendulumOfEternity+1"],"picked":"Initiator+1","floor":33},{"not_picked":["Sabotage+1","Snipe+1","Defy+1"],"picked":"SKIP","floor":35},{"not_picked":["DoubleEdge+1","Ricochet+1"],"picked":"InstantArmor+1","floor":40}],"player_experience":289502,"relics_obtained":[{"floor":6,"key":"Molten Egg 2"},{"floor":9,"key":"Blue Candle"},{"floor":11,"key":"Toxic Egg 2"},{"floor":17,"key":"Mummified Hand"},{"floor":17,"key":"Strawberry"},{"floor":17,"key":"Gambling Chip"},{"floor":24,"key":"FossilizedHelix"},{"floor":26,"key":"Happy Flower"},{"floor":31,"key":"Art of War"},{"floor":40,"key":"Nunchaku"}],"event_choices":[{"cards_removed":["Strike_S"],"damage_healed":0,"gold_gain":0,"player_choice":"Card Removal","damage_taken":0,"max_hp_gain":0,"max_hp_loss":0,"event_name":"The Cleric","floor":3,"gold_loss":50},{"damage_healed":0,"gold_gain":0,"player_choice":"Entered Light","damage_taken":13,"max_hp_gain":0,"max_hp_loss":0,"event_name":"Shining Light","floor":4,"gold_loss":0,"cards_upgraded":["Defy","Defend_S"]},{"damage_healed":0,"gold_gain":0,"player_choice":"Success","damage_taken":12,"relics_obtained":["Pantograph"],"max_hp_gain":0,"max_hp_loss":0,"event_name":"Scrap Ooze","floor":10,"gold_loss":0},{"damage_healed":0,"gold_gain":0,"player_choice":"Simplicity","damage_taken":0,"max_hp_gain":0,"max_hp_loss":0,"event_name":"Back to Basics","floor":30,"gold_loss":0,"cards_upgraded":["Strike_S","Strike_S","Strike_S","Defend_S","Defend_S","Defend_S"]},{"damage_healed":0,"gold_gain":0,"player_choice":"Got Potions","damage_taken":0,"max_hp_gain":0,"max_hp_loss":0,"event_name":"Lab","floor":36,"gold_loss":0},{"cards_removed":["Defend_S"],"damage_healed":0,"gold_gain":0,"player_choice":"Upgrade and Remove","damage_taken":0,"max_hp_gain":0,"max_hp_loss":0,"event_name":"Designer","floor":39,"gold_loss":90,"cards_upgraded":["KidneyShot"]}],"is_beta":false,"boss_relics":[{"not_picked":["Runic Dome","Coffee Dripper"],"picked":"Calling Bell"},{"not_picked":["SacredBark","Astrolabe"],"picked":"SplendidAttire"}],"items_purged_floors":[37,38],"is_endless":false,"potions_floor_spawned":[6,8,14,16,28,29,33,40],"killed_by":"3 Shapes","ascension_level":3}}