{"host":"yn1175etg9ni8l0q","time":1613489299,"event":{"mods":["AchievementEnabler","BaseMod","Colored Map","Colored Powertips","DeckTracker","Minty Spire (QoL Compilation)","Rare Cards Sparkle","Relic Stats","SuperFastMode","everything is the same but u backflip on backflip"],"gold_per_floor":[114,130,146,165,240,240,258,258,258,271,271,271,286,300,300,371,371,390,371,389,51,251,251,262,262,262,295,295,295,315,334,334,406,406,423,423,436,491,273,290,301,326,349,349,24,24,24,24,33,33],"floor_reached":51,"language":"KOR","playtime":1867,"items_purged":["Blood for Blood+1","Intimidate"],"score":1182,"play_id":"658f70a2-3f9f-498f-a942-8719ce4e7885","local_time":"20210217002819","is_ascension_mode":true,"campfire_choices":[{"data":"Armaments","floor":8.0,"key":"SMITH"},{"data":"Demon Form","floor":15.0,"key":"SMITH"},{"data":"Barricade","floor":23,"key":"SMITH"},{"floor":25,"key":"REST"},{"data":"Power Through","floor":32,"key":"SMITH"},{"floor":44,"key":"REST"},{"floor":46,"key":"REST"},{"floor":49,"key":"REST"}],"circlet_count":0,"master_deck":["AscendersBane","Defend_R+1","Defend_R+1","Whirlwind","Armaments+1","Shrug It Off","Shrug It Off","Demon Form+1","Reaper","Warcry+1","Exhume+1","Second Wind","Power Through","Body Slam","Body Slam","True Grit+1","Barricade+1","Master of Strategy","Power Through+1","Burning Pact","Good Instincts","Battle Trance","Offering","Shockwave"],"relics":["Burning Blood","Juzu Bracelet","Astrolabe","Orrery","Pantograph","Dream Catcher","Fusion Hammer","Lizard Tail","Bag of Preparation","Mummified Hand","CeramicFish"],"acts_visited":["Exordium","TheCity","TheBeyond"],"potions_floor_usage":[27,27,33,38,42],"damage_taken":[{"damage":9.0,"enemies":"Jaw Worm","floor":1.0,"turns":5.0},{"damage":9.0,"enemies":"Small Slimes","floor":2.0,"turns":5.0},{"damage":2.0,"enemies":"Cultist","floor":3.0,"turns":6.0},{"damage":0.0,"enemies":"Lots of Slimes","floor":4.0,"turns":1.0},{"damage":7.0,"enemies":"3 Louse","floor":7.0,"turns":3.0},{"damage":0.0,"enemies":"Blue Slaver","floor":10.0,"turns":6.0},{"damage":4.0,"enemies":"Looter","floor":13.0,"turns":4.0},{"damage":5.0,"enemies":"2 Fungi Beasts","floor":14.0,"turns":4.0},{"damage":16.0,"enemies":"Hexaghost","floor":16.0,"turns":10.0},{"damage":27.0,"enemies":"Chosen","floor":18.0,"turns":8.0},{"damage":28.0,"enemies":"2 Thieves","floor":19.0,"turns":5.0},{"damage":21.0,"enemies":"Snake Plant","floor":20.0,"turns":8.0},{"damage":21,"enemies":"Shelled Parasite and Fungi","floor":24,"turns":7},{"damage":56,"enemies":"Gremlin Leader","floor":27,"turns":7},{"damage":17,"enemies":"Centurion and Healer","floor":30,"turns":17},{"damage":42,"enemies":"Chosen and Byrds","floor":31,"turns":8},{"damage":12,"enemies":"Automaton","floor":33,"turns":15},{"damage":0,"enemies":"Orb Walker","floor":35,"turns":4},{"damage":23,"enemies":"3 Shapes","floor":37,"turns":8},{"damage":71,"enemies":"2 Orb Walkers","floor":38,"turns":6},{"damage":0,"enemies":"Maw","floor":40,"turns":15},{"damage":0,"enemies":"Sphere and 2 Shapes","floor":41,"turns":5},{"damage":69,"enemies":"Reptomancer","floor":42,"turns":8},{"damage":30,"enemies":"Awakened One","floor":50,"turns":17}],"seed_played":"6900980152548422544","potions_obtained":[{"floor":4.0,"key":"Swift Potion"},{"floor":7.0,"key":"Energy Potion"},{"floor":16.0,"key":"EntropicBrew"},{"floor":18.0,"key":"FairyPotion"},{"floor":31,"key":"Regen Potion"},{"floor":33,"key":"PowerPotion"},{"floor":38,"key":"SkillPotion"}],"is_trial":false,"path_per_floor":["M","M","M","M","?","?","M","R","T","M","?","?","M","M","R","B",null,"M","M","M","$","?","R","M","R","T","E","?","?","M","M","R","B",null,"M","?","M","?","$","M","M","E","T","R","$","R","?","?","R","B",null],"character_chosen":"IRONCLAD","items_purchased":["Orrery","Master of Strategy","Bag of Preparation","Offering","GamblersBrew"],"campfire_rested":4,"item_purchase_floors":[21,21,39,45,45],"current_hp_per_floor":[47,44,48,54,43,36,35,35,35,41,26,26,28,29,29,19,61,59,45,30,30,30,30,19,41,41,51,51,51,75,50,50,75,75,75,65,75,19,19,75,75,32,32,54,54,75,75,71,71,53],"gold":33,"neow_bonus":"TRANSFORM_TWO_CARDS","is_daily":false,"chose_seed":false,"campfire_upgraded":4,"win_rate":0.0,"timestamp":1613489299,"path_taken":["M","M","M","M","?","?","M","R","T","M","?","?","M","M","R","BOSS","M","M","M","$","?","R","M","R","T","E","?","?","M","M","R","BOSS","M","?","M","?","$","M","M","E","T","R","$","R","?","?","R","BOSS"],"items_purchased_type":["Relic","Card","Relic","Card","Potion"],"build_version":"2020-12-22","purchased_purges":2,"victory":true,"max_hp_per_floor":[75,75,75,75,75,75,75,75,75,75,75,75,75,75,75,75,75,75,75,75,75,75,75,75,75,75,75,75,75,75,75,75,75,75,75,75,75,75,75,75,75,75,75,75,75,75,75,71,71,71],"relic_stats":{"Dream Catcher":3,"Lizard Tail":0,"counters":[24,182],"Mummified Hand":[2],"Astrolabe":["Blood for Blood","Warcry","Exhume"],"Pantograph":25,"CeramicFish":18,"Juzu Bracelet":2,"Bag of Preparation":[8],"obtain_stats":[{"Dream Catcher":27,"Lizard Tail":38,"Mummified Hand":42,"Astrolabe":17,"Pantograph":26,"CeramicFish":43,"Orrery":21,"Fusion Hammer":34,"Juzu Bracelet":9,"Bag of Preparation":39,"Burning Blood":0},{"Dream Catcher":14,"Lizard Tail":20,"Mummified Hand":23,"Astrolabe":9,"Pantograph":13,"CeramicFish":23,"Orrery":12,"Fusion Hammer":17,"Juzu Bracelet":5,"Bag of Preparation":20,"Burning Blood":0},{"Dream Catcher":79,"Lizard Tail":137,"Mummified Hand":165,"Astrolabe":44,"Pantograph":72,"CeramicFish":165,"Orrery":65,"Fusion Hammer":119,"Juzu Bracelet":20,"Bag of Preparation":137,"Burning Blood":0}],"Burning Blood":112},"card_choices":[{"not_picked":["Havoc","Dual Wield"],"picked":"Shrug It Off","floor":1.0},{"not_picked":["Entrench","Clash"],"picked":"Shrug It Off","floor":2.0},{"not_picked":["Flex","Pommel Strike"],"picked":"Demon Form","floor":3.0},{"not_picked":["Entrench","Feel No Pain","Havoc"],"picked":"SKIP","floor":4.0},{"not_picked":["Iron Wave","Havoc","Flex"],"picked":"SKIP","floor":7.0},{"not_picked":["Hemokinesis","Clash"],"picked":"Uppercut","floor":10.0},{"not_picked":["Cleave","Iron Wave","Seeing Red"],"picked":"SKIP","floor":13.0},{"not_picked":["Anger","Clash","Perfected Strike"],"picked":"SKIP","floor":14.0},{"not_picked":["Corruption","Bludgeon"],"picked":"Reaper","floor":16.0},{"not_picked":["Flex","Sever Soul+1"],"picked":"Second Wind","floor":18.0},{"not_picked":["Bloodletting","Havoc"],"picked":"Power Through","floor":19.0},{"not_picked":["Clothesline","Rage","Cleave"],"picked":"SKIP","floor":20.0},{"not_picked":["Shrug It Off+1","Hemokinesis"],"picked":"Body Slam","floor":21.0},{"not_picked":["Heavy Blade","Clash"],"picked":"Body Slam","floor":21.0},{"not_picked":["Thunderclap+1","Warcry"],"picked":"True Grit+1","floor":21.0},{"not_picked":["Thunderclap","Shrug It Off"],"picked":"Barricade","floor":21.0},{"not_picked":["Rage","Shrug It Off"],"picked":"Power Through","floor":24},{"not_picked":["Twin Strike","Shrug It Off"],"picked":"Burning Pact","floor":27},{"not_picked":["Reaper","Clash","True Grit"],"picked":"SKIP","floor":30},{"not_picked":["Reckless Charge","Armaments","Anger+1"],"picked":"SKIP","floor":31},{"not_picked":["Rage","Spot Weakness","Clash+1"],"picked":"SKIP","floor":35},{"not_picked":["Discovery","Panache"],"picked":"Good Instincts","floor":36},{"not_picked":["Hemokinesis+1","Uppercut","Flex+1"],"picked":"SKIP","floor":37},{"not_picked":["Uppercut","Thunderclap"],"picked":"Battle Trance","floor":38},{"not_picked":["Whirlwind","Headbutt","Armaments+1"],"picked":"SKIP","floor":40},{"not_picked":["Second Wind+1","Twin Strike","Armaments"],"picked":"SKIP","floor":41},{"not_picked":["Cleave","Warcry+1","Disarm+1"],"picked":"SKIP","floor":42},{"not_picked":["Rage","Flex"],"picked":"Shockwave","floor":49}],"player_experience":388974,"relics_obtained":[{"floor":9.0,"key":"Juzu Bracelet"},{"floor":26,"key":"Pantograph"},{"floor":27,"key":"Dream Catcher"},{"floor":38,"key":"Lizard Tail"},{"floor":42,"key":"Mummified Hand"},{"floor":43,"key":"CeramicFish"}],"event_choices":[{"damage_healed":0.0,"max_hp_gain":0.0,"max_hp_loss":0.0,"gold_gain":75.0,"event_name":"World of Goop","player_choice":"Gather Gold","floor":5.0,"gold_loss":0.0,"damage_taken":11.0},{"cards_removed":["Strike_R"],"damage_healed":0.0,"max_hp_gain":0.0,"max_hp_loss":0.0,"gold_gain":0.0,"event_name":"Golden Wing","player_choice":"Card Removal","floor":6.0,"gold_loss":0.0,"damage_taken":7.0},{"damage_healed":0.0,"max_hp_gain":0.0,"max_hp_loss":0.0,"gold_gain":0.0,"event_name":"Shining Light","player_choice":"Entered Light","floor":11.0,"gold_loss":0.0,"damage_taken":15.0,"cards_upgraded":["Defend_R","Defend_R"]},{"cards_removed":["Strike_R"],"damage_healed":0.0,"max_hp_gain":0.0,"max_hp_loss":0.0,"gold_gain":0.0,"event_name":"Purifier","player_choice":"Purged","floor":12.0,"gold_loss":0.0,"damage_taken":0.0},{"damage_healed":0,"gold_gain":250,"player_choice":"Bet on Owner","damage_taken":0,"max_hp_gain":0,"max_hp_loss":0,"event_name":"The Joust","floor":22,"gold_loss":50},{"damage_healed":0,"gold_gain":0,"cards_transformed":["Bash","Uppercut"],"player_choice":"Became Test Subject","damage_taken":0,"max_hp_gain":0,"max_hp_loss":0,"event_name":"Drug Dealer","floor":28,"gold_loss":0,"cards_obtained":["Reaper","Intimidate"]},{"damage_healed":0,"gold_gain":0,"player_choice":"Ignored","damage_taken":0,"max_hp_gain":0,"max_hp_loss":0,"event_name":"Vampires","floor":29,"gold_loss":0},{"damage_healed":0,"gold_gain":0,"player_choice":"Memory 3","damage_taken":10,"max_hp_gain":0,"max_hp_loss":0,"event_name":"SensoryStone","floor":36,"gold_loss":0},{"damage_healed":0,"gold_gain":0,"player_choice":"Fight","damage_taken":0,"max_hp_gain":0,"max_hp_loss":0,"event_name":"Mysterious Sphere","floor":38,"gold_loss":0},{"cards_removed":["Reaper"],"damage_healed":0,"gold_gain":0,"player_choice":"Removed Attack","damage_taken":0,"max_hp_gain":0,"max_hp_loss":0,"event_name":"Falling","floor":47,"gold_loss":0},{"damage_healed":0,"gold_gain":0,"player_choice":"Max HP","damage_taken":0,"max_hp_gain":0,"max_hp_loss":4,"event_name":"Winding Halls","floor":48,"gold_loss":0}],"is_beta":false,"boss_relics":[{"not_picked":["Black Star","Philosopher\u0027s Stone"],"picked":"Astrolabe"},{"not_picked":["Snecko Eye","Runic Dome"],"picked":"Fusion Hammer"}],"items_purged_floors":[39,45],"is_endless":false,"potions_floor_spawned":[4,7,10,16,18,19,31,33,37,38,40],"ascension_level":14}}