{"host":"5aybe1nma5c8fep7","time":1613464824,"event":{"mods":["BaseMod","Conspire","Downfall","Friendly Minions","Minty Spire (QoL Compilation)","Replay The Spire","SacredBarkPlus","StSLib"],"gold_per_floor":[99,109,109,129,183,203,203,203,230,250,250,150,160,191,206,308,308,208,225,242,242,287,14,62,74,9,25,25,268,268,302,312,415,415,415,429,448,448,448,448,473,235,270,43,71,71,71,89,107,107],"floor_reached":51,"language":"ENG","playtime":3036,"items_purged":["bronze:Defend","bronze:Strike","bronze:Goto","bronze:Replicate"],"score":898,"play_id":"18d50925-693c-4315-b01c-a1ce295ba8c2","local_time":"20210216004024","is_ascension_mode":true,"campfire_choices":[{"floor":1.0,"key":"RECALL"},{"data":"bronze:Spike","floor":12.0,"key":"SMITH"},{"data":"bronze:Shell","floor":18.0,"key":"SMITH"},{"data":"bronze:BronzeOrb","floor":30.0,"key":"SMITH"},{"data":"bronze:Defend","floor":35.0,"key":"PURGE"},{"data":"bronze:AlphaBuild","floor":40.0,"key":"SMITH"},{"floor":47.0,"key":"REST"}],"circlet_count":0,"master_deck":["bronze:Strike+1","bronze:Strike+1","bronze:Defend+1","bronze:Defend+1","bronze:Frontload","bronze:Spike+1","bronze:Allocate","bronze:BronzeOrb+1","bronze:ChosenStrike","bronze:AlphaBuild+1","bronze:CloningBeam","bronze:DelayedGuard","bronze:Boost","bronze:Shell+1","bronze:BurnOut+1","bronze:ItsAFeature+1","bronze:Branch","bronze:Assembly+1","bronze:Iterate","bronze:FineTuning+1","bronze:RecursiveStrike+1","bronze:SpaghettiCode+1","expansioncontent:StudyTheSpire+1","bronze:ThunderWave+1","bronze:Fortify+1","bronze:DelayedGuard","Replay:SS_forest_2+1","bronze:Terminator","bronze:FindAndReplace+1","bronze:Overheat","Replay:SS_hec_1","bronze:ChildClass","bronze:BronzeOrb+1"],"relics":["bronze:PlatinumCore","Mercury Hourglass","Replay:Ringing Soul","Garlic","Golden Egg","downfall:HeartBlessingRed","Orichalcum","downfall:HeartBlessingGreen","downfall:RedIOU","Replay:Mystery Machine","Membership Card","Simple Rune","ReplayTheSpireMod:Lightbulb","Juzu Bracelet","Honey Jar","Ring of Fury","Mummified Hand","bronze:ProtectiveGoggles","Pen Nib","conspire:InfiniteJournal"],"acts_visited":["Exordium","TheCity","TheBeyond"],"potions_floor_usage":[50,50,50],"damage_taken":[{"damage":1.0,"enemies":"Jaw Worm","floor":2.0,"turns":4.0},{"damage":4.0,"enemies":"Jaw Worm","floor":3.0,"turns":5.0},{"damage":0.0,"enemies":"2 Louse","floor":4.0,"turns":4.0},{"damage":0.0,"enemies":"Cultist","floor":6.0,"turns":2.0},{"damage":24.0,"enemies":"Lagavulin","floor":9.0,"turns":6.0},{"damage":5.0,"enemies":"Large Slime","floor":10.0,"turns":5.0},{"damage":0.0,"enemies":"2 Fungi Beasts","floor":13.0,"turns":2.0},{"damage":7.0,"enemies":"3 Sentries","floor":14.0,"turns":7.0},{"damage":0.0,"enemies":"3 Louse","floor":15.0,"turns":3.0},{"damage":9.0,"enemies":"SI_SHIV_ARCHETYPE","floor":16.0,"turns":7.0},{"damage":0.0,"enemies":"downfall:LooterAlt2","floor":19.0,"turns":3.0},{"damage":0.0,"enemies":"3 Byrds","floor":20.0,"turns":5.0},{"damage":20.0,"enemies":"conspire:MimicChest","floor":22.0,"turns":7.0},{"damage":0.0,"enemies":"downfall:FleeingMerchant","floor":23.0,"turns":4.0},{"damage":3.0,"enemies":"Shelled Parasite and Fungi","floor":25.0,"turns":6.0},{"damage":0.0,"enemies":"downfall:FleeingMerchant","floor":26.0,"turns":4.0},{"damage":0.0,"enemies":"Snake Plant","floor":27.0,"turns":3.0},{"damage":4.0,"enemies":"downfall:FleeingMerchant","floor":29.0,"turns":4.0},{"damage":0.0,"enemies":"Gremlin Leader","floor":31.0,"turns":7.0},{"damage":0.0,"enemies":"Centurion and Healer","floor":32.0,"turns":3.0},{"damage":12.0,"enemies":"DF_ARCHETYPE_CLAW","floor":33.0,"turns":6.0},{"damage":21.0,"enemies":"3 Darklings","floor":36.0,"turns":4.0},{"damage":3.0,"enemies":"3 Shapes","floor":37.0,"turns":3.0},{"damage":6.0,"enemies":"Reptomancer","floor":43.0,"turns":5.0},{"damage":37.0,"enemies":"Giant Head","floor":45.0,"turns":7.0},{"damage":0,"enemies":"Sphere and 2 Shapes","floor":48,"turns":3},{"damage":17,"enemies":"Writhing Mass","floor":49,"turns":4},{"damage":0,"enemies":"IC_BLOCK_ARCHETYPE","floor":50,"turns":8}],"seed_played":"-3520681969307281688","potions_obtained":[{"floor":4.0,"key":"DuplicationPotion"},{"floor":6.0,"key":"Energy Potion"},{"floor":10.0,"key":"champ:CounterPotion"},{"floor":15.0,"key":"bronze:FreeFunctionsPotion"},{"floor":31.0,"key":"Venom Potion"},{"floor":33.0,"key":"Milkshake"},{"floor":45.0,"key":"SpeedPotion"},{"floor":48,"key":"DuplicationPotion"},{"floor":49,"key":"Block Potion"}],"is_trial":false,"path_per_floor":["R","M","?","M","?","M","T","T","E","M","?","R","M","E","M","B",null,"R","M","M","?","?","$","T","M","$","M","?","$","R","E","M","B",null,"R","M","M","?","?","R","T","$","E","$","E","?","R","M","M","B",null],"character_chosen":"THE_AUTOMATON","items_purchased":["Membership Card","Simple Rune","expansioncontent:StudyTheSpire","Mummified Hand","Replay:SS_forest_2","Pen Nib","bronze:FindAndReplace"],"campfire_rested":1,"item_purchase_floors":[23,23,29,42,42,44,44],"current_hp_per_floor":[70,69,65,65,65,65,65,65,44,42,42,42,45,41,41,35,85,85,88,88,88,71,74,74,74,77,77,80,79,79,79,79,70,109,109,91,91,91,91,91,91,94,91,94,60,63,102,105,91,91],"gold":107,"neow_bonus":"RANDOM_COMMON_RELIC","is_daily":false,"chose_seed":false,"campfire_upgraded":4,"win_rate":0.0,"timestamp":1613464824,"path_taken":["R","M","?","M","?","M","T","?","E","?","?","R","M","E","M","BOSS","R","M","M","?","?","$","T","M","?","?","?","$","R","E","M","BOSS","R","M","M","?","?","R","T","?","E","$","E","?","R","M","M","BOSS"],"items_purchased_type":["Relic","Relic","Card","Relic","Card","Relic","Card"],"build_version":"2020-12-22","purchased_purges":4,"victory":true,"max_hp_per_floor":[70,70,70,70,70,70,70,70,73,76,76,76,79,82,82,85,85,85,88,88,88,91,94,94,97,100,100,103,106,106,106,106,109,109,109,112,115,115,115,115,115,118,121,124,127,130,130,133,136,136],"card_choices":[{"not_picked":["bronze:BronzeArmor","bronze:Deprecate"],"picked":"bronze:Frontload","floor":2.0},{"not_picked":[],"picked":"bronze:Spike","floor":3.0},{"not_picked":["bronze:DelayedGuard","bronze:Constructor"],"picked":"bronze:Allocate","floor":3.0},{"not_picked":["bronze:DelayedSlice","bronze:DelayedGuard"],"picked":"bronze:BronzeOrb","floor":4.0},{"not_picked":["bronze:Invalidate","bronze:CloningBeam"],"picked":"bronze:ChosenStrike","floor":5.0},{"not_picked":["bronze:BitShift","bronze:CutThrough"],"picked":"bronze:AlphaBuild","floor":6.0},{"not_picked":["bronze:Philosophize","bronze:Turbo"],"picked":"bronze:CloningBeam","floor":9.0},{"not_picked":["bronze:Frontload","bronze:WildBeam"],"picked":"bronze:DelayedGuard","floor":10.0},{"not_picked":["bronze:Branch","bronze:Constructor"],"picked":"bronze:Boost","floor":13.0},{"not_picked":["bronze:Repair","bronze:WhirlingStrike"],"picked":"bronze:Shell","floor":14.0},{"not_picked":["bronze:ChosenStrike","bronze:Separator","bronze:DarkDash"],"picked":"SKIP","floor":15.0},{"not_picked":["bronze:AlphaBuild","bronze:HyperBeam"],"picked":"bronze:BurnOut","floor":16.0},{"not_picked":["bronze:Separator","bronze:Shield"],"picked":"bronze:ItsAFeature+1","floor":19.0},{"not_picked":["bronze:CutThrough","bronze:Format","bronze:Deprecate"],"picked":"SKIP","floor":20.0},{"not_picked":["bronze:Philosophize","bronze:WildBeam"],"picked":"bronze:Branch","floor":22.0},{"not_picked":["bronze:GetLatest","bronze:DelayedGuard"],"picked":"bronze:Assembly","floor":23.0},{"not_picked":["bronze:DelayedSlice","bronze:BronzeArmor"],"picked":"bronze:Iterate","floor":25.0},{"not_picked":["bronze:Format","bronze:OilSpill"],"picked":"bronze:FineTuning","floor":26.0},{"not_picked":["bronze:DelayedSlice","bronze:BronzeArmor","bronze:Allocate+1"],"picked":"SKIP","floor":27.0},{"not_picked":["bronze:OilSpill+1","bronze:Overload"],"picked":"bronze:SpaghettiCode","floor":29.0},{"not_picked":["bronze:DelayedSlice","bronze:ForceShield+1","bronze:DarkDash"],"picked":"SKIP","floor":31.0},{"not_picked":["bronze:Frontload","bronze:Deprecate","bronze:Branch"],"picked":"SKIP","floor":32.0},{"not_picked":["bronze:AlphaBuild","bronze:CleanCode"],"picked":"bronze:ThunderWave","floor":33.0},{"not_picked":["bronze:DelayedSlice+1","bronze:MaxOutput","bronze:Branch+1"],"picked":"bronze:Fortify+1","floor":36.0},{"not_picked":["bronze:Frontload","bronze:Constructor+1","bronze:Branch+1"],"picked":"bronze:DelayedGuard","floor":37.0},{"not_picked":["bronze:DelayedSlice","bronze:Deprecate+1","bronze:BuggyMess+1"],"picked":"bronze:Terminator","floor":43.0},{"not_picked":["bronze:ClassDefault+1","bronze:Repulsor+1","bronze:Virus"],"picked":"bronze:Overheat","floor":45.0},{"not_picked":["expansioncontent:YouAreMine","expansioncontent:PolyBeam"],"picked":"Replay:SS_hec_1","floor":46.0},{"not_picked":["bronze:ClassDefault","bronze:CloningBeam","bronze:Invalidate+1"],"picked":"bronze:ChildClass","floor":48},{"not_picked":["bronze:BuggyMess","bronze:ForLoop+1","bronze:Separator+1"],"picked":"bronze:BronzeOrb+1","floor":49}],"player_experience":463708,"relics_obtained":[{"floor":5.0,"key":"Mercury Hourglass"},{"floor":7.0,"key":"Replay:Ringing Soul"},{"floor":8.0,"key":"Garlic"},{"floor":9.0,"key":"Golden Egg"},{"floor":14.0,"key":"Orichalcum"},{"floor":22.0,"key":"Replay:Mystery Machine"},{"floor":24.0,"key":"ReplayTheSpireMod:Lightbulb"},{"floor":31.0,"key":"Juzu Bracelet"},{"floor":38.0,"key":"Ring of Fury"},{"floor":43.0,"key":"bronze:ProtectiveGoggles"},{"floor":45.0,"key":"conspire:InfiniteJournal"}],"event_choices":[{"damage_healed":0.0,"max_hp_gain":0.0,"max_hp_loss":0.0,"gold_gain":0.0,"event_name":"conspire:Investor","player_choice":"Leave","floor":39.0,"gold_loss":0.0,"damage_taken":0.0}],"is_beta":false,"boss_relics":[{"not_picked":["Black Star","Painkiller Herb"],"picked":"bronze:PlatinumCore"},{"not_picked":["conspire:RunicOctahedron","Kintsugi"],"picked":"Honey Jar"}],"items_purged_floors":[23,26,42,44],"is_endless":false,"potions_floor_spawned":[4,6,10,15,16,25,31,33,45,48,49],"ascension_level":1}}