{"host":"zybdh2ue20qfjbiz","time":1613461111,"event":{"mods":["AchievementEnabler","BaseMod","Better Altar","Better Skull","BetterRewards","Friendly Minions","Kiyohime（清?）","Koishi","Lobotomy","LobotomyExtend","Marisa（霧雨　魔理沙）","Minty Spire (QoL Compilation)","Remilia（蕾米莉?）","StSLib"],"gold_per_floor":[113,131,149,149,167,167,198,211,258,269,269,289,323,73,73,145,145,156,12,23,40,40,68,80,109,109,128,146,146,164,196,196,275,275,293,15,15,26,39,70,80,114,140,140,140,140,140,171,171,171,171,171,171,35,61,61],"floor_reached":57,"language":"ENG","playtime":2836,"items_purged":["Koishi:BasicStrike","Koishi:BasicStrike","Koishi:BasicStrike","Koishi:BasicStrike","Koishi:HauntingSlash","Koishi:MindNumbingTerror","Koishi:Ego","Koishi:MassHysteria+1"],"score":3493,"play_id":"199e017a-346e-4f31-ac88-690dab687c9b","local_time":"20210216103831","is_ascension_mode":true,"campfire_choices":[{"floor":6,"key":"REST"},{"data":"Impatience","floor":15,"key":"SMITH"},{"data":"Impatience","floor":32,"key":"SMITH"},{"floor":46,"key":"DIG"},{"floor":49,"key":"RECALL"},{"data":"Koishi:HeartAttack","floor":53,"key":"SMITH"}],"circlet_count":0,"master_deck":["AscendersBane","Koishi:Provoke","Impatience+1","Koishi:ReflexRadar+1","Impatience+1","Koishi:SubterraneanRose","Koishi:Bloodlust","Koishi:ReflexRadar","Koishi:VengefulSpirit+1","Koishi:ReleaseOfTheId+1","Koishi:ReflexRadar","Dazed","Koishi:GeneticsOfTheUnconscious","Koishi:HeartAttack+1","Master of Strategy","Koishi:HeartAttack+1"],"relics":["Koishi:ImaginaryFriend","Omamori","Pen Nib","Koishi:BloodstainedWhiteRose","Singing Bowl","Sling","Bag of Marbles","LetterFromLob","Kunai","Bag of Preparation","Koishi:LettersToReimu","Membership Card","Pandora\u0027s Box","War Paint","Strawberry","Mercury Hourglass","Nunchaku","Calling Bell","Orichalcum","Koishi:TeethAndClaws","Koishi:EchoesOfADeadGirl","Shovel","Mango","Dream Catcher","Smiling Mask","LaetitiaHeart","Regal Pillow","PreservedInsect","DollysMirror","Vajra"],"acts_visited":["Exordium","TheCity","TheBeyond","TheEnding"],"potions_floor_usage":[3],"damage_taken":[{"damage":3,"enemies":"Cultist","floor":1,"turns":5},{"damage":0,"enemies":"2 Louse","floor":2,"turns":2},{"damage":10,"enemies":"Jaw Worm","floor":3,"turns":5},{"damage":0,"enemies":"3 Louse","floor":5,"turns":1},{"damage":8,"enemies":"3 Sentries","floor":7,"turns":6},{"damage":0,"enemies":"Exordium Wildlife","floor":8,"turns":4},{"damage":1,"enemies":"2 Fungi Beasts","floor":10,"turns":4},{"damage":1,"enemies":"Large Slime","floor":12,"turns":3},{"damage":13,"enemies":"Lagavulin","floor":13,"turns":7},{"damage":0,"enemies":"Hexaghost","floor":16,"turns":3},{"damage":0,"enemies":"Spheric Guardian","floor":18,"turns":2},{"damage":0,"enemies":"2 Thieves","floor":20,"turns":2},{"damage":0,"enemies":"Centurion and Healer","floor":21,"turns":2},{"damage":0,"enemies":"Book of Stabbing","floor":23,"turns":1},{"damage":0,"enemies":"Snecko","floor":24,"turns":1},{"damage":0,"enemies":"Gremlin Leader","floor":25,"turns":1},{"damage":0,"enemies":"Chosen and Byrds","floor":27,"turns":6},{"damage":0,"enemies":"3 Cultists","floor":28,"turns":2},{"damage":0,"enemies":"Cultist and Chosen","floor":30,"turns":3},{"damage":0,"enemies":"Slavers","floor":31,"turns":1},{"damage":0,"enemies":"Automaton","floor":33,"turns":3},{"damage":3,"enemies":"3 Darklings","floor":35,"turns":2},{"damage":0,"enemies":"3 Shapes","floor":38,"turns":1},{"damage":0,"enemies":"Spire Growth","floor":39,"turns":3},{"damage":0,"enemies":"Nemesis","floor":40,"turns":1},{"damage":0,"enemies":"Maw","floor":41,"turns":1},{"damage":0,"enemies":"Reptomancer","floor":42,"turns":1},{"damage":0,"enemies":"Nemesis","floor":48,"turns":1},{"damage":26,"enemies":"Time Eater","floor":50,"turns":5},{"damage":0,"enemies":"Shield and Spear","floor":55,"turns":1},{"damage":0,"enemies":"The Heart","floor":56,"turns":3}],"seed_played":"-7044765234377174343","potions_obtained":[{"floor":1,"key":"LiquidMemories"},{"floor":3,"key":"Dexterity Potion"},{"floor":8,"key":"Energy Potion"},{"floor":31,"key":"BlessingOfTheForge"}],"is_trial":false,"path_per_floor":["M","M","M","$","M","R","E","M","T","M","?","M","E","$","R","B",null,"M","$","M","M","?","E","M","E","T","M","M","?","M","E","R","B",null,"M","$","?","M","M","E","M","E","T","?","?","R","?","E","R","B",null,null,"R","$","E","B",null],"character_chosen":"KOISHI","items_purchased":["Omamori","Pen Nib","Impatience","Koishi:ReflexRadar","Koishi:BloodstainedWhiteRose","Impatience","Singing Bowl","Fruit Juice","Sling","Koishi:MassHysteria","Bag of Marbles","Membership Card","Koishi:ReleaseOfTheId","Shovel","DollysMirror"],"campfire_rested":1,"item_purchase_floors":[0,0,0,0,0,0,0,0,0,0,0,14,19,36,54],"current_hp_per_floor":[18,21,21,21,27,46,40,47,47,50,50,53,47,47,47,52,70,72,72,75,78,78,80,82,91,91,93,95,95,97,99,99,101,101,103,103,113,115,117,133,133,135,135,135,135,135,129,134,134,111,111,134,134,134,136,139],"gold":61,"neow_bonus":"","is_daily":false,"chose_seed":false,"campfire_upgraded":3,"win_rate":0.0,"timestamp":1613461111,"path_taken":["M","M","M","?","M","R","E","M","T","M","?","?","E","$","R","BOSS","M","$","M","M","?","E","?","E","T","M","M","?","M","E","R","BOSS","M","?","?","M","?","E","M","E","T","?","?","R","?","E","R","BOSS","R","$","E","BOSS"],"items_purchased_type":["Relic","Relic","Card","Card","Relic","Card","Relic","Potion","Relic","Card","Relic","Relic","Card","Relic","Relic"],"build_version":"2020-12-22","purchased_purges":8,"victory":true,"max_hp_per_floor":[59,59,64,64,66,66,68,70,70,70,70,72,74,74,74,76,76,78,78,78,78,78,80,82,91,91,93,95,95,97,99,99,101,101,103,103,113,115,117,133,133,135,135,135,135,135,139,141,141,141,141,141,141,141,143,143],"card_choices":[{"not_picked":["Koishi:EmbryosDream","Koishi:MassHysteria","Koishi:SpiritedAway"],"picked":"Singing Bowl","floor":1},{"not_picked":["Koishi:YoukaiPolygraph","Koishi:HeartfeltFancy"],"picked":"Koishi:SubterraneanRose","floor":2},{"not_picked":["Koishi:Jaunt","Koishi:UnansweredLove"],"picked":"Koishi:Bloodlust","floor":3},{"not_picked":["Koishi:GrowingPain","Koishi:PhantomBarrier","Koishi:StingingMind"],"picked":"Singing Bowl","floor":5},{"not_picked":["Koishi:UnconsciousUrges","Koishi:UnconsciousUprising","Koishi:Prune"],"picked":"Singing Bowl","floor":7},{"not_picked":["Koishi:VengefulSpirit","Koishi:StingingMind","Koishi:EmbryosDream"],"picked":"Singing Bowl","floor":8},{"not_picked":["Koishi:LastRemote","Koishi:ReleaseOfTheId"],"picked":"Koishi:ReflexRadar","floor":10},{"not_picked":["Koishi:FourthEye","Koishi:PhantomBarrier","Koishi:JumpScare"],"picked":"Singing Bowl","floor":12},{"not_picked":["Koishi:Prune","Koishi:JumpScare","Koishi:FidgetySnatcher"],"picked":"Singing Bowl","floor":13},{"not_picked":["Koishi:RoseHell","Koishi:MindStellarRelief","Koishi:FormlessExistence"],"picked":"Singing Bowl","floor":16},{"not_picked":["Koishi:EmbryosDream","Koishi:TremblingHands","Koishi:FourthEye+1"],"picked":"Singing Bowl","floor":18},{"not_picked":["Koishi:Jaunt+1","Koishi:FleetingPhantom+1"],"picked":"Koishi:ReflexRadar","floor":20},{"not_picked":["Koishi:MassHysteria","Koishi:Untouchable"],"picked":"Koishi:SpiritedAway","floor":21},{"not_picked":["Koishi:Jaunt","Koishi:StrangeCloudFist","Koishi:UnconsciousUprising+1"],"picked":"Singing Bowl","floor":23},{"not_picked":["Koishi:UnconsciousUprising","Koishi:Jaunt","Koishi:DreadfulBlow+1"],"picked":"Singing Bowl","floor":24},{"not_picked":["Koishi:MassHysteria","Koishi:VengefulSpirit","Koishi:MindStellarRelief"],"picked":"Singing Bowl","floor":25},{"not_picked":["Koishi:PhantomStrike","Koishi:VengefulSpirit","Koishi:MindNumbingTerror"],"picked":"Singing Bowl","floor":27},{"not_picked":["Koishi:Vanish","Koishi:EmbryosDream+1","Koishi:PhantomBarrier"],"picked":"Singing Bowl","floor":28},{"not_picked":["Koishi:TraumaticStroke","Koishi:StingingMind","Koishi:DreadfulBlow+1"],"picked":"Singing Bowl","floor":30},{"not_picked":["Koishi:CatchAndRose","Koishi:HeartfeltFancy","Koishi:GrowingPain"],"picked":"Singing Bowl","floor":31},{"not_picked":["Koishi:SuperEgo","Koishi:GrowingPain","Koishi:FormlessExistence"],"picked":"Singing Bowl","floor":33},{"not_picked":["Koishi:EmbryosDream","Koishi:Jaunt+1","Koishi:PredatoryInstincts"],"picked":"Singing Bowl","floor":35},{"not_picked":["Koishi:ParalyzingFear","Koishi:FleetingPhantom","Koishi:EmbryosDream"],"picked":"Singing Bowl","floor":38},{"not_picked":["Koishi:MassHysteria","Koishi:EmbryosDream+1","Koishi:RacingHeart+1"],"picked":"Singing Bowl","floor":39},{"not_picked":["Koishi:PhantomStrike","Koishi:DNAsFlaw","Koishi:SilentAndRestless"],"picked":"Singing Bowl","floor":40},{"not_picked":["Koishi:TremblingHands+1","Koishi:UnansweredLove"],"picked":"Koishi:HeartAttack","floor":41},{"not_picked":["Koishi:StrangeCloudFist","Koishi:SubterraneanRose+1","Koishi:DanmakuParanoia+1"],"picked":"Singing Bowl","floor":42},{"not_picked":["Chrysalis","The Bomb","Jack Of All Trades"],"picked":"Singing Bowl","floor":47},{"not_picked":["PanicButton","Sadistic Nature","Deep Breath"],"picked":"Singing Bowl","floor":47},{"not_picked":["Flash of Steel","Purity"],"picked":"Master of Strategy","floor":47},{"not_picked":["Koishi:PhantomStrike+1","Koishi:TremblingHands","Koishi:Untouchable+1"],"picked":"Singing Bowl","floor":48},{"not_picked":["Koishi:FreudianInstinct","Koishi:BramblyRoseGarden","Koishi:PhilosophyOfTheDespised+1"],"picked":"Singing Bowl","floor":55}],"player_experience":431707,"relics_obtained":[{"floor":1,"key":"LetterFromLob"},{"floor":7,"key":"Kunai"},{"floor":9,"key":"Bag of Preparation"},{"floor":13,"key":"Koishi:LettersToReimu"},{"floor":23,"key":"War Paint"},{"floor":25,"key":"Strawberry"},{"floor":31,"key":"Nunchaku"},{"floor":34,"key":"Orichalcum"},{"floor":34,"key":"Koishi:TeethAndClaws"},{"floor":34,"key":"Koishi:EchoesOfADeadGirl"},{"floor":40,"key":"Mango"},{"floor":42,"key":"Dream Catcher"},{"floor":43,"key":"Smiling Mask"},{"floor":46,"key":"Regal Pillow"},{"floor":48,"key":"PreservedInsect"},{"floor":55,"key":"Vajra"}],"event_choices":[{"damage_healed":0,"gold_gain":0,"player_choice":"0 cards matched","damage_taken":0,"max_hp_gain":0,"max_hp_loss":0,"event_name":"Match and Keep!","floor":11,"gold_loss":0,"cards_obtained":[]},{"damage_healed":0,"gold_gain":0,"player_choice":"1 cards matched","damage_taken":0,"max_hp_gain":0,"max_hp_loss":0,"event_name":"Match and Keep!","floor":22,"gold_loss":0,"cards_obtained":["Koishi:GeneticsOfTheUnconscious"]},{"damage_healed":0,"gold_gain":0,"player_choice":"Gave Potion","damage_taken":0,"relics_obtained":["Mercury Hourglass"],"max_hp_gain":0,"max_hp_loss":0,"event_name":"WeMeetAgain","floor":29,"gold_loss":0},{"cards_removed":["Koishi:RoseHell"],"damage_healed":0,"gold_gain":0,"player_choice":"Offered Rare","damage_taken":0,"max_hp_gain":10,"max_hp_loss":0,"event_name":"Bonfire Elementals","floor":37,"gold_loss":0},{"damage_healed":0,"gold_gain":0,"player_choice":"Memory 3","damage_taken":10,"max_hp_gain":0,"max_hp_loss":0,"event_name":"SensoryStone","floor":47,"gold_loss":0}],"is_beta":false,"boss_relics":[{"not_picked":["Philosopher\u0027s Stone","Busted Crown"],"picked":"Pandora\u0027s Box"},{"not_picked":["Cursed Key","Coffee Dripper"],"picked":"Calling Bell"}],"items_purged_floors":[0,0,0,0,14,19,36,54],"is_endless":false,"potions_floor_spawned":[1,3,8,13,16,20,21,24,27,31,38,41],"ascension_level":18}}