{"host":"1sqx9dmsrxu9kvq7","time":1613458106,"event":{"mods":["2.2 Compatiblity","Act Like it!","Aspiration","BaseMod","Bestiary","Block Reminder","CapriCore","Chen","Colored Powertips","Custom Start","DeckTracker","Downfall","Friendly Minions","Halation","Highlight Path","HololiveMod","Hubris","KinomotoSakuraMod(木之本?)","Kiyohime（清?）","Koishi","Marisa（霧雨　魔理沙）","Minty Spire (QoL Compilation)","Prisma Mod","Quick Restart","Rare Cards Sparkle","Reimu（博??梦）","Relic Stats","Remilia（蕾米莉?）","Shop Mod","Spicy Shops","StSLib","Synergy Search","Td1madao Mod","The Administrix","The Alterego","The Blue Laboratory","The Immortal","The Servant 0.9.4","Waifu the Spire","WarShipGirlsR/??少女R mod","Yakumo Yukari mod","Yuyuko"],"gold_per_floor":[109,120,132,146,76,108,108,123,149,161,196,196,208,228,228,326,326,345,345,355,368,388,423,423,442,442,442,442,442,226,236,236,333,333,346,306,356,366,380,380,397,397,420,420,436,436,267,280,280,280,280,280,73,103,103],"floor_reached":56,"language":"ENG","playtime":4760,"items_purged":[],"score":1231,"play_id":"8ccac1c7-766e-4394-8bbb-a8653bb6e9ba","local_time":"20210216004826","is_ascension_mode":true,"campfire_choices":[{"floor":7,"key":"RECALL"},{"floor":12,"key":"REST"},{"floor":15,"key":"REST"},{"data":"Embodiment","floor":24,"key":"SMITH"},{"data":"MurderousAura","floor":27,"key":"SMITH"},{"floor":32,"key":"REST"},{"data":"MurderousAura","floor":40,"key":"SMITH"},{"data":"BestPractice","floor":42,"key":"SMITH"},{"data":"SilverBlades","floor":44,"key":"SMITH"},{"data":"Revamp","floor":49,"key":"SMITH"},{"floor":52,"key":"REST"}],"circlet_count":0,"master_deck":["Strike_S+1","Strike_S+1","Strike_S+1","Strike_S+1","Defend_S+1","Defend_S+1","Defend_S+1","Defend_S+1","KidneyShot+1","Exchange+1","Desolation+1","Defy+1","Desolation+1","Contraction+1","SurpressingFire+1","Embodiment+1","Dilation+1","Misdirection+1","BottledTime+1","Revamp+1","MurderousAura+1","Luminosity+1","FlawlessForm+1","InstantArmor+1","Potential+1","Ricochet+1","FastForward+1","Potential+1","Advance+1","BestPractice+1","GearUp+1","MurderousAura+1","Rearm+1","FastForward+1","SilverBlades+1","Dilation+1","Moonlight+1","Spin+1","WasteNot+1","Revamp+1","FastForward+1","Comet+1","Starlight","Luminosity+1"],"relics":["Uniform","Lantern","Centennial Puzzle","bronze:MakeshiftBattery","Dream Catcher","Boot","Medical Kit","Sozu","Thread and Needle","Mastiff:ReiMu","aspiration:FrozenJewel","aspiration:TrustyKnives","Broom"],"acts_visited":["Exordium","TheCity","TheBeyond","TheEnding"],"potions_floor_usage":[11,55],"damage_taken":[{"damage":0,"enemies":"Cultist","floor":1,"turns":3},{"damage":0,"enemies":"Small Slimes","floor":2,"turns":3},{"damage":0,"enemies":"2 Louse","floor":3,"turns":2},{"damage":0,"enemies":"Large Slime","floor":4,"turns":8},{"damage":39,"enemies":"Gremlin Nob","floor":6,"turns":6},{"damage":4,"enemies":"Blue Slaver","floor":8,"turns":6},{"damage":0,"enemies":"Exordium Thugs","floor":10,"turns":4},{"damage":21,"enemies":"3 Sentries","floor":11,"turns":21},{"damage":0,"enemies":"3 Louse","floor":13,"turns":4},{"damage":17,"enemies":"Gremlin Gang","floor":14,"turns":7},{"damage":2,"enemies":"Hexaghost","floor":16,"turns":9},{"damage":0,"enemies":"Chosen","floor":18,"turns":6},{"damage":0,"enemies":"Spheric Guardian","floor":20,"turns":5},{"damage":4,"enemies":"Centurion and Healer","floor":21,"turns":10},{"damage":19,"enemies":"Cultist and Chosen","floor":22,"turns":7},{"damage":9,"enemies":"Book of Stabbing","floor":23,"turns":5},{"damage":6,"enemies":"Snake Plant","floor":25,"turns":5},{"damage":0,"enemies":"3 Cultists","floor":31,"turns":5},{"damage":0,"enemies":"hubris:MusketHawk","floor":33,"turns":7},{"damage":0,"enemies":"Orb Walker","floor":35,"turns":4},{"damage":0,"enemies":"Mind Bloom Boss Battle","floor":37,"turns":6},{"damage":0,"enemies":"3 Shapes","floor":38,"turns":4},{"damage":1,"enemies":"3 Darklings","floor":39,"turns":5},{"damage":0,"enemies":"Spire Growth","floor":41,"turns":5},{"damage":0,"enemies":"Transient","floor":45,"turns":5},{"damage":0,"enemies":"Transient","floor":46,"turns":15},{"damage":3,"enemies":"4 Shapes","floor":48,"turns":5},{"damage":5,"enemies":"Time Eater","floor":50,"turns":13},{"damage":4,"enemies":"Shield and Spear","floor":54,"turns":8},{"damage":35,"enemies":"The Heart","floor":55,"turns":10}],"seed_played":"6355832580540066233","potions_obtained":[{"floor":4,"key":"blueLaboratory:HummingbirdPotion"},{"floor":6,"key":"Fire Potion"},{"floor":8,"key":"SteroidPotion"},{"floor":11,"key":"BlessingOfTheForge"},{"floor":14,"key":"DuplicationPotion"},{"floor":18,"key":"DistilledChaos"},{"floor":31,"key":"champ:CounterPotion"},{"floor":33,"key":"blueLaboratory:ImpenetrablePotion"}],"is_trial":false,"path_per_floor":["M","M","M","M","$","E","R","M","T","M","E","R","M","M","R","B",null,"M","?","M","M","M","E","R","M","T","R","?","?","$","M","R","B",null,"M","?","?","M","M","R","M","R","T","R","M","?","$","M","R","B",null,"R","$","E","B",null],"character_chosen":"THE_SERVANT","items_purchased":["Embodiment","BestPractice","Medical Kit","Revamp","aspiration:FrozenJewel","aspiration:TrustyKnives","Starlight"],"campfire_rested":4,"item_purchase_floors":[5,30,30,47,47,53,53],"current_hp_per_floor":[65,65,65,65,65,26,26,22,22,22,1,20,20,3,22,20,65,65,65,65,63,44,35,35,30,30,30,30,30,30,30,49,49,65,65,65,65,65,64,64,64,64,64,64,64,65,65,62,62,62,65,65,65,61,28],"gold":103,"neow_bonus":"THREE_CARDS","is_daily":false,"chose_seed":false,"campfire_upgraded":6,"win_rate":0.0,"timestamp":1613458106,"path_taken":["M","M","M","M","?","E","R","?","T","M","E","R","?","M","R","BOSS","M","?","?","M","?","E","R","M","T","R","?","?","$","M","R","BOSS","M","?","?","M","M","R","M","R","T","R","M","?","$","M","R","BOSS","R","$","E","BOSS"],"items_purchased_type":["Card","Card","Relic","Card","Relic","Relic","Card"],"build_version":"2020-12-22","purchased_purges":0,"victory":true,"max_hp_per_floor":[65,65,65,65,65,65,65,65,65,65,65,65,65,65,65,65,65,65,65,65,65,65,65,65,65,65,65,65,65,65,65,65,65,65,65,65,65,65,65,65,65,65,65,65,65,65,65,65,65,65,65,65,65,65,65],"relic_stats":{"Sozu":3,"Centennial Puzzle":[32],"Dream Catcher":2,"counters":[30,203],"Boot":[75],"Medical Kit":[21],"obtain_stats":[{"Lantern":6,"Thread and Needle":37,"aspiration:TrustyKnives":53,"Uniform":0,"Broom":54,"Boot":26,"Medical Kit":30,"aspiration:FrozenJewel":47,"Sozu":34,"Centennial Puzzle":11,"Dream Catcher":23,"Mastiff:ReiMu":43,"bronze:MakeshiftBattery":17},{"Lantern":5,"Thread and Needle":21,"aspiration:TrustyKnives":28,"Uniform":0,"Broom":29,"Boot":17,"Medical Kit":17,"aspiration:FrozenJewel":26,"Sozu":19,"Centennial Puzzle":8,"Dream Catcher":16,"Mastiff:ReiMu":24,"bronze:MakeshiftBattery":11},{"Lantern":22,"Thread and Needle":133,"aspiration:TrustyKnives":185,"Uniform":0,"Broom":193,"Boot":111,"Medical Kit":111,"aspiration:FrozenJewel":167,"Sozu":123,"Centennial Puzzle":53,"Dream Catcher":106,"Mastiff:ReiMu":147,"bronze:MakeshiftBattery":73}]},"card_choices":[{"not_picked":["Unruled","BottledTime"],"picked":"Desolation","floor":0},{"not_picked":["Spin","Starlight"],"picked":"Defy","floor":1},{"not_picked":["ShatteredReality","Snipe"],"picked":"Desolation","floor":2},{"not_picked":["SurpressingFire","DoubleEdge"],"picked":"Contraction","floor":3},{"not_picked":["BottledTime","Collapse"],"picked":"SurpressingFire","floor":4},{"not_picked":["Rearm","Spin"],"picked":"Dilation","floor":6},{"not_picked":["Deadline","Potential"],"picked":"Misdirection","floor":8},{"not_picked":["Ricochet","Spin"],"picked":"BottledTime","floor":10},{"not_picked":["Moonlight","StarChef"],"picked":"Revamp","floor":11},{"not_picked":["Starlight","Rewind"],"picked":"MurderousAura","floor":13},{"not_picked":["Gouge","Rewind"],"picked":"Luminosity","floor":14},{"not_picked":["Deny","TrueSight"],"picked":"FlawlessForm","floor":16},{"not_picked":["Shuttle","Potential"],"picked":"InstantArmor+1","floor":18},{"not_picked":["BottledTime","Gouge"],"picked":"Potential+1","floor":20},{"not_picked":["Replace","Rewind"],"picked":"Ricochet+1","floor":21},{"not_picked":["TimeWarp","Rewind"],"picked":"FastForward+1","floor":22},{"not_picked":["Starlight","Alleviate+1"],"picked":"Potential","floor":23},{"not_picked":["Defy","Potential"],"picked":"Advance","floor":25},{"not_picked":["Unruled","Potential","Read"],"picked":"SKIP","floor":31},{"not_picked":["KillingDoll","Advance+1"],"picked":"GearUp","floor":32},{"not_picked":["SoulSculpture","Dilation"],"picked":"MurderousAura","floor":33},{"not_picked":["Defy+1","Advance"],"picked":"Rearm","floor":35},{"not_picked":["Rewind+1","Revamp+1"],"picked":"FastForward","floor":37},{"not_picked":["Rearm+1","FastForward+1"],"picked":"SilverBlades","floor":38},{"not_picked":["Unruled","WasteNot+1"],"picked":"Dilation","floor":39},{"not_picked":["Spin","ShatteredReality"],"picked":"Moonlight","floor":41},{"not_picked":["Defy+1","ShatteredReality"],"picked":"Spin","floor":45},{"not_picked":["Replace+1","StarChef+1"],"picked":"WasteNot","floor":46},{"not_picked":["GearUp+1","ShatteredReality"],"picked":"FastForward+1","floor":48},{"not_picked":["Shuttle+1","GearUp"],"picked":"Comet+1","floor":52},{"not_picked":["WasteNot","FastForward+1"],"picked":"Luminosity+1","floor":54}],"player_experience":336073,"relics_obtained":[{"floor":6,"key":"Lantern"},{"floor":11,"key":"Centennial Puzzle"},{"floor":23,"key":"Dream Catcher"},{"floor":26,"key":"Boot"},{"floor":37,"key":"Thread and Needle"},{"floor":43,"key":"Mastiff:ReiMu"},{"floor":54,"key":"Broom"}],"event_choices":[{"damage_healed":0,"gold_gain":0,"player_choice":"Bought 0 Potions","damage_taken":0,"max_hp_gain":0,"max_hp_loss":0,"event_name":"The Woman in Blue","floor":19,"gold_loss":0},{"damage_healed":0,"gold_gain":0,"player_choice":"Ignored","damage_taken":0,"max_hp_gain":0,"max_hp_loss":0,"event_name":"Vampires","floor":29,"gold_loss":0},{"damage_healed":0,"gold_gain":0,"player_choice":"Fight","damage_taken":0,"max_hp_gain":0,"max_hp_loss":0,"event_name":"MindBloom","floor":37,"gold_loss":0}],"is_beta":false,"boss_relics":[{"not_picked":["Busted Crown","aspiration:RitualDagger"],"picked":"bronze:MakeshiftBattery"},{"not_picked":["hubris:CrackedHourglass","hubris:VirtuousBlindfold"],"picked":"Sozu"}],"items_purged_floors":[],"is_endless":false,"potions_floor_spawned":[4,6,8,11,14,18,22,31,33,35,37,38,45,46,48],"ascension_level":1}}