{"host":"prxrhpgaxnj4om9r","time":1613463314,"event":{"mods":["AchievementEnabler","BaseMod","Colored Map","DeckTracker","Minty Spire (QoL Compilation)"],"gold_per_floor":[109,129,148,223,223,257,257,280,280,350,381,381,296,321,321,440,440,464,464,480,395,408,408,441,485,485,524,524,544,62,62,62,62,62],"floor_reached":33,"language":"KOR","playtime":1028,"items_purged":[],"score":349,"play_id":"a8b2523f-955e-4271-ac01-472c62102a3c","local_time":"20210216171514","is_ascension_mode":true,"campfire_choices":[{"data":"Reckless Charge","floor":7,"key":"SMITH"},{"data":"Searing Blow","floor":12,"key":"SMITH"},{"floor":15,"key":"REST"},{"floor":23,"key":"REST"},{"data":"Fire Breathing","floor":28,"key":"SMITH"},{"data":"Searing Blow+1","floor":32,"key":"SMITH"}],"circlet_count":0,"master_deck":["Strike_R","Strike_R","Strike_R","Strike_R","Strike_R","Defend_R+1","Defend_R+1","Defend_R","Defend_R","Bash","Uppercut","Reckless Charge+1","Heavy Blade","Injury","Thunderclap","Searing Blow+2","Clash","Impervious","Wild Strike+1","Necronomicurse","Armaments+1","Flame Barrier","Seeing Red+1","Flex","Fire Breathing+1","Flex","Shrug It Off+1","Flex+1","Infernal Blade+1"],"relics":["Burning Blood","Nunchaku","Golden Idol","Juzu Bracelet","Happy Flower","Eternal Feather","Bag of Marbles","Sundial","Black Star","Necronomicon","Pantograph","Red Mask","Omamori","War Paint","Incense Burner","Matryoshka","Akabeko","Toxic Egg 2","HandDrill"],"acts_visited":["Exordium","TheCity"],"potions_floor_usage":[6,11,16,24,24,27],"damage_taken":[{"damage":6,"enemies":"Cultist","floor":1,"turns":3},{"damage":12,"enemies":"Jaw Worm","floor":2,"turns":2},{"damage":7,"enemies":"Small Slimes","floor":3,"turns":3},{"damage":13,"enemies":"Gremlin Nob","floor":6,"turns":4},{"damage":30,"enemies":"Lagavulin","floor":11,"turns":5},{"damage":13,"enemies":"Blue Slaver","floor":14,"turns":2},{"damage":59,"enemies":"Hexaghost","floor":16,"turns":9},{"damage":14,"enemies":"2 Thieves","floor":18,"turns":3},{"damage":12,"enemies":"Chosen","floor":20,"turns":3},{"damage":19,"enemies":"Snake Plant","floor":22,"turns":2},{"damage":24,"enemies":"Masked Bandits","floor":24,"turns":4},{"damage":29,"enemies":"Slavers","floor":25,"turns":4},{"damage":10,"enemies":"Book of Stabbing","floor":27,"turns":4},{"damage":0,"enemies":"Sentry and Sphere","floor":29,"turns":3},{"damage":97,"enemies":"Champ","floor":33,"turns":10}],"seed_played":"-7169977172412515253","potions_obtained":[{"floor":1,"key":"Ancient Potion"},{"floor":3,"key":"Block Potion"},{"floor":14,"key":"Swift Potion"},{"floor":18,"key":"CultistPotion"},{"floor":22,"key":"AttackPotion"},{"floor":24,"key":"BloodPotion"}],"is_trial":false,"path_per_floor":["M","M","M","?","?","E","R","T","T","?","E","R","?","M","R","B",null,"M","?","M","?","M","R","?","E","T","E","R","M","$","?","R","B"],"character_chosen":"IRONCLAD","items_purchased":["Toxic Egg 2","Shrug It Off+1","Flex+1","HandDrill"],"campfire_rested":2,"item_purchase_floors":[30,30,30,30],"current_hp_per_floor":[80,74,73,62,62,55,55,55,55,55,31,40,40,33,66,13,80,72,56,50,50,37,73,55,32,32,44,59,65,65,65,80,0,0],"gold":62,"neow_bonus":"RANDOM_COMMON_RELIC","is_daily":false,"chose_seed":false,"campfire_upgraded":4,"win_rate":0.0,"timestamp":1613463314,"path_taken":["M","?","M","?","?","E","R","?","T","?","E","R","?","M","R","BOSS","M","?","M","?","M","R","?","E","T","E","R","M","$","?","R","BOSS"],"items_purchased_type":["Relic","Card","Card","Relic"],"build_version":"2020-12-22","purchased_purges":0,"victory":false,"max_hp_per_floor":[80,80,80,80,80,80,80,80,80,80,80,80,80,80,80,80,80,80,80,80,80,80,80,80,80,80,80,80,80,80,80,80,80,80],"card_choices":[{"not_picked":["Reckless Charge","Twin Strike"],"picked":"Uppercut","floor":1},{"not_picked":["Clash","Rage"],"picked":"Reckless Charge","floor":2},{"not_picked":["Intimidate","Reckless Charge"],"picked":"Heavy Blade","floor":3},{"not_picked":["Disarm","Havoc"],"picked":"Thunderclap","floor":6},{"not_picked":["Clash","Dual Wield"],"picked":"Searing Blow","floor":11},{"not_picked":["Heavy Blade","Iron Wave"],"picked":"Clash","floor":14},{"not_picked":["Corruption","Fiend Fire"],"picked":"Impervious","floor":16},{"not_picked":["Rage+1","Clash"],"picked":"Wild Strike+1","floor":18},{"not_picked":["Warcry","Second Wind"],"picked":"Armaments+1","floor":20},{"not_picked":["Headbutt","Corruption"],"picked":"Flame Barrier","floor":22},{"not_picked":["Shrug It Off","Combust+1"],"picked":"Seeing Red+1","floor":24},{"not_picked":["Warcry","Pommel Strike"],"picked":"Flex","floor":25},{"not_picked":["Headbutt+1","Spot Weakness"],"picked":"Fire Breathing","floor":27},{"not_picked":["Whirlwind","Clash"],"picked":"Flex","floor":29}],"player_experience":481616,"relics_obtained":[{"floor":6,"key":"Juzu Bracelet"},{"floor":8,"key":"Happy Flower"},{"floor":9,"key":"Eternal Feather"},{"floor":11,"key":"Bag of Marbles"},{"floor":19,"key":"Necronomicon"},{"floor":24,"key":"Red Mask"},{"floor":25,"key":"Omamori"},{"floor":25,"key":"War Paint"},{"floor":26,"key":"Incense Burner"},{"floor":27,"key":"Matryoshka"},{"floor":27,"key":"Akabeko"}],"event_choices":[{"damage_healed":0,"gold_gain":75,"player_choice":"Gather Gold","damage_taken":11,"max_hp_gain":0,"max_hp_loss":0,"event_name":"World of Goop","floor":4,"gold_loss":0},{"damage_healed":0,"gold_gain":0,"player_choice":"Take Wound","damage_taken":0,"relics_obtained":["Golden Idol"],"max_hp_gain":0,"max_hp_loss":0,"event_name":"Golden Idol","floor":5,"gold_loss":0,"cards_obtained":["Injury"]},{"damage_healed":0,"gold_gain":70,"player_choice":"Gained Gold","damage_taken":0,"max_hp_gain":0,"max_hp_loss":0,"event_name":"Golden Wing","floor":10,"gold_loss":0},{"damage_healed":0,"gold_gain":0,"player_choice":"Paid Gold","damage_taken":0,"relics_obtained":["Sundial"],"max_hp_gain":0,"max_hp_loss":0,"event_name":"WeMeetAgain","floor":13,"gold_loss":85},{"damage_healed":0,"gold_gain":0,"player_choice":"Obtained Book","damage_taken":16,"max_hp_gain":0,"max_hp_loss":0,"event_name":"Cursed Tome","floor":19,"gold_loss":0},{"damage_healed":0,"gold_gain":0,"player_choice":"Obtained Relic","damage_taken":0,"relics_obtained":["Pantograph"],"max_hp_gain":0,"max_hp_loss":0,"event_name":"Addict","floor":21,"gold_loss":85},{"damage_healed":0,"gold_gain":0,"player_choice":"Fought Bandits","damage_taken":0,"max_hp_gain":0,"max_hp_loss":0,"event_name":"Masked Bandits","floor":24,"gold_loss":0},{"damage_healed":0,"gold_gain":0,"player_choice":"Read","damage_taken":0,"max_hp_gain":0,"max_hp_loss":0,"event_name":"The Library","floor":31,"gold_loss":0,"cards_obtained":["Infernal Blade"]}],"is_beta":false,"boss_relics":[{"not_picked":["Ectoplasm","Tiny House"],"picked":"Black Star"}],"items_purged_floors":[],"is_endless":false,"potions_floor_spawned":[1,3,14,18,22,24],"killed_by":"Champ","ascension_level":4}}