{"host":"ty9fb48q9oru32qm","time":1613492071,"event":{"mods":["2.2 Compatiblity","AchievementEnabler","Act Like it!","Astrologer","BaseMod","Beaked The Cultist","Better Synergies","Block Reminder","ChefMod","Colored Powertips","Conspire","DeckTracker","Downfall","Ekko","Friendly Minions","GifTheSpireLib","Hermit","Hubris","Infinite Spire","Jorbs\u0027s Wanderer Trilogy","Marisa????????","Minty Spire (QoL Compilation)","Permanent Neow","Quick Restart","Random Character Button","Reliquary","Replay The Spire","Robot Space Explorer","Shade Mod","Shapeshifter Mod","Somnambulant","StSLib","Stuff the Spire","The Cursed","The Marked","The Runesmith","TheVacant"],"gold_per_floor":[119,119,119,119,119,149,149,196,220,251,251,288,302,317,317,350,350],"floor_reached":16,"language":"ENG","playtime":1032,"items_purged":[],"score":143,"play_id":"9835f9e7-5f10-4b68-84f4-72681456aa62","local_time":"20210216171431","is_ascension_mode":false,"campfire_choices":[{"floor":7,"key":"REST"},{"floor":15,"key":"REST"}],"circlet_count":0,"master_deck":["theVacant:VacantStarterStrike","theVacant:VacantStarterStrike","theVacant:VacantStarterStrike","theVacant:VacantStarterDefend","theVacant:VacantStarterDefend+1","theVacant:VacantStarterDefend","theVacant:VacantStarterDefend+1","theVacant:Release+1","theVacant:Crunch","theVacant:CursedBlast","theVacant:DimensionTear","Regret","theVacant:Snowball","theVacant:Recover","theVacant:ReaperStrike","theVacant:BellToll","theVacant:EmptyShield","theVacant:Dig"],"relics":["theVacant:BrassGoblet","Mummified Hand","reliquary:HotPoker","StuffTheSpire:RedRose","ReplayTheSpireMod:Ring of Challenge","Ring of Searing","infinitespire:Midas Blood","War Paint","Ancient Tea Set","Shuriken"],"acts_visited":["Exordium"],"potions_floor_usage":[12],"damage_taken":[{"damage":0,"enemies":"Jaw Worm","floor":1,"turns":3},{"damage":19,"enemies":"3 Sentries","floor":6,"turns":7},{"damage":14,"enemies":"Replay:BlueRogue","floor":8,"turns":5},{"damage":1,"enemies":"Cultist","floor":10,"turns":2},{"damage":2,"enemies":"Gremlin Nob","floor":12,"turns":2},{"damage":0,"enemies":"Small Slimes","floor":13,"turns":2},{"damage":12,"enemies":"Blue Slaver","floor":14,"turns":2},{"damage":49,"enemies":"Fading Forest","floor":16,"turns":10}],"seed_played":"-1206589627691238444","potions_obtained":[{"floor":6,"key":"champ:CounterPotion"},{"floor":8,"key":"AttackPotion"},{"floor":13,"key":"LifebloodPotion"},{"floor":14,"key":"conspire:TimeTravelPotion"}],"is_trial":false,"path_per_floor":["M","?","$","?","?","E","R","E","T","M","?","E","M","M","R","B"],"character_chosen":"THE_VACANT","items_purchased":["Mummified Hand","reliquary:HotPoker"],"campfire_rested":2,"item_purchase_floors":[3,3],"current_hp_per_floor":[80,80,48,48,48,29,53,39,39,38,38,36,36,24,48,0,0],"gold":350,"neow_bonus":"RANDOM_EVENT","is_daily":false,"chose_seed":false,"campfire_upgraded":0,"win_rate":0.0,"timestamp":1613492071,"path_taken":["M","?","?","?","?","E","R","E","T","?","?","E","M","M","R","BOSS"],"items_purchased_type":["Relic","Relic"],"build_version":"2020-12-22","purchased_purges":0,"victory":false,"max_hp_per_floor":[80,80,80,80,80,80,80,80,80,80,80,80,80,80,80,80,80],"card_choices":[{"not_picked":["theVacant:Spinshield","theVacant:Unearth"],"picked":"theVacant:CursedBlast","floor":1},{"not_picked":["theVacant:Yeet","theVacant:Barrage"],"picked":"theVacant:Snowball","floor":6},{"not_picked":["theVacant:Jab","theVacant:HolyWater"],"picked":"theVacant:Recover","floor":8},{"not_picked":["theVacant:Carve","theVacant:CleanseSoul"],"picked":"theVacant:ReaperStrike","floor":10},{"not_picked":["theVacant:ShriekingBlast","theVacant:FranticBlow"],"picked":"theVacant:BellToll","floor":12},{"not_picked":["theVacant:ShriekingBlast","theVacant:Soothe"],"picked":"theVacant:EmptyShield","floor":13},{"not_picked":["theVacant:CursedBlast","theVacant:ShutAway"],"picked":"theVacant:Dig","floor":14}],"player_experience":287986,"relics_obtained":[{"floor":5,"key":"ReplayTheSpireMod:Ring of Challenge"},{"floor":5,"key":"Ring of Searing"},{"floor":6,"key":"infinitespire:Midas Blood"},{"floor":8,"key":"War Paint"},{"floor":9,"key":"Ancient Tea Set"},{"floor":12,"key":"Shuriken"}],"event_choices":[{"damage_healed":0,"gold_gain":0,"cards_transformed":["theVacant:VacantStarterStrike"],"player_choice":"Transformed","damage_taken":0,"max_hp_gain":0,"max_hp_loss":0,"event_name":"Transmorgrifier","floor":2,"gold_loss":0,"cards_obtained":["theVacant:DimensionTear"]},{"damage_healed":0,"gold_gain":0,"player_choice":"Leave","damage_taken":0,"max_hp_gain":0,"max_hp_loss":0,"event_name":"conspire:Investor","floor":11,"gold_loss":0}],"is_beta":false,"boss_relics":[],"items_purged_floors":[],"is_endless":false,"potions_floor_spawned":[6,8,13,14],"killed_by":"Fading Forest","ascension_level":0}}