{"host":"sav7uxregyirlf69","time":1613475504,"event":{"mods":["AchievementEnabler","BaseMod","Colored Map","DeckTracker","Hermit","Keyboard Shortcuts","Minty Spire (QoL Compilation)","READ ME - Guardian Mod","StSLib","SuperFastMode"],"gold_per_floor":[116,126,86,99,110,143,143,163,163,163,178,204,19,38,38,38,38],"floor_reached":16,"language":"KOR","playtime":1064,"items_purged":["hermit:Strike_Hermit"],"score":143,"play_id":"0ab31ea4-7e39-40d2-9330-49cc1a9217bb","local_time":"20210216203824","is_ascension_mode":true,"campfire_choices":[{"data":"hermit:Manifest","floor":7,"key":"SMITH"},{"data":"hermit:CalledShot","floor":10,"key":"SMITH"},{"floor":15,"key":"REST"}],"circlet_count":0,"master_deck":["hermit:Strike_Hermit","hermit:Strike_Hermit","hermit:Strike_Hermit","hermit:Defend_Hermit","hermit:Defend_Hermit","hermit:Defend_Hermit","hermit:Defend_Hermit","hermit:Snapshot","hermit:Covet","Injury","hermit:SprayPray","hermit:ShadowCloak","hermit:Enervate","hermit:Coalescence","hermit:Manifest+1","hermit:CalledShot+1"],"relics":["hermit:Momento","Ginger","hermit:Spyglass","Matryoshka","The Courier","TheAbacus"],"acts_visited":["Exordium"],"potions_floor_usage":[6,6,12,16],"damage_taken":[{"damage":3,"enemies":"Small Slimes","floor":1,"turns":3},{"damage":1,"enemies":"Cultist","floor":2,"turns":3},{"damage":7,"enemies":"Jaw Worm","floor":4,"turns":3},{"damage":15,"enemies":"Exordium Thugs","floor":5,"turns":6},{"damage":25,"enemies":"Lagavulin","floor":6,"turns":7},{"damage":5,"enemies":"Lots of Slimes","floor":8,"turns":4},{"damage":0,"enemies":"Exordium Wildlife","floor":11,"turns":4},{"damage":24,"enemies":"Gremlin Nob","floor":12,"turns":5},{"damage":0,"enemies":"Large Slime","floor":14,"turns":5},{"damage":36,"enemies":"Slime Boss","floor":16,"turns":7}],"seed_played":"455173418841991340","potions_obtained":[{"floor":3,"key":"SpeedPotion"},{"floor":3,"key":"Dexterity Potion"},{"floor":3,"key":"hermit:BlackBile"},{"floor":4,"key":"Regen Potion"},{"floor":5,"key":"Fire Potion"},{"floor":11,"key":"DuplicationPotion"},{"floor":14,"key":"hermit:BlackBile"}],"is_trial":false,"path_per_floor":["M","M","?","M","M","E","R","M","T","R","M","E","$","M","R","B"],"character_chosen":"HERMIT","items_purchased":["TheAbacus"],"campfire_rested":1,"item_purchase_floors":[13],"current_hp_per_floor":[72,71,71,64,49,39,39,34,34,34,34,10,10,10,32,0,0],"gold":38,"neow_bonus":"ONE_RARE_RELIC","is_daily":false,"chose_seed":false,"campfire_upgraded":2,"win_rate":0.0,"timestamp":1613475504,"path_taken":["M","M","?","M","M","E","R","M","T","R","M","E","?","M","R","BOSS"],"items_purchased_type":["Relic"],"build_version":"2020-12-22","purchased_purges":1,"victory":false,"max_hp_per_floor":[75,75,75,75,75,75,75,75,75,75,75,75,75,75,75,75,75],"card_choices":[{"not_picked":["hermit:Headshot","hermit:Glare"],"picked":"hermit:SprayPray","floor":1},{"not_picked":["hermit:Maintenance","hermit:ItchyTrigger"],"picked":"hermit:ShadowCloak","floor":2},{"not_picked":["hermit:Dive","hermit:Malice"],"picked":"hermit:Enervate","floor":4},{"not_picked":["hermit:HoleUp","hermit:Glare"],"picked":"hermit:Coalescence","floor":5},{"not_picked":["hermit:Glare","hermit:Headshot"],"picked":"hermit:Manifest","floor":6},{"not_picked":["hermit:FromBeyond","hermit:Shortfuse"],"picked":"hermit:CalledShot","floor":8},{"not_picked":["hermit:HoleUp","hermit:Scavenge","hermit:Manifest"],"picked":"SKIP","floor":11},{"not_picked":["hermit:Coalescence","hermit:CalledShot","hermit:Headshot"],"picked":"SKIP","floor":12},{"not_picked":["hermit:Snipe","hermit:Roulette","hermit:Cheat"],"picked":"SKIP","floor":14}],"player_experience":1621575,"relics_obtained":[{"floor":6,"key":"hermit:Spyglass"},{"floor":9,"key":"Matryoshka"},{"floor":12,"key":"The Courier"}],"event_choices":[{"damage_healed":0,"gold_gain":0,"player_choice":"Bought 3 Potions","damage_taken":0,"max_hp_gain":0,"max_hp_loss":0,"event_name":"The Woman in Blue","floor":3,"gold_loss":0}],"is_beta":false,"boss_relics":[],"items_purged_floors":[13],"is_endless":false,"potions_floor_spawned":[4,5,11,14],"killed_by":"Slime Boss","ascension_level":5}}