{"host":"Tylorde","time":1613447303,"event":{"mods":["BaseMod","Minty Spire (QoL Compilation)","Weighted Paths"],"gold_per_floor":[110,120,70,85,103,103,131,131,131,144,144,174,174,188,188,288,288,303,180,197,217,217,217,235,270,270,270,290,290,315,8,8,105,105,124,142,152,202,221,250,319,351,351,351,376,387,94,94,94,94,94,94,22,49,49],"floor_reached":56,"language":"ENG","playtime":4717,"items_purged":["Strike_P"],"score":1956,"play_id":"c05d7e12-1a10-4308-96b3-883f10209b46","local_time":"20210215194823","is_ascension_mode":true,"campfire_choices":[{"data":"Wallop","floor":6.0,"key":"SMITH"},{"data":"Perseverance","floor":8.0,"key":"SMITH"},{"data":"Tantrum","floor":11.0,"key":"SMITH"},{"data":"Ragnarok","floor":15.0,"key":"SMITH"},{"data":"MentalFortress","floor":23,"key":"SMITH"},{"data":"DeusExMachina","floor":27,"key":"SMITH"},{"data":"BowlingBash","floor":29,"key":"SMITH"},{"data":"Vigilance","floor":32,"key":"SMITH"},{"floor":44,"key":"RECALL"},{"data":"Strike_P","floor":49,"key":"PURGE"},{"floor":52,"key":"REST"}],"circlet_count":0,"master_deck":["AscendersBane","Defend_P","Defend_P","Defend_P","Defend_P","Eruption","Vigilance+1","BowlingBash+1","Wallop+1","Perseverance+1","Tantrum+1","InnerPeace","MentalFortress+1","Ragnarok+1","Scrawl","DeusExMachina+1","DevaForm","Wallop+1","Swivel"],"relics":["PureWater","Bronze Scales","Centennial Puzzle","HornCleat","Snecko Eye","Bottled Flame","Boot","Dead Branch","TungstenRod","Fusion Hammer","Peace Pipe","Ancient Tea Set","Yang","Regal Pillow","Darkstone Periapt","PreservedInsect","Lizard Tail","Eternal Feather"],"acts_visited":["Exordium","TheCity","TheBeyond","TheEnding"],"potions_floor_usage":[25,25,33,50,55,55],"damage_taken":[{"damage":2.0,"enemies":"Jaw Worm","floor":1.0,"turns":4.0},{"damage":2.0,"enemies":"2 Louse","floor":2.0,"turns":2.0},{"damage":0.0,"enemies":"Cultist","floor":4.0,"turns":3.0},{"damage":2.0,"enemies":"Red Slaver","floor":5.0,"turns":7.0},{"damage":20.0,"enemies":"3 Sentries","floor":7.0,"turns":10.0},{"damage":10.0,"enemies":"Gremlin Gang","floor":10.0,"turns":4.0},{"damage":0.0,"enemies":"Lagavulin","floor":12.0,"turns":5.0},{"damage":1.0,"enemies":"2 Fungi Beasts","floor":14.0,"turns":3.0},{"damage":20.0,"enemies":"Slime Boss","floor":16.0,"turns":4.0},{"damage":2,"enemies":"Chosen","floor":18,"turns":3},{"damage":0,"enemies":"Spheric Guardian","floor":20,"turns":2},{"damage":0,"enemies":"Snecko","floor":21,"turns":2},{"damage":0,"enemies":"Centurion and Healer","floor":24,"turns":4},{"damage":0,"enemies":"Book of Stabbing","floor":25,"turns":2},{"damage":7,"enemies":"Cultist and Chosen","floor":28,"turns":6},{"damage":24,"enemies":"Slavers","floor":30,"turns":3},{"damage":0,"enemies":"Automaton","floor":33,"turns":6},{"damage":0,"enemies":"Orb Walker","floor":35,"turns":1},{"damage":1,"enemies":"3 Darklings","floor":36,"turns":3},{"damage":13,"enemies":"Spire Growth","floor":37,"turns":2},{"damage":0,"enemies":"Mind Bloom Boss Battle","floor":38,"turns":5},{"damage":0,"enemies":"Sphere and 2 Shapes","floor":39,"turns":3},{"damage":0,"enemies":"Giant Head","floor":40,"turns":6},{"damage":1,"enemies":"Nemesis","floor":42,"turns":5},{"damage":0,"enemies":"Reptomancer","floor":45,"turns":6},{"damage":0,"enemies":"Transient","floor":46,"turns":6},{"damage":21,"enemies":"Time Eater","floor":50,"turns":8},{"damage":0,"enemies":"Shield and Spear","floor":54,"turns":3},{"damage":22,"enemies":"The Heart","floor":55,"turns":8}],"seed_played":"-8341658244934614194","potions_obtained":[{"floor":4.0,"key":"Block Potion"},{"floor":5.0,"key":"Energy Potion"},{"floor":7.0,"key":"Energy Potion"},{"floor":12.0,"key":"Ancient Potion"},{"floor":14.0,"key":"Ambrosia"},{"floor":28,"key":"Dexterity Potion"},{"floor":30,"key":"SteroidPotion"},{"floor":33,"key":"GamblersBrew"},{"floor":45,"key":"DuplicationPotion"}],"is_trial":false,"path_per_floor":["M","M","?","M","M","R","E","R","T","M","R","E","?","M","R","B",null,"M","$","M","M","T","R","M","E","T","R","M","R","E","$","R","B",null,"M","M","M","?","M","E","T","E","T","R","E","M","$","?","R","B",null,"R","$","E","B",null],"character_chosen":"WATCHER","items_purchased":["Dexterity Potion","TungstenRod","Lizard Tail","Ancient Potion"],"campfire_rested":1,"item_purchase_floors":[19,31,47,53],"current_hp_per_floor":[70,68,68,68,66,66,46,46,46,36,36,36,36,35,35,15,63,61,61,61,61,61,61,61,61,61,61,54,54,30,30,30,30,67,67,66,53,53,53,53,53,52,52,52,52,52,52,52,52,31,67,79,79,79,57],"gold":49,"neow_bonus":"TEN_PERCENT_HP_BONUS","is_daily":false,"chose_seed":false,"campfire_upgraded":8,"win_rate":0.0,"timestamp":1613447303,"path_taken":["M","M","?","M","M","R","E","R","T","M","R","E","?","?","R","BOSS","M","$","M","M","?","R","M","E","T","R","M","R","E","$","R","BOSS","M","M","?","?","M","E","?","E","T","R","E","M","?","?","R","BOSS","R","$","E","BOSS"],"items_purchased_type":["Potion","Relic","Relic","Potion"],"build_version":"2020-12-18","purchased_purges":1,"victory":true,"max_hp_per_floor":[79,79,79,79,79,79,79,79,79,79,79,79,79,79,79,79,79,79,79,79,79,79,79,79,79,79,79,79,79,79,79,79,79,79,79,79,79,79,79,79,79,79,79,79,79,79,79,79,79,79,79,79,79,79,79],"card_choices":[{"not_picked":["CutThroughFate","Adaptation"],"picked":"BowlingBash","floor":1.0},{"not_picked":["SandsOfTime","CrushJoints"],"picked":"Wallop","floor":2.0},{"not_picked":["CrushJoints","ReachHeaven"],"picked":"Perseverance","floor":4.0},{"not_picked":["Adaptation","Indignation","FollowUp"],"picked":"SKIP","floor":5.0},{"not_picked":["TalkToTheHand","Consecrate"],"picked":"Tantrum","floor":7.0},{"not_picked":["SashWhip","Pray"],"picked":"InnerPeace","floor":10.0},{"not_picked":["Perseverance","Prostrate"],"picked":"MentalFortress","floor":12.0},{"not_picked":["WreathOfFlame","PathToVictory"],"picked":"Ragnarok","floor":14.0},{"not_picked":["Vault","Judgement"],"picked":"Scrawl","floor":16.0},{"not_picked":["Perseverance","FollowUp+1","SashWhip+1"],"picked":"SKIP","floor":18},{"not_picked":["Halt","FollowUp+1","FlurryOfBlows+1"],"picked":"SKIP","floor":20},{"not_picked":["Halt","FollowUp+1","FlurryOfBlows+1"],"picked":"SKIP","floor":20},{"not_picked":["Weave","Study","CutThroughFate"],"picked":"SKIP","floor":21},{"not_picked":["WaveOfTheHand","Study+1","EmptyBody"],"picked":"SKIP","floor":24},{"not_picked":["CarveReality","InnerPeace+1"],"picked":"DeusExMachina","floor":25},{"not_picked":["Pray","Nirvana","Prostrate+1"],"picked":"SKIP","floor":28},{"not_picked":["Consecrate","JustLucky+1","Evaluate"],"picked":"SKIP","floor":30},{"not_picked":["LessonLearned","Ragnarok"],"picked":"DevaForm","floor":33},{"not_picked":["SashWhip+1","FlurryOfBlows+1","Conclude"],"picked":"SKIP","floor":35},{"not_picked":["Protect+1","Pray","WaveOfTheHand"],"picked":"SKIP","floor":36},{"not_picked":["CarveReality","Prostrate+1","ClearTheMind"],"picked":"SKIP","floor":37},{"not_picked":["FlyingSleeves","EmptyBody+1","ClearTheMind"],"picked":"SKIP","floor":39},{"not_picked":["LessonLearned","Evaluate","CutThroughFate+1"],"picked":"SKIP","floor":40},{"not_picked":["Evaluate","Sanctity"],"picked":"Wallop+1","floor":42},{"not_picked":["ThirdEye+1","MentalFortress","FlyingSleeves"],"picked":"SKIP","floor":45},{"not_picked":["Devotion","SashWhip","WindmillStrike+1"],"picked":"SKIP","floor":46},{"not_picked":["MentalFortress+1","Halt+1"],"picked":"Swivel","floor":54}],"player_experience":872146,"relics_obtained":[{"floor":7.0,"key":"Bronze Scales"},{"floor":9.0,"key":"Centennial Puzzle"},{"floor":12.0,"key":"HornCleat"},{"floor":25,"key":"Bottled Flame"},{"floor":26,"key":"Boot"},{"floor":30,"key":"Dead Branch"},{"floor":38,"key":"Peace Pipe"},{"floor":40,"key":"Ancient Tea Set"},{"floor":41,"key":"Yang"},{"floor":42,"key":"Regal Pillow"},{"floor":43,"key":"Darkstone Periapt"},{"floor":45,"key":"PreservedInsect"},{"floor":54,"key":"Eternal Feather"}],"event_choices":[{"cards_removed":["Strike_P"],"damage_healed":0.0,"max_hp_gain":0.0,"max_hp_loss":0.0,"gold_gain":0.0,"event_name":"The Cleric","player_choice":"Card Removal","floor":3.0,"gold_loss":50.0,"damage_taken":0.0},{"cards_removed":["Strike_P"],"damage_healed":0.0,"max_hp_gain":0.0,"max_hp_loss":0.0,"gold_gain":0.0,"event_name":"Wheel of Change","player_choice":"Card Removal","floor":13.0,"gold_loss":0.0,"damage_taken":0.0},{"damage_healed":0,"gold_gain":0,"player_choice":"Fight","damage_taken":0,"max_hp_gain":0,"max_hp_loss":0,"event_name":"MindBloom","floor":38,"gold_loss":0},{"damage_healed":0,"gold_gain":0,"player_choice":"Memory 1","damage_taken":0,"max_hp_gain":0,"max_hp_loss":0,"event_name":"SensoryStone","floor":48,"gold_loss":0}],"is_beta":true,"boss_relics":[{"not_picked":["Tiny House","Black Star"],"picked":"Snecko Eye"},{"not_picked":["Empty Cage","Velvet Choker"],"picked":"Fusion Hammer"}],"items_purged_floors":[19],"is_endless":false,"potions_floor_spawned":[4,5,7,12,14,21,28,30,33,35,36,42,45,54],"ascension_level":10}}