{"host":"9nqlpswyo8o6ezw3","time":1613443048,"event":{"mods":["Act Like it!","BaseMod","Colored Powertips","Downfall","Hallownest","Hermit","Lobotomy","LobotomyExtend","Marisa????????","Minty Spire (QoL Compilation)","StSLib","The Bug Knight","The Cursed"],"gold_per_floor":[115,45,45,63,63,90,90,90,90,5,17,42,42,42,42,42,42],"floor_reached":16,"language":"ENG","playtime":994,"items_purged":[],"score":108,"play_id":"2f01a1d4-cd45-499e-bc8a-b50c51530555","local_time":"20210215213728","is_ascension_mode":false,"campfire_choices":[{"data":"Infernal Blade","floor":7,"key":"SMITH"},{"floor":13,"key":"REST"},{"floor":15,"key":"REST"}],"circlet_count":0,"master_deck":["Strike_R","Strike_R","Strike_R","Strike_R","Strike_R","Defend_R","Defend_R","Defend_R","Defend_R","Bash","LittleHelper","Intimidate","SingingMachine","Armaments","Alriune","Infernal Blade+1","Clumsy","Parasite","Metallicize","Shrug It Off+1","Power Through","Bloodletting","Dazed","Anger"],"relics":["Burning Blood","CogitoBucket","LetterFromLob","Hallownest:StagBellRelic1","downfall:ExtraCursedKey","Hallownest:SalubrasBlessingRelic","Sundial","Darkstone Periapt","Dream Catcher","MagicBullet_r"],"acts_visited":["Hallownest:Greenpath"],"potions_floor_usage":[],"damage_taken":[{"damage":1,"enemies":"Hallownest:2_Baldur","floor":1,"turns":5},{"damage":0,"enemies":"Hallownest:monsterHuskWarrior","floor":4,"turns":4},{"damage":7,"enemies":"Hallownest:eliteVengeflyKing","floor":6,"turns":7},{"damage":0,"enemies":"Hallownest:monsterHuskGuard","floor":8,"turns":1},{"damage":18,"enemies":"Hallownest:Guard_and_Warrior","floor":11,"turns":6},{"damage":24,"enemies":"Hallownest:eliteMossKnight","floor":12,"turns":6},{"damage":64,"enemies":"Hallownest:BossFalseKnight","floor":16,"turns":10}],"seed_played":"-5995949270703075650","potions_obtained":[{"floor":1,"key":"sneckomod:MuddlingPotion"},{"floor":4,"key":"Guardian:BlockOnCardUsePotion"}],"is_trial":false,"path_per_floor":["M","?","?","M","?","E","R","M","T","$","M","E","R","?","R","B"],"character_chosen":"IRONCLAD","items_purchased":["Metallicize","Shrug It Off"],"campfire_rested":2,"item_purchase_floors":[10,10],"current_hp_per_floor":[80,80,80,80,80,79,79,80,80,80,68,50,76,32,58,0,0],"gold":42,"neow_bonus":"","is_daily":false,"chose_seed":false,"campfire_upgraded":1,"win_rate":0.0,"timestamp":1613443048,"path_taken":["M","?","?","M","?","E","R","M","T","$","M","E","R","?","R","BOSS"],"items_purchased_type":["Card","Card"],"build_version":"2020-12-22","purchased_purges":0,"victory":false,"max_hp_per_floor":[80,80,80,80,80,80,80,80,80,80,80,80,82,82,84,84,84],"card_choices":[{"not_picked":["GalaxyChild","Scorched"],"picked":"LittleHelper","floor":1},{"not_picked":["Burning Pact","Thunderclap"],"picked":"Intimidate","floor":1},{"not_picked":["CrumblingArmor","Murderer"],"picked":"SingingMachine","floor":4},{"not_picked":["Body Slam","Second Wind"],"picked":"Armaments","floor":4},{"not_picked":["DreamingCurrent","ShyLook"],"picked":"Alriune","floor":6},{"not_picked":["Second Wind","Sever Soul"],"picked":"Infernal Blade","floor":6},{"not_picked":["Offering","Body Slam","Thunderclap"],"picked":"SKIP","floor":8},{"not_picked":["VoidDream","Murderer","Scarecrow"],"picked":"Singing Bowl","floor":11},{"not_picked":["Headbutt","Cleave"],"picked":"Power Through","floor":11},{"not_picked":["Thunderclap","Perfected Strike"],"picked":"Bloodletting","floor":12},{"not_picked":["Intimidate","Shrug It Off"],"picked":"Thunderclap","floor":13},{"not_picked":["Headbutt","Inflame"],"picked":"Anger","floor":15}],"player_experience":46478,"relics_obtained":[{"floor":1,"key":"LetterFromLob"},{"floor":6,"key":"Sundial"},{"floor":9,"key":"Darkstone Periapt"},{"floor":12,"key":"Dream Catcher"}],"event_choices":[],"is_beta":false,"boss_relics":[],"items_purged_floors":[],"is_endless":false,"potions_floor_spawned":[1,4],"killed_by":"Hallownest:BossFalseKnight","ascension_level":0}}