{"host":"9rqk712yu6s3287p","time":1613451864,"event":{"mods":["ATMod(°¢èªMod)","Act Like it!","BaseMod","CapriCore","Chen","Gensokyo","Googly Eyes","Marisa£¨ìFÓê¡¡Ä§ÀíÉ³£©","Minty Spire (QoL Compilation)","MostiFishMod","Onozuka Komachi Mod","Reimu£¨²©ÀöÁéÃÎ£©","Remilia_Scarlet Moed£¨ÀÙÃ×ÀòÑÇ¡¤Ë¹¿¨À×ÌØ£©3.3.5","Remilia£¨ÀÙÃ×ÀòÑÇ£©","RumiaBox-Â¶Ã×æ«µÄÉñÃØºÐ×Ó","StSLib","The Administrix","The Immortal","The Servant 0.9.4","Yakumo Yukari mod","Youmu£¨»êÆÇÑýÃÎ£©","Yuyuko","¡¾ÒÅÎï¿¨ÅÆ¡¿REMEMod"],"gold_per_floor":[141,180,237,279,312,414,516,603,676,751,784,862,916,1018,1018,1309,1309,1348,1384,1444,1501,1546,1633,1717,1813,1825,1918,2011,2113,2203,2257,2269,2281,2281],"floor_reached":33,"language":"ZHS","playtime":1480,"items_purged":[],"score":903,"play_id":"6481f574-8b19-4fef-aee5-f765b6810bb1","local_time":"20210216130424","daily_mods":["Shiny","Vintage","Heirloom","Time Dilation","Flight","DeadlyEvents","Elite Swarm","Lethality","Midas","Binary"],"is_ascension_mode":true,"campfire_choices":[{"floor":15.0,"key":"RECALL"},{"data":"BloodRain+1","floor":32,"key":"PURGE"}],"circlet_count":0,"master_deck":["TricksterDevil+1","BatForm+1","ForecastOfChange+1","CurseOfVladTepes+1","ScarletMeister+1","QueenOfMidnight+1","BloodyHallows+1","HeartBreak+1","EquivalentExchange+1","KillingBlow+1","BloodyCatastrophe+1","ChaoticDestiny+1","BloodySeventeenLaser+1","HellCatastrophe+1","ScarletCoffin+1","DemonKingCradle+1","TransientEternity+1","CeilingFear+1"],"relics":["Snecko Eye","Busted Crown","AT_ATBox","DaveBox","REME_ComplimentaryCards","MoreBug","HereWithMe","Ancient Tea Set","Vajra","SynthV:TestCard","Bottled Flame","Lizard Tail","AT_RedTearstoneRing","AT_EbonyIvory","Bronze Scales","War Paint","Pen Nib","Bottled Tornado","Bag of Marbles","Darkstone Periapt","AT_ChloranthyRing","CrazyTorch:ReiMu","StrikeDummy","MagicDraw3","SecretRecord","MagicDraw2","White Beast Statue","Tiny Chest","Pantograph","Ginger","Pear","Eternal Feather","Akabeko","GodSword3","GodSword7","REME_HourglassOfDeath","AT_ForceNature","Molten Egg 2","InkBottle","GodSword5","SynthV:C4","ChiXiaoBlade","HornCleat","GodSword1","Lantern","Nunchaku","DaCapo","Peace Pipe","Matryoshka","Strawberry","Mercury Hourglass","Happy Flower","Tea:ReiMu","Gremlin Horn","Dream Catcher","Mastiff:ReiMu","REME_HandOfSuture","MawBank","MagicDraw4","Orichalcum","REME_PuzzleBoxRelic","GodSword4","AT_ArchangelStaff","AT_SunfireAegis","Bag of Preparation","Girya","CaptainsWheel","Whetstone","Toxic Egg 2","AT_GuinsooRageblade"],"acts_visited":["Exordium","TheCity"],"potions_floor_usage":[25,28,29],"damage_taken":[{"damage":10.0,"enemies":"Small Slimes","floor":1.0,"turns":2.0},{"damage":4.0,"enemies":"Jaw Worm","floor":2.0,"turns":4.0},{"damage":6.0,"enemies":"Cultist","floor":3.0,"turns":3.0},{"damage":4.0,"enemies":"3 Louse","floor":4.0,"turns":2.0},{"damage":0.0,"enemies":"Large Slime","floor":5.0,"turns":4.0},{"damage":5.0,"enemies":"Lagavulin","floor":6.0,"turns":2.0},{"damage":3.0,"enemies":"Gremlin Nob","floor":7.0,"turns":3.0},{"damage":6.0,"enemies":"Lagavulin","floor":8.0,"turns":3.0},{"damage":4.0,"enemies":"3 Sentries","floor":10.0,"turns":4.0},{"damage":0.0,"enemies":"2 Fungi Beasts","floor":11.0,"turns":2.0},{"damage":4.0,"enemies":"Lagavulin","floor":12.0,"turns":3.0},{"damage":8.0,"enemies":"Exordium Thugs","floor":13.0,"turns":2.0},{"damage":2.0,"enemies":"3 Sentries","floor":14.0,"turns":3.0},{"damage":3.0,"enemies":"The Guardian","floor":16.0,"turns":2.0},{"damage":0.0,"enemies":"Chosen","floor":18.0,"turns":1.0},{"damage":0,"enemies":"3 Byrds","floor":19,"turns":1},{"damage":0,"enemies":"Snecko","floor":20,"turns":1},{"damage":0,"enemies":"Centurion and Healer","floor":21,"turns":1},{"damage":0,"enemies":"Chosen and Byrds","floor":22,"turns":2},{"damage":0,"enemies":"Slavers","floor":23,"turns":2},{"damage":0,"enemies":"Book of Stabbing","floor":24,"turns":1},{"damage":0,"enemies":"REME_1_Revenger","floor":25,"turns":1},{"damage":0,"enemies":"Book of Stabbing","floor":27,"turns":1},{"damage":0,"enemies":"Slavers","floor":28,"turns":2},{"damage":0,"enemies":"Gremlin Leader","floor":29,"turns":1},{"damage":0,"enemies":"Book of Stabbing","floor":30,"turns":1},{"damage":0,"enemies":"Snake Plant","floor":31,"turns":1},{"damage":0,"enemies":"Champ","floor":33,"turns":1}],"seed_played":"5386554064679741376","potions_obtained":[{"floor":1.0,"key":"Weak Potion"},{"floor":1.0,"key":"Swift Potion"},{"floor":1.0,"key":"Explosive Potion"},{"floor":4.0,"key":"DistilledChaos"},{"floor":4.0,"key":"LiquidBronze"},{"floor":5.0,"key":"LiquidMemories"},{"floor":6.0,"key":"DuplicationPotion"},{"floor":7.0,"key":"Energy Potion"},{"floor":10.0,"key":"EntropicBrew"},{"floor":10.0,"key":"Regen Potion"},{"floor":11.0,"key":"MagicPotion:ReiMu"},{"floor":13.0,"key":"Dexterity Potion"},{"floor":16.0,"key":"SteroidPotion"},{"floor":18.0,"key":"SteroidPotion"},{"floor":23,"key":"Swift Potion"},{"floor":24,"key":"LiquidMemories"},{"floor":25,"key":"Fruit Juice"},{"floor":28,"key":"GamblersBrew"},{"floor":28,"key":"Dexterity Potion"},{"floor":31,"key":"GrandPatriotsElixir:ReiMu"}],"is_trial":true,"path_per_floor":["M","M","M","M","M","E","E","E","T","E","M","E","M","E","R","B",null,"M","M","M","M","M","E","E","E","T","E","E","E","E","M","R","B"],"character_chosen":"REMILIA","items_purchased":[],"campfire_rested":0,"item_purchase_floors":[],"current_hp_per_floor":[69,69,73,73,73,75,72,75,75,75,85,81,77,77,85,84,85,85,85,85,92,92,92,92,97,97,97,97,97,97,97,97,97,97],"gold":2281,"neow_bonus":"","is_daily":false,"chose_seed":false,"campfire_upgraded":0,"win_rate":0.0,"timestamp":1613451864,"path_taken":["M","M","M","M","M","E","E","E","T","E","M","E","M","E","R","BOSS","M","M","M","M","M","E","E","E","T","E","E","E","E","M","R","BOSS"],"items_purchased_type":[],"build_version":"2020-12-22","purchased_purges":0,"victory":false,"max_hp_per_floor":[75,75,75,75,75,75,75,75,75,75,85,85,85,85,85,85,85,85,85,85,92,92,92,92,97,97,97,97,97,97,97,97,97,97],"card_choices":[{"not_picked":["BloodRain","TricksterDevil"],"picked":"SKIP","floor":6.0},{"not_picked":["BloodyHallows","EquivalentExchange"],"picked":"SKIP","floor":7.0},{"not_picked":["BloodyHallows","EquivalentExchange"],"picked":"SKIP","floor":7.0},{"not_picked":["TransientEternity","BloodySeventeenLaser"],"picked":"SKIP","floor":8.0},{"not_picked":["EquivalentExchange","CeilingFear"],"picked":"SKIP","floor":10.0},{"not_picked":["BloodySeventeenLaser","CurseOfVladTepes"],"picked":"SKIP","floor":12.0},{"not_picked":["ScarletMeister","BloodySeventeenLaser+1"],"picked":"SKIP","floor":14.0},{"not_picked":["CurseOfVladTepes","KillingBlow+1"],"picked":"SKIP","floor":23},{"not_picked":["ForecastOfChange+1","BloodyHallows"],"picked":"SKIP","floor":24},{"not_picked":["CeilingFear","BloodRain"],"picked":"SKIP","floor":25},{"not_picked":["CeilingFear","DemonKingCradle"],"picked":"SKIP","floor":27},{"not_picked":["BloodRain","ScarletMeister"],"picked":"SKIP","floor":28},{"not_picked":["TricksterDevil","BatForm"],"picked":"SKIP","floor":29},{"not_picked":["TransientEternity","QueenOfMidnight"],"picked":"SKIP","floor":30}],"player_experience":521062,"relics_obtained":[{"floor":1.0,"key":"Ancient Tea Set"},{"floor":1.0,"key":"Vajra"},{"floor":1.0,"key":"SynthV:TestCard"},{"floor":1.0,"key":"Bottled Flame"},{"floor":2.0,"key":"Lizard Tail"},{"floor":2.0,"key":"AT_RedTearstoneRing"},{"floor":3.0,"key":"AT_EbonyIvory"},{"floor":3.0,"key":"Bronze Scales"},{"floor":4.0,"key":"War Paint"},{"floor":4.0,"key":"Pen Nib"},{"floor":4.0,"key":"Bottled Tornado"},{"floor":5.0,"key":"Bag of Marbles"},{"floor":5.0,"key":"Darkstone Periapt"},{"floor":5.0,"key":"AT_ChloranthyRing"},{"floor":6.0,"key":"CrazyTorch:ReiMu"},{"floor":6.0,"key":"StrikeDummy"},{"floor":7.0,"key":"MagicDraw3"},{"floor":7.0,"key":"SecretRecord"},{"floor":8.0,"key":"MagicDraw2"},{"floor":8.0,"key":"White Beast Statue"},{"floor":10.0,"key":"Tiny Chest"},{"floor":10.0,"key":"Pantograph"},{"floor":10.0,"key":"Ginger"},{"floor":11.0,"key":"Pear"},{"floor":11.0,"key":"Eternal Feather"},{"floor":11.0,"key":"Akabeko"},{"floor":12.0,"key":"GodSword3"},{"floor":12.0,"key":"GodSword7"},{"floor":13.0,"key":"REME_HourglassOfDeath"},{"floor":13.0,"key":"AT_ForceNature"},{"floor":13.0,"key":"Molten Egg 2"},{"floor":14.0,"key":"InkBottle"},{"floor":14.0,"key":"GodSword5"},{"floor":16.0,"key":"SynthV:C4"},{"floor":18.0,"key":"HornCleat"},{"floor":18.0,"key":"GodSword1"},{"floor":19,"key":"Lantern"},{"floor":19,"key":"Nunchaku"},{"floor":20,"key":"DaCapo"},{"floor":20,"key":"Peace Pipe"},{"floor":21,"key":"Matryoshka"},{"floor":21,"key":"Strawberry"},{"floor":22,"key":"Mercury Hourglass"},{"floor":22,"key":"Happy Flower"},{"floor":22,"key":"Tea:ReiMu"},{"floor":23,"key":"Gremlin Horn"},{"floor":23,"key":"Dream Catcher"},{"floor":24,"key":"Mastiff:ReiMu"},{"floor":24,"key":"REME_HandOfSuture"},{"floor":25,"key":"MawBank"},{"floor":25,"key":"MagicDraw4"},{"floor":26,"key":"Orichalcum"},{"floor":26,"key":"REME_PuzzleBoxRelic"},{"floor":27,"key":"GodSword4"},{"floor":27,"key":"AT_ArchangelStaff"},{"floor":28,"key":"AT_SunfireAegis"},{"floor":28,"key":"Bag of Preparation"},{"floor":28,"key":"Girya"},{"floor":29,"key":"CaptainsWheel"},{"floor":30,"key":"Whetstone"},{"floor":31,"key":"Toxic Egg 2"},{"floor":31,"key":"AT_GuinsooRageblade"}],"event_choices":[],"is_beta":false,"boss_relics":[{"not_picked":["FixedStarFall","REME_ChargedStone"],"picked":"ChiXiaoBlade"}],"items_purged_floors":[],"is_endless":false,"potions_floor_spawned":[1,6,7,10,11,12,13,14,16,18,19,20,21,22,23,24,25,27,28,29,30,31],"killed_by":"Champ","ascension_level":1}}