{"host":"ggy1mjjy92c62u6a","time":1613487784,"event":{"mods":["10 clothes from DAL","ATMod(阿瑾Mod)","Act Like it!","BaseMod","Colored Powertips","GifTheSpireLib","Infinite Spire","Library of Ruina","Library of Ruina Extra","Lobotomy","LobotomyExtend","Minty Spire (QoL Compilation)","Quick Restart","Relic Filter Mod","Relic Stats","Reliquary","Replay The Spire","RumiaBox-露米娅的神秘盒子","Shop Mod","Spicy Shops","StSLib","SuperFastMode","TestMod","[功能]功能增强和修复MOD","【功能Mod】混沌之环修复补丁","【遗物Mod】死灵法师NEW","【遗物卡牌】REMEMod"],"gold_per_floor":[110,328,346,346,521,548,576,576,625,625,625,625,625,603,603,708,708,723,723,723,44,61,61,61,61,138,154,253,272,272,272,272,272,272,308,103,141,85,85,85,85,85,131,131,17,17,31,48,48,48,48],"floor_reached":52,"language":"ZHS","playtime":994,"items_purged":["Strike_R","Defend_R","Strike_R","Strike_R"],"score":692,"play_id":"23568b15-ad74-4e9e-b1f3-27312c896baa","local_time":"20210216230304","is_ascension_mode":false,"campfire_choices":[{"data":"HalloweenModCandy","floor":11.0,"key":"SMITH"},{"data":"AT_DarkMatter","floor":13.0,"key":"SMITH"},{"floor":15.0,"key":"DIG"},{"floor":23.0,"key":"REST"},{"floor":25.0,"key":"REST"},{"floor":30.0,"key":"REST"},{"floor":32.0,"key":"REST"},{"floor":40,"key":"REST"},{"floor":42,"key":"REST"},{"floor":44,"key":"REST"}],"circlet_count":0,"master_deck":["Strike_R","Strike_R","Defend_R","Defend_R+1","Defend_R","Bash","AT_DarkMatter+1","HalloweenModCandy+1","HalloweenModTrick","HalloweenModTrick","Strike_R","HalloweenModTrick","HalloweenModTrick+1","HalloweenModTrick","testmod-BackupPower+1","Hemogenesis","HalloweenModTrick+1"],"relics":["Burning Blood","REME_ComplimentaryCards","AT_ATBox","testmod-TestBox","CogitoBucket","HalloweenModHalloween","Blue Candle","LetterFromLob","ZombieArmy","reliquary:Boomerang","AT_BellDemon","Ginger","infinitespire:CursedDice","EasyGame_NEW","Fusion Hammer","MerchantsRug","Happy Flower","DALC_FOUR","Centennial Puzzle","testmod-Justice","Juzu Bracelet","Potion Belt","Baka2","PageOfSingingMachine","testmod-NegativeEmotionEnhancer","infinitespire:EvilPickle","War Paint","Centennial Puzzle","reliquary:Knoch","Membership Card","reliquary:Vitrine","AT_ChloranthyRing"],"acts_visited":["Exordium","TheCity","TheBeyond"],"potions_floor_usage":[50,50,50],"damage_taken":[{"damage":6.0,"enemies":"Jaw Worm","floor":1.0,"turns":2.0},{"damage":6.0,"enemies":"2 Louse","floor":2.0,"turns":3.0},{"damage":24.0,"enemies":"Small Slimes","floor":3.0,"turns":7.0},{"damage":0.0,"enemies":"3 Sentries","floor":7.0,"turns":2.0},{"damage":26.0,"enemies":"Red Slaver","floor":14.0,"turns":2.0},{"damage":0.0,"enemies":"Fading Forest","floor":16.0,"turns":4.0},{"damage":0.0,"enemies":"2 Thieves","floor":18.0,"turns":1.0},{"damage":10.0,"enemies":"3 Byrds","floor":22.0,"turns":2.0},{"damage":11.0,"enemies":"Snecko","floor":27.0,"turns":3.0},{"damage":1.0,"enemies":"Snake Plant","floor":29.0,"turns":2.0},{"damage":29.0,"enemies":"Pondfish","floor":33.0,"turns":4.0},{"damage":42.0,"enemies":"3 Darklings","floor":35.0,"turns":2.0},{"damage":34,"enemies":"infinitespire:Three Voidlings","floor":41,"turns":3},{"damage":6,"enemies":"3 Shapes","floor":47,"turns":1},{"damage":60,"enemies":"3 Darklings","floor":48,"turns":3},{"damage":69,"enemies":"Replay:Hell Engine","floor":50,"turns":3}],"seed_played":"-6821281849271262433","potions_obtained":[{"floor":1.0,"key":"DuplicationPotion"},{"floor":16.0,"key":"PowerPotion"},{"floor":22.0,"key":"Strength Potion"},{"floor":29.0,"key":"ColorlessPotion"},{"floor":33.0,"key":"AttackPotion"},{"floor":37.0,"key":"testmod-SpacePotion"},{"floor":37.0,"key":"LiquidMemories"},{"floor":37.0,"key":"Milkshake"},{"floor":48,"key":"Cursed Concoction"}],"is_trial":false,"path_per_floor":["M","M","M","?","?","T","E","M","T","?","R","?","R","M","R","B",null,"M","AVR","?","$","M","R","?","R","T","M","?","M","R","?","R","B",null,"M","$","?","$","?","R","?","R","T","R","$","?","M","M","R","B",null,null],"character_chosen":"IRONCLAD","items_purchased":["MerchantsRug","Happy Flower","DALC_FOUR","testmod-BackupPower","AT_ShrugMaster","Membership Card"],"campfire_rested":7,"item_purchase_floors":[21,21,21,21,38,45],"current_hp_per_floor":[80,80,70,63,63,63,69,69,69,69,69,69,69,49,49,67,80,80,80,74,74,70,80,60,80,80,75,75,80,80,65,85,66,85,54,54,33,33,33,58,42,68,68,87,87,87,88,41,67,11,11],"gold":48,"neow_bonus":"","is_daily":false,"chose_seed":false,"campfire_upgraded":2,"win_rate":0.0,"timestamp":1613487784,"path_taken":["M","M","M","?","?","?","E","?","T","?","R","?","R","M","R","BOSS","M","AVR","?","$","?","R","?","R","T","M","?","M","R","?","R","BOSS","M","?","?","?","?","R","?","R","T","R","?","?","M","M","R","BOSS"],"items_purchased_type":["Relic","Relic","Relic","Card","Card","Relic"],"build_version":"2020-12-22","purchased_purges":4,"victory":true,"max_hp_per_floor":[80,80,80,80,80,80,80,80,80,80,80,80,80,80,80,80,80,80,80,80,80,80,80,80,80,80,80,80,80,80,85,85,85,85,86,86,86,86,86,86,87,87,87,87,87,87,88,89,89,90,90],"relic_stats":{"Centennial Puzzle":[23],"Happy Flower":[8],"counters":[18,46],"Blue Candle":[5],"Juzu Bracelet":1,"Ginger":[8],"War Paint":["Defend_R","testmod-BackupPower"],"obtain_stats":[{"AT_BellDemon":9,"AT_ATBox":0,"reliquary:Boomerang":7,"HalloweenModHalloween":0,"Juzu Bracelet":27,"testmod-NegativeEmotionEnhancer":34,"Ginger":14,"PageOfSingingMachine":33,"Burning Blood":0,"CogitoBucket":0,"Centennial Puzzle":22,"Baka2":29,"Fusion Hammer":19,"reliquary:Vitrine":47,"ZombieArmy":6,"Potion Belt":29,"AT_ChloranthyRing":48,"MerchantsRug":21,"testmod-TestBox":0,"Happy Flower":21,"infinitespire:CursedDice":15,"Blue Candle":0,"Baka":1,"testmod-Justice":26,"War Paint":35,"infinitespire:EvilPickle":34,"DALC_FOUR":21,"LetterFromLob":1,"reliquary:Knoch":43,"Membership Card":45,"EasyGame_NEW":17,"REME_ComplimentaryCards":0},{"AT_BellDemon":4,"AT_ATBox":0,"reliquary:Boomerang":4,"HalloweenModHalloween":0,"Juzu Bracelet":10,"testmod-NegativeEmotionEnhancer":12,"Ginger":5,"PageOfSingingMachine":12,"Burning Blood":0,"CogitoBucket":0,"Centennial Puzzle":9,"Baka2":11,"Fusion Hammer":8,"reliquary:Vitrine":16,"ZombieArmy":3,"Potion Belt":11,"AT_ChloranthyRing":17,"MerchantsRug":8,"testmod-TestBox":0,"Happy Flower":8,"infinitespire:CursedDice":5,"Blue Candle":0,"Baka":1,"testmod-Justice":9,"War Paint":14,"infinitespire:EvilPickle":12,"DALC_FOUR":8,"LetterFromLob":1,"reliquary:Knoch":15,"Membership Card":15,"EasyGame_NEW":6,"REME_ComplimentaryCards":0},{"AT_BellDemon":14,"AT_ATBox":0,"reliquary:Boomerang":14,"HalloweenModHalloween":0,"Juzu Bracelet":27,"testmod-NegativeEmotionEnhancer":33,"Ginger":16,"PageOfSingingMachine":33,"Burning Blood":0,"CogitoBucket":0,"Centennial Puzzle":24,"Baka2":29,"Fusion Hammer":22,"reliquary:Vitrine":40,"ZombieArmy":12,"Potion Belt":29,"AT_ChloranthyRing":43,"MerchantsRug":22,"testmod-TestBox":0,"Happy Flower":22,"infinitespire:CursedDice":16,"Blue Candle":0,"Baka":2,"testmod-Justice":24,"War Paint":36,"infinitespire:EvilPickle":33,"DALC_FOUR":22,"LetterFromLob":2,"reliquary:Knoch":39,"Membership Card":39,"EasyGame_NEW":20,"REME_ComplimentaryCards":0}],"Burning Blood":83},"card_choices":[{"not_picked":["HalloweenModGhostCostume","HalloweenModTrick"],"picked":"HalloweenModCandy","floor":1.0},{"not_picked":["HalloweenModGhostCostume","HalloweenModCandy"],"picked":"HalloweenModTrick","floor":2.0},{"not_picked":["HalloweenModCandy","HalloweenModGhostCostume"],"picked":"HalloweenModTrick","floor":3.0},{"not_picked":["HalloweenModCandy","HalloweenModGhostCostume"],"picked":"HalloweenModTrick","floor":7.0},{"not_picked":["HalloweenModGhostCostume","HalloweenModCandy"],"picked":"HalloweenModTrick","floor":14.0},{"not_picked":["HalloweenModCandy","HalloweenModGhostCostume"],"picked":"HalloweenModTrick","floor":18.0},{"not_picked":["HalloweenModTrick","HalloweenModGhostCostume+1","HalloweenModCandy+1"],"picked":"SKIP","floor":22.0},{"not_picked":["HalloweenModGhostCostume","HalloweenModTrick","HalloweenModCandy"],"picked":"SKIP","floor":27.0},{"not_picked":["HalloweenModCandy","HalloweenModGhostCostume","HalloweenModTrick"],"picked":"SKIP","floor":29.0},{"not_picked":["HalloweenModGhostCostume+1","HalloweenModCandy+1","HalloweenModTrick"],"picked":"SKIP","floor":35.0},{"not_picked":["AT_DrawKnifeCut+1","Iron Wave"],"picked":"Hemogenesis","floor":37.0},{"not_picked":["HalloweenModGhostCostume","HalloweenModCandy","HalloweenModTrick+1"],"picked":"SKIP","floor":47},{"not_picked":["HalloweenModCandy+1","HalloweenModGhostCostume+1"],"picked":"HalloweenModTrick+1","floor":48}],"player_experience":145660,"relics_obtained":[{"floor":1.0,"key":"Baka"},{"floor":1.0,"key":"LetterFromLob"},{"floor":6.0,"key":"ZombieArmy"},{"floor":7.0,"key":"reliquary:Boomerang"},{"floor":9.0,"key":"AT_BellDemon"},{"floor":14.0,"key":"Ginger"},{"floor":15.0,"key":"infinitespire:CursedDice"},{"floor":22.0,"key":"Centennial Puzzle"},{"floor":26.0,"key":"testmod-Justice"},{"floor":27.0,"key":"Juzu Bracelet"},{"floor":29.0,"key":"Potion Belt"},{"floor":29.0,"key":"Baka2"},{"floor":33.0,"key":"PageOfSingingMachine"},{"floor":35.0,"key":"War Paint"},{"floor":35.0,"key":"Centennial Puzzle"},{"floor":43,"key":"reliquary:Knoch"},{"floor":47,"key":"reliquary:Vitrine"},{"floor":48,"key":"AT_ChloranthyRing"}],"event_choices":[{"damage_healed":0.0,"max_hp_gain":0.0,"max_hp_loss":0.0,"gold_gain":175.0,"event_name":"Liars Game","player_choice":"AGREE","floor":5.0,"gold_loss":0.0,"damage_taken":0.0,"cards_obtained":["Doubt"]},{"cards_removed":["Doubt"],"damage_healed":0.0,"max_hp_gain":0.0,"max_hp_loss":0.0,"gold_gain":0.0,"event_name":"Fountain of Cleansing","player_choice":"Removed Curses","floor":12.0,"gold_loss":0.0,"damage_taken":0.0},{"damage_healed":0.0,"max_hp_gain":0.0,"max_hp_loss":0.0,"gold_gain":0.0,"event_name":"Knowing Skull","player_choice":"","floor":20.0,"potions_obtained":[],"gold_loss":0.0,"damage_taken":6.0,"cards_obtained":[]},{"damage_healed":0.0,"max_hp_gain":0.0,"max_hp_loss":0.0,"gold_gain":99.0,"event_name":"Nest","player_choice":"Stole From Cult","floor":28.0,"gold_loss":0.0,"damage_taken":0.0},{"damage_healed":0.0,"max_hp_gain":5.0,"max_hp_loss":0.0,"gold_gain":0.0,"event_name":"Forgotten Altar","player_choice":"Shed Blood","floor":31.0,"gold_loss":0.0,"damage_taken":20.0},{"damage_healed":0,"gold_gain":0,"player_choice":"Ignored","damage_taken":0,"max_hp_gain":0,"max_hp_loss":0,"event_name":"Mysterious Sphere","floor":39,"gold_loss":0},{"damage_healed":0,"gold_gain":0,"player_choice":"Ignored","damage_taken":0,"max_hp_gain":0,"max_hp_loss":0,"event_name":"SecretPortal","floor":46,"gold_loss":0}],"is_beta":false,"boss_relics":[{"not_picked":["testmod-DreamHouse","REME_DuelDisc"],"picked":"EasyGame_NEW"},{"not_picked":["testmod-Fanaticism","Philosopher\u0027s Stone"],"picked":"testmod-NegativeEmotionEnhancer"}],"items_purged_floors":[19,21,36,36],"is_endless":false,"potions_floor_spawned":[1,16,22,29,33,48,48],"ascension_level":0}}