{"host":"1eshbq9n813iloto","time":1613438146,"event":{"mods":["BaseMod","Better Third Choice","Hubris","Infinite Spire","Lobotomy","LobotomyExtend","Minty Spire (QoL Compilation)","StSLib"],"gold_per_floor":[118,138,157,167,186,186,212,212,212,245,263,263,279,354,354,451,451,470,470,470,487,487,515,525,525,525,525,542,554,653,668,668,668,668],"floor_reached":33,"language":"ENG","playtime":3001,"items_purged":["Normality"],"score":281,"play_id":"fb5caa7b-076c-4361-af62-745a6d7f7099","local_time":"20210215201546","is_ascension_mode":false,"campfire_choices":[{"floor":6,"key":"REST"},{"floor":8,"key":"REST"},{"floor":15,"key":"REST"},{"data":"Crippling Poison","floor":25,"key":"SMITH"},{"floor":27,"key":"REST"},{"floor":32,"key":"REST"}],"circlet_count":0,"master_deck":["Strike_G","Strike_G","Strike_G","Strike_G","Strike_G","Defend_G","Defend_G","Defend_G","Defend_G","Defend_G","Survivor","Neutralize","Skewer","Footwork","Dagger Spray","Poisoned Stab","Outmaneuver","Adrenaline","Backflip","infinitespire:Collect","Burst","Envenom+1","Well Laid Plans+1","Crippling Poison+1","Dagger Spray+1","Burst","Dash+1"],"relics":["Cursed Key","LetterFromLob","Molten Egg 2","infinitespire:ShieldingShard","Bag of Preparation","WristBlade","WingedGreaves","hubris:64BitClover"],"acts_visited":["Exordium","TheCity"],"potions_floor_usage":[5,10,10,11,16,28,31],"damage_taken":[{"damage":10,"enemies":"Jaw Worm","floor":1,"turns":6},{"damage":10,"enemies":"Small Slimes","floor":2,"turns":3},{"damage":0,"enemies":"2 Louse","floor":3,"turns":3},{"damage":10,"enemies":"Exordium Wildlife","floor":4,"turns":7},{"damage":2,"enemies":"Large Slime","floor":5,"turns":4},{"damage":29,"enemies":"Lagavulin","floor":7,"turns":7},{"damage":8,"enemies":"3 Sentries","floor":10,"turns":7},{"damage":0,"enemies":"Gremlin Gang","floor":11,"turns":1},{"damage":0,"enemies":"3 Louse","floor":13,"turns":2},{"damage":24,"enemies":"Hexaghost","floor":16,"turns":16},{"damage":12,"enemies":"3 Byrds","floor":18,"turns":5},{"damage":0,"enemies":"Chosen","floor":21,"turns":4},{"damage":12,"enemies":"Book of Stabbing","floor":23,"turns":7},{"damage":0,"enemies":"Centurion and Healer","floor":24,"turns":5},{"damage":8,"enemies":"Snake Plant","floor":28,"turns":5},{"damage":3,"enemies":"Sentry and Sphere","floor":29,"turns":6},{"damage":20,"enemies":"Chosen and Byrds","floor":31,"turns":6},{"damage":65,"enemies":"Collector","floor":33,"turns":7}],"seed_played":"6253309404952944466","potions_obtained":[{"floor":1,"key":"Swift Potion"},{"floor":2,"key":"DistilledChaos"},{"floor":4,"key":"FearPotion"},{"floor":10,"key":"SteroidPotion"},{"floor":11,"key":"LiquidMemories"},{"floor":18,"key":"SkillPotion"},{"floor":23,"key":"Explosive Potion"},{"floor":28,"key":"BlessingOfTheForge"}],"is_trial":false,"path_per_floor":["M","M","M","M","M","R","E","R","T","E","M","?","M","?","R","B",null,"M","AVR","M","M","?","E","M","R","T","R","M","M","?","M","R","B"],"character_chosen":"THE_SILENT","items_purchased":[],"campfire_rested":5,"item_purchase_floors":[],"current_hp_per_floor":[60,50,50,40,38,59,30,51,51,43,43,26,26,15,36,12,70,58,58,58,58,58,46,46,46,46,67,59,56,56,36,57,0,0],"gold":668,"neow_bonus":"BOSS_RELIC","is_daily":false,"chose_seed":false,"campfire_upgraded":1,"win_rate":0.0,"timestamp":1613438146,"path_taken":["M","M","M","M","M","R","E","R","T","E","M","?","M","?","R","BOSS","M","AVR","M","M","?","E","M","R","T","R","M","M","?","M","R","BOSS"],"items_purchased_type":[],"build_version":"2020-12-13","purchased_purges":1,"victory":false,"max_hp_per_floor":[70,70,70,70,70,70,70,70,70,70,70,70,70,70,70,70,70,70,70,70,70,70,70,70,70,70,70,70,70,70,70,70,70,70],"card_choices":[{"not_picked":["Prepared","Finisher"],"picked":"Skewer","floor":1},{"not_picked":["Underhanded Strike","Dodge and Roll"],"picked":"Footwork","floor":2},{"not_picked":["Prepared","Outmaneuver"],"picked":"Dagger Spray","floor":3},{"not_picked":["Choke","Sucker Punch"],"picked":"Poisoned Stab","floor":4},{"not_picked":["Acrobatics","Distraction"],"picked":"Outmaneuver","floor":5},{"not_picked":["Backflip","Prepared"],"picked":"Adrenaline","floor":7},{"not_picked":["Flechettes+1","hubris:Sniper"],"picked":"Backflip","floor":10},{"not_picked":["Quick Slash+1","Dodge and Roll","Slice+1"],"picked":"SKIP","floor":11},{"not_picked":["hubris:Fate","infinitespire:SealOfDarkness+"],"picked":"infinitespire:Collect","floor":12},{"not_picked":["Dash+1","Deflect"],"picked":"Burst","floor":13},{"not_picked":["Glass Knife+1","A Thousand Cuts"],"picked":"Envenom","floor":16},{"not_picked":["Tactician","Underhanded Strike+1","Flying Knee+1"],"picked":"SKIP","floor":18},{"not_picked":["PiercingWail","Deflect+1"],"picked":"Well Laid Plans+1","floor":21},{"not_picked":["Riddle With Holes+1","Expertise"],"picked":"Crippling Poison","floor":23},{"not_picked":["Footwork","Flying Knee+1"],"picked":"Dagger Spray+1","floor":24},{"not_picked":["Finisher+1","Endless Agony+1"],"picked":"Burst","floor":28},{"not_picked":["Flying Knee+1","Predator+1","PiercingWail"],"picked":"SKIP","floor":29},{"not_picked":["Dodge and Roll","Expertise"],"picked":"Dash+1","floor":31}],"player_experience":5286,"relics_obtained":[{"floor":1,"key":"LetterFromLob"},{"floor":7,"key":"Molten Egg 2"},{"floor":9,"key":"infinitespire:ShieldingShard"},{"floor":10,"key":"Bag of Preparation"},{"floor":23,"key":"hubris:64BitClover"}],"event_choices":[{"damage_healed":0,"gold_gain":75,"player_choice":"Gold","damage_taken":11,"max_hp_gain":1,"max_hp_loss":0,"event_name":"betterThird:BetterGoop","floor":14,"gold_loss":0},{"damage_healed":0,"gold_gain":99,"player_choice":"Steal","damage_taken":0,"max_hp_gain":0,"max_hp_loss":0,"event_name":"betterThird:BetterNest","floor":30,"gold_loss":0}],"is_beta":false,"boss_relics":[{"not_picked":["Tiny House","Black Star"],"picked":"WristBlade"}],"items_purged_floors":[19],"is_endless":false,"potions_floor_spawned":[1,2,4,10,11,18,23,28],"killed_by":"Collector","ascension_level":0}}