{"host":"ELF","time":1613479768,"event":{"mods":["BaseMod","Bestiary","Minty Spire (QoL Compilation)","Relic Stats","Slay the Relics Exporter"],"gold_per_floor":[110,24,99,118,118,149,149,168,237,237,237,257,257,257,257,351,351,374,395,0,0,0],"floor_reached":21,"language":"ENG","playtime":592,"items_purged":["Pain"],"score":404,"play_id":"42acb099-0c73-43a0-9c3c-fd1cdf91c488","local_time":"20210216064928","is_ascension_mode":true,"campfire_choices":[{"data":"Infinite Blades","floor":7,"key":"SMITH"},{"data":"Deadly Poison","floor":10,"key":"SMITH"},{"floor":15,"key":"REST"}],"circlet_count":0,"master_deck":["AscendersBane","Survivor","Neutralize","Blade Dance","Infinite Blades+1","Deadly Poison+1","Injury","Dash","Footwork+1","Wraith Form v2","Sucker Punch","All Out Attack","Burst","Choke","Footwork","Cloak And Dagger","Dagger Spray","Footwork","Flechettes","Noxious Fumes","Deflect","Blade Dance"],"relics":["Ring of the Snake","NeowsBlessing","Golden Idol","Potion Belt","Mercury Hourglass","Ice Cream","WarpedTongs","Pandora\u0027s Box","Strange Spoon","Boot"],"acts_visited":["Exordium","TheCity"],"potions_floor_usage":[16,16],"damage_taken":[{"damage":0,"enemies":"Jaw Worm","floor":1,"turns":1},{"damage":0,"enemies":"Small Slimes","floor":4,"turns":1},{"damage":0,"enemies":"Lagavulin","floor":6,"turns":1},{"damage":0,"enemies":"2 Louse","floor":8,"turns":3},{"damage":0,"enemies":"Looter","floor":12,"turns":4},{"damage":11,"enemies":"Slime Boss","floor":16,"turns":7},{"damage":29,"enemies":"3 Byrds","floor":18,"turns":4},{"damage":4,"enemies":"Shell Parasite","floor":19,"turns":5},{"damage":24,"enemies":"Snake Plant","floor":21,"turns":1}],"seed_played":"-5136496392488830706","potions_obtained":[{"floor":1,"key":"Poison Potion"},{"floor":4,"key":"AttackPotion"},{"floor":19,"key":"FearPotion"}],"is_trial":false,"path_per_floor":["M","$","?","M","?","E","R","M","T","R","?","M","?","?","R","B",null,"M","M","$","M"],"character_chosen":"THE_SILENT","items_purchased":["Infinite Blades","Strange Spoon","Boot"],"campfire_rested":1,"item_purchase_floors":[2,20,20],"current_hp_per_floor":[59,59,48,48,48,48,48,48,48,48,28,28,10,10,29,18,54,25,21,21,0,0],"gold":0,"neow_bonus":"THREE_ENEMY_KILL","is_daily":false,"chose_seed":false,"campfire_upgraded":2,"win_rate":0.0,"timestamp":1613479768,"path_taken":["M","$","?","M","?","E","R","M","T","R","?","?","?","?","R","BOSS","M","M","$","M"],"items_purchased_type":["Card","Relic","Relic"],"build_version":"2020-12-18","purchased_purges":1,"victory":false,"max_hp_per_floor":[66,66,66,66,66,66,66,66,66,66,66,66,66,66,66,66,66,66,66,66,66,66],"relic_stats":{"Strange Spoon":[0],"counters":[9,27],"Golden Idol":42,"Pandora\u0027s Box":["Sucker Punch","All Out Attack","Burst","Choke","Footwork","Cloak And Dagger","Dagger Spray","Footwork","Flechettes","Noxious Fumes"],"Boot":[3],"obtain_stats":[{"Potion Belt":6,"Ice Cream":13,"Strange Spoon":20,"NeowsBlessing":0,"Golden Idol":5,"Pandora\u0027s Box":17,"Boot":20,"Ring of the Snake":0,"Mercury Hourglass":9,"WarpedTongs":14},{"Potion Belt":3,"Ice Cream":5,"Strange Spoon":8,"NeowsBlessing":0,"Golden Idol":2,"Pandora\u0027s Box":6,"Boot":8,"Ring of the Snake":0,"Mercury Hourglass":4,"WarpedTongs":5},{"Potion Belt":3,"Ice Cream":10,"Strange Spoon":26,"NeowsBlessing":0,"Golden Idol":2,"Pandora\u0027s Box":17,"Boot":26,"Ring of the Snake":0,"Mercury Hourglass":6,"WarpedTongs":10}],"Ring of the Snake":[18],"Mercury Hourglass":[81],"WarpedTongs":[17]},"card_choices":[{"not_picked":["All Out Attack","Dodge and Roll"],"picked":"Blade Dance","floor":1},{"not_picked":["Bane","Eviscerate"],"picked":"Deadly Poison","floor":4},{"not_picked":["Dagger Spray","Finisher"],"picked":"Dash","floor":6},{"not_picked":["Dagger Throw","Deflect"],"picked":"Footwork","floor":8},{"not_picked":["Tactician","Sucker Punch","Bane"],"picked":"SKIP","floor":12},{"not_picked":["Burst","Unload"],"picked":"Wraith Form v2","floor":16},{"not_picked":["Dagger Spray","Sucker Punch"],"picked":"Deflect","floor":18},{"not_picked":["Endless Agony","Quick Slash"],"picked":"Blade Dance","floor":19}],"player_experience":3449651,"relics_obtained":[{"floor":6,"key":"Potion Belt"},{"floor":9,"key":"Mercury Hourglass"}],"event_choices":[{"damage_healed":0,"gold_gain":75,"player_choice":"Gather Gold","damage_taken":11,"max_hp_gain":0,"max_hp_loss":0,"event_name":"World of Goop","floor":3,"gold_loss":0},{"damage_healed":0,"gold_gain":0,"player_choice":"Take Wound","damage_taken":0,"relics_obtained":["Golden Idol"],"max_hp_gain":0,"max_hp_loss":0,"event_name":"Golden Idol","floor":5,"gold_loss":0,"cards_obtained":["Injury"]},{"damage_healed":0,"gold_gain":0,"player_choice":"Entered Light","damage_taken":20,"max_hp_gain":0,"max_hp_loss":0,"event_name":"Shining Light","floor":11,"gold_loss":0,"cards_upgraded":["Footwork","Defend_G"]},{"damage_healed":0,"gold_gain":0,"player_choice":"Success","damage_taken":18,"relics_obtained":["Ice Cream"],"max_hp_gain":0,"max_hp_loss":0,"event_name":"Scrap Ooze","floor":13,"gold_loss":0},{"damage_healed":0,"gold_gain":0,"player_choice":"Rummage","damage_taken":0,"relics_obtained":["WarpedTongs"],"max_hp_gain":0,"max_hp_loss":0,"event_name":"Accursed Blacksmith","floor":14,"gold_loss":0,"cards_obtained":["Pain"]}],"is_beta":true,"boss_relics":[{"not_picked":["Ring of the Serpent","Runic Dome"],"picked":"Pandora\u0027s Box"}],"items_purged_floors":[20],"is_endless":false,"potions_floor_spawned":[1,4,19],"killed_by":"Snake Plant","ascension_level":20}}