{"host":"dwyzfvnzfcqffr30","time":1613501652,"event":{"mods":["2.2 Compatiblity","Act Like it!","Aspiration","BaseMod","Beaked The Cultist","Better Altar","Better Match","Better Note","Better Sensory Stone","Better Skull","Better Third Choice","Clockwork Mod","Colored Map","Colored Powertips","Conspire","Downfall","Elementarium","GifTheSpireLib","Halation","Hermit","Hubris","Infinite Spire","Ironclad Rager","Jedi Mod","Menagerie","Mimic Mod","Minty Spire (QoL Compilation)","Permanent Neow","Random Character Button","Relic Filter Mod","Reliquary","Replay The Spire","Shapeshifter Mod","Spicy Shops","Spikes Relics","StSLib","Stuff the Spire","The Construct","The Disciple","The Druid","The Marked","TheFirefly","Trackpad","Wandering Minibosses"],"gold_per_floor":[10,26,40,40,63,100,119,119,157,202,235,261,37,68,68,167,167,195,223,123,149,174,174,174],"floor_reached":23,"language":"ENG","playtime":2288,"items_purged":["StSShapeShifter:ShapeShifter_Strike+1","StSShapeShifter:ShapeShifter_Strike+1"],"score":292,"play_id":"b0a65360-1122-4922-83ea-87e38400311e","local_time":"20210216105412","is_ascension_mode":false,"campfire_choices":[{"floor":8,"key":"RECALL"},{"data":"StSShapeShifter:RockSlide+1","floor":15,"key":"SMITH"}],"circlet_count":0,"master_deck":["PlatinumSkin+1","StSShapeShifter:ShapeShifter_Strike+1","StSShapeShifter:ShapeShifter_Strike+1","StSShapeShifter:ShapeShifter_Strike+1","StSShapeShifter:ShapeShifter_Defend+1","StSShapeShifter:ShapeShifter_Defend+1","StSShapeShifter:ShapeShifter_Defend+1","StSShapeShifter:ShapeShifter_Defend+1","StSShapeShifter:ShapeShifter_Defend+1","StSShapeShifter:Tortoise_Form+1","StSShapeShifter:Lynx_Form+1","Apotheosis+1","MasterReality+1","StSShapeShifter:SquirrelForm+1","StSShapeShifter:Wildfire2+1","StSShapeShifter:RockSlide+2","StSShapeShifter:Summer+1","StSShapeShifter:AdaptiveStrikes+1","StSShapeShifter:BurstingSpore+1","StSShapeShifter:BladeOfGrass+1","StSShapeShifter:BarkSkin+1","StSShapeShifter:Summer+1","StSShapeShifter:Flourish+1","StSShapeShifter:BaskInBloom+1"],"relics":["StSShapeShifter:AnimalHeart","StSShapeShifter:TheShapeShiftersMagnolia","Gambling Chip","Toxic Egg 2","Molten Egg 2","Frozen Egg 2","Quantum Egg","infinitespire:EvilPickle","conspire:InfiniteJournal","hubris:TinFlute","Bottled Tornado","MealTicket","CaptainsWheel","ClockworkSouvenir","CherryCoatedStake","StSShapeShifter:LemurHeaddress"],"acts_visited":["Exordium","TheCity"],"potions_floor_usage":[10,12,16,22,23],"damage_taken":[{"damage":0,"enemies":"Cultist","floor":1,"turns":3},{"damage":3,"enemies":"Jaw Worm","floor":2,"turns":3},{"damage":0,"enemies":"infinitespire:Voidling","floor":3,"turns":2},{"damage":0,"enemies":"Exordium Thugs","floor":5,"turns":4},{"damage":2,"enemies":"3 Sentries","floor":6,"turns":5},{"damage":4,"enemies":"Blue Slaver","floor":7,"turns":5},{"damage":1,"enemies":"Exordium Wildlife","floor":9,"turns":4},{"damage":1,"enemies":"Replay:BlueRogue","floor":10,"turns":4},{"damage":0,"enemies":"Exordium Wildlife","floor":11,"turns":3},{"damage":0,"enemies":"2 Fungi Beasts","floor":12,"turns":2},{"damage":0,"enemies":"Lagavulin","floor":14,"turns":5},{"damage":0,"enemies":"Fading Forest","floor":16,"turns":11},{"damage":3,"enemies":"Spheric Guardian","floor":18,"turns":4},{"damage":7,"enemies":"3 Byrds","floor":19,"turns":6},{"damage":13,"enemies":"Snake Plant","floor":21,"turns":5},{"damage":14,"enemies":"Centurion and Healer","floor":22,"turns":5},{"damage":62,"enemies":"Gremlin Leader","floor":23,"turns":4}],"seed_played":"5023713479219513610","potions_obtained":[{"floor":2,"key":"jedi:wingpotion"},{"floor":3,"key":"SteroidPotion"},{"floor":6,"key":"PowerPotion"},{"floor":10,"key":"Adrenaline Potion"},{"floor":16,"key":"hexamod:SoulburnPotion"},{"floor":21,"key":"Ancient Potion"},{"floor":22,"key":"AttackPotion"}],"is_trial":false,"path_per_floor":["M","M","M","$","M","E","M","R","MIM","E","M","M","$","E","R","B",null,"M","M","$","M","M","E"],"character_chosen":"SHAPESHIFTER","items_purchased":["ClockworkSouvenir"],"campfire_rested":0,"item_purchase_floors":[13],"current_hp_per_floor":[78,75,75,75,75,73,69,69,68,67,67,67,78,78,78,78,78,75,70,78,65,53,0,0],"gold":174,"neow_bonus":"ONE_RARE_RELIC","is_daily":false,"chose_seed":false,"campfire_upgraded":1,"win_rate":0.0,"timestamp":1613501652,"path_taken":["M","M","M","?","?","E","?","R","MIM","E","M","M","?","E","R","BOSS","M","M","$","M","M","E"],"items_purchased_type":["Relic"],"build_version":"2020-12-22","purchased_purges":2,"victory":false,"max_hp_per_floor":[78,78,78,78,78,78,78,78,78,78,78,78,78,78,78,78,78,78,78,78,78,78,78,78],"card_choices":[{"not_picked":["StSShapeShifter:IntimidatingAura+1","StSShapeShifter:DeerForm+1"],"picked":"StSShapeShifter:SquirrelForm+1","floor":1},{"not_picked":["StSShapeShifter:Maul+1","StSShapeShifter:FlowerShield+1"],"picked":"StSShapeShifter:Wildfire2+1","floor":2},{"not_picked":["StSShapeShifter:MonkeyForm+1","StSShapeShifter:Roar+1"],"picked":"StSShapeShifter:RockSlide+1","floor":3},{"not_picked":["StSShapeShifter:DeerForm+1","StSShapeShifter:Garden+1"],"picked":"StSShapeShifter:Summer+1","floor":5},{"not_picked":["StSShapeShifter:SunflowerShuriken+1","StSShapeShifter:Efflorescence+1"],"picked":"StSShapeShifter:AdaptiveStrikes+1","floor":6},{"not_picked":["StSShapeShifter:Rest+1","StSShapeShifter:Guard+1"],"picked":"StSShapeShifter:BurstingSpore+1","floor":7},{"not_picked":["StSShapeShifter:BarkSkin+1","StSShapeShifter:Garden+1"],"picked":"StSShapeShifter:BladeOfGrass+1","floor":9},{"not_picked":["StSShapeShifter:Rest+1","StSShapeShifter:DeerForm+1","StSShapeShifter:RatForm+1"],"picked":"SKIP","floor":10},{"not_picked":["StSShapeShifter:EntForm+1","StSShapeShifter:MultiSpiritedStrike+1","StSShapeShifter:OpportuneSwoop+1"],"picked":"SKIP","floor":11},{"not_picked":["StSShapeShifter:Garden+1","StSShapeShifter:SquirrelForm+1"],"picked":"StSShapeShifter:BarkSkin+1","floor":12},{"not_picked":["StSShapeShifter:AdaptiveStrikes+1","StSShapeShifter:VineHandcuffs+1"],"picked":"StSShapeShifter:Summer+1","floor":14},{"not_picked":["StSShapeShifter:SquirrelForm+1","StSShapeShifter:MonkeyForm+1","StSShapeShifter:OakBlade+1"],"picked":"SKIP","floor":18},{"not_picked":["StSShapeShifter:AdaptiveStrikes+1","StSShapeShifter:LeapingSlash+1","StSShapeShifter:ShiftingStrike+1"],"picked":"SKIP","floor":19},{"not_picked":["StSShapeShifter:FlamingoForm+1","StSShapeShifter:BloomingSlash+1"],"picked":"StSShapeShifter:Flourish+1","floor":21},{"not_picked":["StSShapeShifter:BloomingSlash+1","StSShapeShifter:BladeOfGrass+1"],"picked":"StSShapeShifter:BaskInBloom+1","floor":22}],"player_experience":3222858,"relics_obtained":[{"floor":6,"key":"MealTicket"},{"floor":10,"key":"CaptainsWheel"},{"floor":14,"key":"CherryCoatedStake"}],"event_choices":[{"damage_healed":0,"gold_gain":0,"player_choice":"Simplicity","damage_taken":0,"max_hp_gain":0,"max_hp_loss":10,"event_name":"betterThird:BetterWriting","floor":0,"gold_loss":0}],"is_beta":false,"boss_relics":[{"not_picked":["Calling Bell","hubris:HollowSoul"],"picked":"StSShapeShifter:LemurHeaddress"}],"items_purged_floors":[13,20],"is_endless":false,"potions_floor_spawned":[2,3,6,10,14,16,21,22],"killed_by":"Gremlin Leader","ascension_level":0}}