{"host":"ty9fb48q9oru32qm","time":1613504236,"event":{"mods":["2.2 Compatiblity","AchievementEnabler","Act Like it!","Astrologer","BaseMod","Beaked The Cultist","Better Synergies","Block Reminder","Colored Powertips","Conspire","DeckTracker","Downfall","Ekko","Friendly Minions","GifTheSpireLib","Hermit","Hubris","Infinite Spire","Jorbs\u0027s Wanderer Trilogy","Marisa????????","Minty Spire (QoL Compilation)","Permanent Neow","Quick Restart","Random Character Button","Reliquary","Replay The Spire","Somnambulant","StSLib","Stuff the Spire","The Cursed","The Marked","The Runesmith","TheVacant","????"],"gold_per_floor":[116,116,131,131,131,131,149,177,177,177,177,204,214,240,240,337,337,349,349,349],"floor_reached":19,"language":"ENG","playtime":2661,"items_purged":[],"score":204,"play_id":"bddfbb0a-c813-41d7-ad9b-8b2be586a3a9","local_time":"20210216203716","is_ascension_mode":true,"campfire_choices":[{"data":"beaked:Ceremony","floor":6,"key":"SMITH"},{"floor":15,"key":"REST"}],"circlet_count":0,"master_deck":["beaked:Strike_Y","beaked:Strike_Y","beaked:Strike_Y","beaked:Strike_Y","beaked:Strike_Y","beaked:Strike_Y","beaked:Defend_Y","beaked:Defend_Y","beaked:Defend_Y","beaked:Defend_Y","beaked:Ceremony+1","beaked:Ceremony","beaked:Ceremony","beaked:Foresight","beaked:BraceForImpact","beaked:VigorBurst","beaked:FeelMyPain","beaked:BraceForImpact","beaked:Roost","beaked:SacrificialScars","beaked:Windmill"],"relics":["beaked:MendingPlumage","conspire:TopHat","WarpedTongs","Replay:PocketPolymizer","conspire:BottledYoYo","Thread and Needle","PlaceholderMod:DaolothFragment","Replay:Baseball","beaked:MawFillet"],"acts_visited":["Exordium","TheCity"],"potions_floor_usage":[19],"damage_taken":[{"damage":26,"enemies":"Small Slimes","floor":1,"turns":14},{"damage":12,"enemies":"Cultist","floor":3,"turns":6},{"damage":18,"enemies":"2 Louse","floor":7,"turns":9},{"damage":7,"enemies":"Lagavulin","floor":8,"turns":8},{"damage":8,"enemies":"3 Sentries","floor":12,"turns":11},{"damage":0,"enemies":"Red Slaver","floor":13,"turns":5},{"damage":63,"enemies":"Gremlin Nob","floor":14,"turns":6},{"damage":10,"enemies":"Hexaghost","floor":16,"turns":11},{"damage":6,"enemies":"Shell Parasite","floor":18,"turns":8},{"damage":74,"enemies":"Slavers","floor":19,"turns":5}],"seed_played":"4749882297644883894","potions_obtained":[{"floor":7,"key":"Strength Potion"},{"floor":14,"key":"sneckomod:MuddlingPotion"},{"floor":16,"key":"PowerPotion"}],"is_trial":false,"path_per_floor":["M","?","M","?","?","R","M","E","T","T","T","E","M","E","R","B",null,"M","E"],"character_chosen":"BEAKED_THE_CULTIST","items_purchased":[],"campfire_rested":1,"item_purchase_floors":[],"current_hp_per_floor":[50,50,45,45,45,45,50,55,55,55,55,55,55,11,27,55,55,57,0,0],"gold":349,"neow_bonus":"RANDOM_COMMON_RELIC","is_daily":false,"chose_seed":false,"campfire_upgraded":1,"win_rate":0.0,"timestamp":1613504236,"path_taken":["M","?","?","?","?","R","?","E","T","?","?","E","M","E","R","BOSS","M","E"],"items_purchased_type":[],"build_version":"2020-12-22","purchased_purges":0,"victory":false,"max_hp_per_floor":[50,50,50,50,50,50,50,55,55,55,55,55,55,55,55,55,55,57,59,59],"card_choices":[{"not_picked":["beaked:Tradeoff","beaked:RuinSticks"],"picked":"beaked:Foresight","floor":1},{"not_picked":["beaked:Tweet","beaked:Redirect"],"picked":"beaked:BraceForImpact","floor":3},{"not_picked":["beaked:Resilience","beaked:SurvivalInstinct","beaked:Tradeoff"],"picked":"SKIP","floor":7},{"not_picked":["beaked:Windmill","beaked:Replenish"],"picked":"beaked:VigorBurst","floor":8},{"not_picked":["beaked:DesperateSwing","beaked:CrazyRituals"],"picked":"beaked:FeelMyPain","floor":12},{"not_picked":["beaked:DigDeep","beaked:WindBringer"],"picked":"beaked:BraceForImpact","floor":13},{"not_picked":["beaked:LiftOff","beaked:Foresight"],"picked":"beaked:Roost","floor":14},{"not_picked":["beaked:WildInstinct","ReplayTheSpireMod:Owlgaze"],"picked":"beaked:SacrificialScars","floor":16},{"not_picked":["beaked:Flinch","beaked:Insight"],"picked":"beaked:Windmill","floor":18}],"player_experience":289478,"relics_obtained":[{"floor":8,"key":"Replay:PocketPolymizer"},{"floor":9,"key":"conspire:BottledYoYo"},{"floor":10,"key":"Thread and Needle"},{"floor":12,"key":"PlaceholderMod:DaolothFragment"},{"floor":14,"key":"Replay:Baseball"}],"event_choices":[{"damage_healed":0,"gold_gain":0,"player_choice":"Rummage","damage_taken":0,"relics_obtained":["WarpedTongs"],"max_hp_gain":0,"max_hp_loss":0,"event_name":"Accursed Blacksmith","floor":2,"gold_loss":0,"cards_obtained":["Pain"]},{"cards_removed":["Pain"],"damage_healed":0,"gold_gain":0,"player_choice":"Removed Curses","damage_taken":0,"max_hp_gain":0,"max_hp_loss":0,"event_name":"Fountain of Cleansing","floor":5,"gold_loss":0}],"is_beta":false,"boss_relics":[{"not_picked":["Ectoplasm","Replay:Ancient Bell"],"picked":"beaked:MawFillet"}],"items_purged_floors":[],"is_endless":false,"potions_floor_spawned":[7,14,16],"killed_by":"Slavers","ascension_level":2}}