{"host":"2qpilcmj89x3pncz","time":1613496005,"event":{"mods":["100% Spire Juice","2.2 Compatiblity","Act Like it!","Aspiration","BaseMod","BetterRewards","Colored Map","Colored Powertips","Conjunction","Conspire","Dota2Spire","Duelist Mod","Evolution","GifTheSpireLib","Grow up Mod","Halation","Hubris","Infinite Spire","Jedi Mod","Lobotomy","LobotomyExtend","Menagerie","Mimic Mod","Minty Spire (QoL Compilation)","Poem Panic","Quarter Circle Forward PUNCH!","Quick Restart","Replay The Spire","Shop Mod","Spicy Shops","Spikes Relics","StSLib","Strawberry Spire","Stuff the Spire","SuperFastMode","The Servant 0.9.4","Wandering Minibosses"],"gold_per_floor":[111,111,135,104,104,136,136,156,188,200,233,244,264,13,13,90,90,90,90],"floor_reached":18,"language":"ENG","playtime":969,"items_purged":[],"score":594,"play_id":"03e96db4-8e09-4d2f-8435-534b501fe7d8","local_time":"20210216172005","is_ascension_mode":true,"campfire_choices":[],"circlet_count":0,"master_deck":["BigBird","Woodsman","AscendersBane","SpecialBullet","SpecialBullet","SpecialBullet","SpecialBullet","SpecialBullet","SpecialBullet","SpecialBullet","CentralCode","InformationCode","SecurityCode","Finesse","CherryBlossom","Ecstasy","ShedSkin","Harvest","SomewhereSpear","Moonworks:Encore","OSAHOGD","DaCapo","WhiteNight","Moonworks:AwakeningOfTalent","GreenStem","QueenOfHatred","Moonworks:CrystalBarrier"],"relics":["CogitoBucket","RabbitCall","EVO:Axolotl","LetterFromLob","StuffTheSpire:GrapeVine","Logging_r","hubris:DisguiseKit","Lamp_r","ReplayTheSpireMod:Lightbulb","halation:Prosthetics"],"acts_visited":["Exordium","TheCity"],"potions_floor_usage":[6],"damage_taken":[{"damage":12.0,"enemies":"Small Slimes","floor":1.0,"turns":3.0},{"damage":24.0,"enemies":"Jaw Worm","floor":4.0,"turns":2.0},{"damage":57,"enemies":"3 Sentries","floor":6,"turns":8},{"damage":17,"enemies":"2 Louse","floor":8,"turns":3},{"damage":5,"enemies":"Exordium Wildlife","floor":9,"turns":9},{"damage":14,"enemies":"Exordium Wildlife","floor":10,"turns":12},{"damage":0,"enemies":"Gremlin Nob","floor":11,"turns":1},{"damage":19,"enemies":"Red Slaver","floor":12,"turns":5},{"damage":3,"enemies":"Large Slime","floor":13,"turns":7},{"damage":0,"enemies":"Fading Forest","floor":16,"turns":13},{"damage":1011,"enemies":"Shell Parasite","floor":18,"turns":4}],"seed_played":"1074644955768144005","potions_obtained":[{"floor":1.0,"key":"Death Potion"},{"floor":3.0,"key":"Fire Potion"},{"floor":8,"key":"Energy Potion"},{"floor":10,"key":"FearPotion"}],"is_trial":false,"path_per_floor":["M","?","?","M","?","E","R","M","MIM","M","E","M","M","$","R","B",null,"M"],"character_chosen":"Angela","items_purchased":["GreenStem"],"campfire_rested":0,"item_purchase_floors":[14],"current_hp_per_floor":[82,92,69,69,72,83,93,106,125,135,77,85,112,122,132,185,195,0,0],"gold":90,"neow_bonus":"RANDOM_COLORLESS","is_daily":false,"chose_seed":false,"campfire_upgraded":0,"win_rate":0.0,"timestamp":1613496005,"path_taken":["M","?","?","M","?","E","R","M","MIM","M","E","M","M","$","R","BOSS","M"],"items_purchased_type":["Card"],"build_version":"2020-12-22","purchased_purges":0,"victory":false,"max_hp_per_floor":[93,103,113,123,133,143,153,163,173,183,193,203,213,223,233,243,218,218,218],"card_choices":[{"not_picked":["Replay:Sssssssssshield","PanicButton"],"picked":"Finesse","floor":0.0},{"not_picked":["SpiderBud","OldLady"],"picked":"Woodsman","floor":1.0},{"not_picked":["Galaxy","FourthMatchFlame"],"picked":"SKIP","floor":1.0},{"not_picked":["Harvest"],"picked":"CherryBlossom","floor":3.0},{"not_picked":["Christmas"],"picked":"Regret_ego","floor":3.0},{"not_picked":["UniverseFragment","LittleHelper"],"picked":"DespairKnight","floor":4.0},{"not_picked":["Regret_ego"],"picked":"Ecstasy","floor":4.0},{"not_picked":["Lantern","BearPaw"],"picked":"SKIP","floor":6},{"not_picked":["RedEyes","Moonworks:FinalSurgery"],"picked":"ShedSkin","floor":8},{"not_picked":["BlackSwan","CrumblingArmor"],"picked":"Yin","floor":9},{"not_picked":["CUTE","Moonworks:FinalBattle"],"picked":"Harvest","floor":9},{"not_picked":["CrumblingArmor","DreamingCurrent"],"picked":"BigBird","floor":10},{"not_picked":["CherryBlossom","Moonworks:NicePresent"],"picked":"SomewhereSpear","floor":10},{"not_picked":["Noise","Beak"],"picked":"Moonworks:Encore","floor":11},{"not_picked":["WhitesApple","Wellcheers"],"picked":"OSAHOGD","floor":12},{"not_picked":["CUTE","Moonworks:NicePresent"],"picked":"DaCapo","floor":12},{"not_picked":["Wellcheers","Murderer"],"picked":"WhiteNight","floor":13},{"not_picked":["Wingbeat","Laetitia_ego"],"picked":"Moonworks:AwakeningOfTalent","floor":13},{"not_picked":["MeatLantern","Murderer"],"picked":"QueenOfHatred","floor":16},{"not_picked":["CENSORED_ego","ParadiseLost"],"picked":"Moonworks:CrystalBarrier","floor":16}],"player_experience":256843,"relics_obtained":[{"floor":1.0,"key":"LetterFromLob"},{"floor":3.0,"key":"StuffTheSpire:GrapeVine"},{"floor":6,"key":"hubris:DisguiseKit"},{"floor":11,"key":"ReplayTheSpireMod:Lightbulb"}],"event_choices":[{"damage_healed":0.0,"max_hp_gain":0.0,"max_hp_loss":0.0,"gold_gain":0.0,"event_name":"conspire:Investor","player_choice":"Leave","floor":5.0,"gold_loss":0.0,"damage_taken":0.0}],"is_beta":false,"boss_relics":[{"not_picked":["conspire:RunicOctahedron","aspiration:RitualDagger"],"picked":"halation:Prosthetics"}],"items_purged_floors":[],"is_endless":false,"potions_floor_spawned":[1,8,10,12],"killed_by":"Shell Parasite","ascension_level":20}}