{"host":"os9owiyb0rak6c8n","time":1613506352,"event":{"mods":["AchievementEnabler","Astrologer","BaseMod","Beaked The Cultist","Better Third Choice","Block Reminder","Colored Map","Colored Powertips","Curses Come First","Dio Mod","Minty Spire (QoL Compilation)","Robot Space Explorer","Spicy Shops","StSLib","The Death Knight","The Necromancer"],"gold_per_floor":[119,119,69,144,219,255,255,279,279,318,94,94,113,133,133,252,252,271,22,40,40,64,64,64,64],"floor_reached":24,"language":"ENG","playtime":1148,"items_purged":["Injury"],"score":255,"play_id":"00635ee8-7ea8-409c-a6ea-e470f97d726c","local_time":"20210216211232","is_ascension_mode":true,"campfire_choices":[{"floor":7,"key":"REST"},{"floor":12,"key":"REST"},{"data":"DeathKnight:Runesurge","floor":15,"key":"SMITH"},{"data":"DeathKnight:RuneStrike","floor":23,"key":"SMITH"}],"circlet_count":0,"master_deck":["DeathKnight:Strike_DeathKnight","DeathKnight:Strike_DeathKnight","DeathKnight:Strike_DeathKnight","DeathKnight:Strike_DeathKnight","DeathKnight:Strike_DeathKnight","DeathKnight:Defend_DeathKnight","DeathKnight:Defend_DeathKnight+1","DeathKnight:Defend_DeathKnight","DeathKnight:Defend_DeathKnight","DeathKnight:Defend_DeathKnight+1","DeathKnight:RuneTap","DeathKnight:RuneStrike+1","DeathKnight:IcyTouch","DeathKnight:Runesurge+1","DeathKnight:WraithWalk","DeathKnight:PlagueStrike","DeathKnight:Pestilence","DeathKnight:Contagion","DeathKnight:MindFreeze+1","DeathKnight:Outbreak","DeathKnight:IceboundArmor+1","DeathKnight:FesteringStrike+1","DeathKnight:Razorice+1"],"relics":["DeathKnight:BrokenRuneblade","Golden Idol","DeathKnight:TomeOfFrostSpecialization","Question Card","War Paint","Pen Nib","DeathKnight:LightbringersTabard","beaked:SacredDeck","Matryoshka"],"acts_visited":["Exordium","TheCity"],"potions_floor_usage":[10,24],"damage_taken":[{"damage":2,"enemies":"2 Louse","floor":1,"turns":4},{"damage":43,"enemies":"3 Sentries","floor":6,"turns":14},{"damage":1,"enemies":"Jaw Worm","floor":8,"turns":3},{"damage":23,"enemies":"Gremlin Nob","floor":10,"turns":5},{"damage":0,"enemies":"Small Slimes","floor":13,"turns":3},{"damage":1,"enemies":"Looter","floor":14,"turns":3},{"damage":3,"enemies":"Slime Boss","floor":16,"turns":7},{"damage":0,"enemies":"Chosen","floor":18,"turns":6},{"damage":19,"enemies":"3 Byrds","floor":20,"turns":6},{"damage":13,"enemies":"Snecko","floor":22,"turns":5},{"damage":44,"enemies":"Slavers","floor":24,"turns":5}],"seed_played":"3857059258591039593","potions_obtained":[{"floor":8,"key":"Energy Potion"},{"floor":14,"key":"DeathKnight:PlagueVial"}],"is_trial":false,"path_per_floor":["M","?","?","?","T","E","R","M","T","E","$","R","M","M","R","B",null,"M","$","M","$","M","R","E"],"character_chosen":"DEATH_KNIGHT","items_purchased":["DeathKnight:Pestilence","DeathKnight:LightbringersTabard","Matryoshka"],"campfire_rested":2,"item_purchase_floors":[11,11,19],"current_hp_per_floor":[80,80,80,69,69,26,50,49,49,26,26,50,50,49,49,46,73,73,73,54,54,41,41,0,0],"gold":64,"neow_bonus":"TEN_PERCENT_HP_BONUS","is_daily":false,"chose_seed":false,"campfire_upgraded":2,"win_rate":0.0,"timestamp":1613506352,"path_taken":["M","?","?","?","?","E","R","M","T","E","$","R","M","M","R","BOSS","M","$","M","?","M","R","E"],"items_purchased_type":["Card","Relic","Relic"],"build_version":"2020-12-22","purchased_purges":1,"victory":false,"max_hp_per_floor":[82,82,82,82,82,82,82,82,82,82,82,82,82,82,82,82,82,82,82,82,82,82,82,82,82],"card_choices":[{"not_picked":["DeathKnight:Parry","DeathKnight:BoneSpear"],"picked":"DeathKnight:IcyTouch","floor":1},{"not_picked":["DeathKnight:DeathAndDecay","DeathKnight:Pestilence"],"picked":"DeathKnight:Runesurge","floor":6},{"not_picked":["DeathKnight:BloodBoil","DeathKnight:UnholyPresence","DeathKnight:DeathGrip"],"picked":"DeathKnight:WraithWalk","floor":8},{"not_picked":["DeathKnight:ChainsOfIce+1","DeathKnight:UnholyFrenzy","DeathKnight:PillarOfFrost"],"picked":"DeathKnight:PlagueStrike","floor":10},{"not_picked":["DeathKnight:DreadStrike","DeathKnight:MutagenicPlague","DeathKnight:Hysteria"],"picked":"DeathKnight:Contagion","floor":13},{"not_picked":["DeathKnight:UnholyPresence","DeathKnight:RuneShock","DeathKnight:BloodPact"],"picked":"DeathKnight:MindFreeze+1","floor":14},{"not_picked":["DeathKnight:Simulacrum","DeathKnight:ArmyOfTheDead","DeathKnight:RunicDetonation"],"picked":"DeathKnight:Outbreak","floor":16},{"not_picked":["DeathKnight:DeathCoil+1","DeathKnight:BoneSpear","DeathKnight:Ossuary","DeathKnight:Marrowrend"],"picked":"SKIP","floor":18},{"not_picked":["DeathKnight:Culling","DeathKnight:Parry","DeathKnight:DeathAndDecay"],"picked":"DeathKnight:FesteringStrike+1","floor":20},{"not_picked":["DeathKnight:Obliterate+1","DeathKnight:BladedArmor","DeathKnight:BloodStrike"],"picked":"DeathKnight:Razorice+1","floor":22}],"player_experience":607139,"relics_obtained":[{"floor":5,"key":"DeathKnight:TomeOfFrostSpecialization"},{"floor":6,"key":"Question Card"},{"floor":9,"key":"War Paint"},{"floor":10,"key":"Pen Nib"}],"event_choices":[{"damage_healed":0,"gold_gain":0,"player_choice":"Take Wound","damage_taken":0,"relics_obtained":["Golden Idol"],"max_hp_gain":0,"max_hp_loss":0,"event_name":"Golden Idol","floor":2,"gold_loss":0,"cards_obtained":["Injury"]},{"cards_removed":["Injury"],"damage_healed":0,"gold_gain":0,"player_choice":"Card Removal","damage_taken":0,"max_hp_gain":0,"max_hp_loss":0,"event_name":"The Cleric","floor":3,"gold_loss":50},{"damage_healed":0,"gold_gain":75,"player_choice":"Gold","damage_taken":11,"max_hp_gain":0,"max_hp_loss":0,"event_name":"betterThird:BetterGoop","floor":4,"gold_loss":0}],"is_beta":false,"boss_relics":[{"not_picked":["Cursed Key","Coffee Dripper"],"picked":"beaked:SacredDeck"}],"items_purged_floors":[11],"is_endless":false,"potions_floor_spawned":[8,14],"killed_by":"Slavers","ascension_level":5}}