{"host":"g7uq9uzahx9e0kti","time":1613490114,"event":{"mods":["AchievementEnabler","BaseMod","CapriCore","Hermit","Koishi","Minty Spire (QoL Compilation)","Permanent Neow","Quick Restart","StSLib","SuperFastMode","The Bug Knight","The Cursed","The Hierophant","The Immortal","The Runesmith","Together in Spire","WarShipGirlsR/??á´Ò³R mod"],"gold_per_floor":[218,218,293,468,172,197,197,232,232,247,0,13,41,53,53,148,148,163,213,67,67,67,101,115,131,155,183,183,183,215,235,235,338,338,348,348,367,379,390,424,452,464,476,488,410,439,24,35,35,35,35,35,35,66,66,66],"floor_reached":55,"language":"KOR","playtime":4738,"items_purged":["Regret","Doubt","rmod:defend"],"score":875,"play_id":"7bd9b594-2c54-4d43-8f19-53d45286bd5d","local_time":"20210217004154","is_ascension_mode":false,"campfire_choices":[{"data":"rmod:chargemoney","floor":7.0,"key":"SMITH"},{"data":"rmod:fuelsupply","floor":15.0,"key":"SMITH"},{"data":"rmod:ammunitionsupply","floor":28.0,"key":"SMITH"},{"floor":32.0,"key":"REST"},{"data":"rmod:ammunitionsupply","floor":42,"key":"SMITH"},{"floor":49,"key":"RECALL"},{"data":"rmod:expedition+1","floor":52,"key":"SMITH"}],"circlet_count":0,"master_deck":["rmod:strick+1","rmod:strick","rmod:defend","rmod:defend","rmod:defend","rmod:basicallowance","rmod:maingunfire","rmod:ammunitionsupply+1","rmod:chargemoney+1","rmod:aviationdawn","rmod:fuelsupply+1","rmod:fletcherpendant","rmod:gendarmerie","rmod:steelsupply","rmod:diamondstrike","rmod:fletcherpendant","rmod:maintain","rmod:mineteam+1","rmod:intelligenceanalysis+1","rmod:unsinkable","rmod:supportescort","rmod:goodfighter+1","rmod:expedition+2","Parasite","rmod:ammunitionsupply+1","rmod:fletcherpendant","rmod:fletcherpendant","rmod:windflower","rmod:fuelsupply+1","rmod:intelligenceanalysis+1"],"relics":["Bag of Marbles","Blood Vial","Kunai","Orichalcum","HornCleat","Sling","Akabeko","rmod:mogul","Happy Flower","Pen Nib","Runesmith:AutoHammer","Shuriken","rmod:monthlycard","MawBank","Eternal Feather","FossilizedHelix","rmod:extraamm"],"acts_visited":["Exordium","TheCity","TheBeyond","TheEnding"],"potions_floor_usage":[40,40,55],"damage_taken":[{"damage":0.0,"enemies":"Small Slimes","floor":1.0,"turns":2.0},{"damage":6.0,"enemies":"3 Sentries","floor":6.0,"turns":7.0},{"damage":10.0,"enemies":"Lagavulin","floor":8.0,"turns":7.0},{"damage":4.0,"enemies":"Jaw Worm","floor":10.0,"turns":4.0},{"damage":0.0,"enemies":"Cultist","floor":12.0,"turns":3.0},{"damage":0.0,"enemies":"Gremlin Nob","floor":13.0,"turns":3.0},{"damage":0.0,"enemies":"Exordium Thugs","floor":14.0,"turns":4.0},{"damage":27.0,"enemies":"The Guardian","floor":16.0,"turns":8.0},{"damage":17.0,"enemies":"3 Byrds","floor":18.0,"turns":6.0},{"damage":19.0,"enemies":"Book of Stabbing","floor":23.0,"turns":6.0},{"damage":5.0,"enemies":"2 Thieves","floor":24.0,"turns":4.0},{"damage":5.0,"enemies":"Snake Plant","floor":25.0,"turns":3.0},{"damage":5.0,"enemies":"Slavers","floor":27.0,"turns":6.0},{"damage":0.0,"enemies":"Gremlin Leader","floor":30.0,"turns":4.0},{"damage":0.0,"enemies":"Snecko","floor":31.0,"turns":4.0},{"damage":11.0,"enemies":"Collector","floor":33.0,"turns":8.0},{"damage":9,"enemies":"Orb Walker","floor":35,"turns":3},{"damage":9,"enemies":"3 Shapes","floor":37,"turns":1},{"damage":0,"enemies":"Writhing Mass","floor":38,"turns":3},{"damage":4,"enemies":"Sphere and 2 Shapes","floor":39,"turns":6},{"damage":0,"enemies":"Giant Head","floor":40,"turns":7},{"damage":5,"enemies":"3 Darklings","floor":41,"turns":5},{"damage":10,"enemies":"Spire Growth","floor":46,"turns":4},{"damage":9,"enemies":"Transient","floor":48,"turns":7},{"damage":48,"enemies":"Awakened One","floor":50,"turns":16},{"damage":43,"enemies":"Shield and Spear","floor":54,"turns":9},{"damage":39,"enemies":"The Heart","floor":55,"turns":2}],"seed_played":"3661907090092144888","potions_obtained":[{"floor":6.0,"key":"EssenceOfSteel"},{"floor":10.0,"key":"Block Potion"},{"floor":12.0,"key":"PowerPotion"},{"floor":33.0,"key":"DistilledChaos"},{"floor":39,"key":"SneckoOil"},{"floor":54,"key":"Explosive Potion"}],"is_trial":false,"path_per_floor":["M","?","?","?","$","E","R","E","T","M","$","M","E","M","R","B",null,"M","?","$","?","?","E","M","M","T","E","R","?","E","M","R","B",null,"M","?","M","M","M","E","M","R","T","?","?","M","$","M","R","B",null,"R","$","E","B"],"character_chosen":"PRAEFECT","items_purchased":["Blood Vial","rmod:chargemoney","Sling","Happy Flower","FossilizedHelix"],"campfire_rested":1,"item_purchase_floors":[5,5,11,20,47],"current_hp_per_floor":[75,75,64,64,64,60,60,52,52,50,50,52,54,56,56,31,75,58,58,58,58,58,41,38,35,35,32,32,18,20,22,46,37,80,71,71,64,66,64,66,63,63,63,63,63,55,55,48,63,17,80,80,80,37,0,0],"gold":66,"neow_bonus":"HUNDRED_GOLD","is_daily":false,"chose_seed":false,"campfire_upgraded":5,"win_rate":0.0,"timestamp":1613490114,"path_taken":["M","?","?","?","?","E","R","E","T","?","?","M","E","M","R","BOSS","M","?","$","?","?","E","?","M","T","E","R","?","E","M","R","BOSS","M","?","?","M","M","E","M","R","T","?","?","?","$","M","R","BOSS","R","$","E","BOSS"],"items_purchased_type":["Relic","Card","Relic","Relic","Relic"],"build_version":"2020-12-22","purchased_purges":3,"victory":false,"max_hp_per_floor":[75,75,75,75,75,75,75,75,75,75,75,75,75,75,75,75,75,75,75,75,75,75,75,75,75,75,75,75,80,80,80,80,80,80,80,80,80,80,80,80,80,80,80,80,80,80,80,80,80,80,80,80,80,80,80,80],"card_choices":[{"not_picked":["rmod:luckystar","rmod:garrisonisland"],"picked":"rmod:ammunitionsupply","floor":1.0},{"not_picked":["rmod:combined","rmod:tearstotiara"],"picked":"rmod:aviationdawn","floor":6.0},{"not_picked":["rmod:combined","rmod:stealaluminum"],"picked":"rmod:fuelsupply","floor":8.0},{"not_picked":["rmod:circuitoustactics","rmod:diaomin"],"picked":"rmod:fletcherpendant","floor":10.0},{"not_picked":["rmod:circuitoustactics","rmod:unsinkable"],"picked":"rmod:gendarmerie","floor":12.0},{"not_picked":["rmod:supportescort","rmod:circuitoustactics"],"picked":"rmod:steelsupply","floor":13.0},{"not_picked":["rmod:victimresponsibility","rmod:steelsupply"],"picked":"rmod:diamondstrike","floor":14.0},{"not_picked":["rmod:victimresponsibility","rmod:spoils"],"picked":"rmod:fletcherpendant","floor":18.0},{"not_picked":["rmod:intelligenceanalysis","rmod:tearstotiara"],"picked":"rmod:maintain","floor":23.0},{"not_picked":["rmod:unsinkable","rmod:supportescort"],"picked":"rmod:mineteam+1","floor":24.0},{"not_picked":["rmod:capitalist","rmod:steelsupply"],"picked":"rmod:intelligenceanalysis+1","floor":25.0},{"not_picked":["rmod:garrisonisland","rmod:secretscript"],"picked":"rmod:unsinkable","floor":27.0},{"not_picked":["rmod:luckystar","rmod:combined"],"picked":"rmod:supportescort","floor":30.0},{"not_picked":["rmod:combined","rmod:heivgo"],"picked":"rmod:goodfighter+1","floor":31.0},{"not_picked":["rmod:diamondstrike+1","rmod:garrisonisland+1","rmod:launchingtorpedo"],"picked":"SKIP","floor":35},{"not_picked":["rmod:supportescort+1","rmod:salvage+1"],"picked":"rmod:expedition+1","floor":37},{"not_picked":["rmod:bulid+1","rmod:spoils","rmod:circuitoustactics+1"],"picked":"SKIP","floor":38},{"not_picked":["rmod:aluminumsupply","rmod:steelsupply+1"],"picked":"rmod:ammunitionsupply","floor":39},{"not_picked":["rmod:intelligenceanalysis+1","rmod:slowdown"],"picked":"rmod:fletcherpendant","floor":40},{"not_picked":["rmod:wolves+1","rmod:unsinkable"],"picked":"rmod:fletcherpendant","floor":41},{"not_picked":["rmod:steelsupply","rmod:garrisonisland"],"picked":"rmod:windflower","floor":46},{"not_picked":["rmod:tearstotiara+1","rmod:ammunitionsupply"],"picked":"rmod:fuelsupply+1","floor":48},{"not_picked":["rmod:firesupport+1","rmod:circuitoustactics+1"],"picked":"rmod:intelligenceanalysis+1","floor":54}],"player_experience":117299,"relics_obtained":[{"floor":6.0,"key":"Kunai"},{"floor":8.0,"key":"Orichalcum"},{"floor":9.0,"key":"HornCleat"},{"floor":13.0,"key":"Akabeko"},{"floor":23.0,"key":"Pen Nib"},{"floor":27.0,"key":"Runesmith:AutoHammer"},{"floor":30.0,"key":"Shuriken"},{"floor":40,"key":"MawBank"},{"floor":43,"key":"Eternal Feather"},{"floor":54,"key":"rmod:extraamm"}],"event_choices":[{"damage_healed":0.0,"max_hp_gain":0.0,"max_hp_loss":0.0,"gold_gain":0.0,"event_name":"Big Fish","player_choice":"Box","floor":2.0,"gold_loss":0.0,"damage_taken":0.0,"relics_obtained":["Bag of Marbles"],"cards_obtained":["Regret"]},{"damage_healed":0.0,"max_hp_gain":0.0,"max_hp_loss":0.0,"gold_gain":75.0,"event_name":"World of Goop","player_choice":"Gather Gold","floor":3.0,"gold_loss":0.0,"damage_taken":11.0},{"damage_healed":0.0,"max_hp_gain":0.0,"max_hp_loss":0.0,"gold_gain":175.0,"event_name":"Liars Game","player_choice":"AGREE","floor":4.0,"gold_loss":0.0,"damage_taken":0.0,"cards_obtained":["Doubt"]},{"damage_healed":0.0,"max_hp_gain":0.0,"max_hp_loss":0.0,"gold_gain":100.0,"event_name":"The Joust","player_choice":"Bet on Murderer","floor":19.0,"gold_loss":50.0,"damage_taken":0.0},{"damage_healed":0.0,"max_hp_gain":0.0,"max_hp_loss":0.0,"gold_gain":0.0,"event_name":"Ghosts","player_choice":"Ignored","floor":21.0,"gold_loss":0.0,"damage_taken":0.0},{"damage_healed":0.0,"max_hp_gain":0.0,"max_hp_loss":0.0,"gold_gain":0.0,"event_name":"The Woman in Blue","player_choice":"Bought 0 Potions","floor":22.0,"gold_loss":0.0,"damage_taken":0.0},{"damage_healed":0.0,"max_hp_gain":5.0,"max_hp_loss":0.0,"gold_gain":0.0,"event_name":"Forgotten Altar","player_choice":"Shed Blood","floor":29.0,"gold_loss":0.0,"damage_taken":19.0},{"cards_removed":["rmod:strick"],"damage_healed":0,"gold_gain":0,"player_choice":"Purged","damage_taken":0,"max_hp_gain":0,"max_hp_loss":0,"event_name":"Purifier","floor":36,"gold_loss":0},{"damage_healed":0,"gold_gain":0,"player_choice":"Ignored","damage_taken":0,"max_hp_gain":0,"max_hp_loss":0,"event_name":"Tomb of Lord Red Mask","floor":44,"gold_loss":0},{"cards_removed":["rmod:strick"],"damage_healed":0,"gold_gain":0,"player_choice":"Upgrade and Remove","damage_taken":0,"max_hp_gain":0,"max_hp_loss":0,"event_name":"Designer","floor":45,"gold_loss":90,"cards_upgraded":["rmod:strick"]}],"is_beta":false,"boss_relics":[{"not_picked":["Philosopher\u0027s Stone","SacredBark"],"picked":"rmod:mogul"},{"not_picked":["Empty Cage","Runic Dome"],"picked":"rmod:monthlycard"}],"items_purged_floors":[5,11,47],"is_endless":false,"potions_floor_spawned":[6,10,12,13,14,16,18,24,33,39,54],"killed_by":"The Heart","ascension_level":0}}