{"host":"konjmgczbcns2r3g","time":1613441182,"event":{"mods":["AchievementEnabler","BaseMod","Chen","Colored Powertips","Hermit","Infinite Spire","Koishi","Marisa????????","Minty Spire (QoL Compilation)","Replay The Spire","StSLib","The Cursed","The Gatherer","The Necromancer","The Servant 0.9.4"],"gold_per_floor":[110,110,9,40,68,68,94,194,194,194,210,268,280,320,320,445,445,485,485,43,43,81,81,98,98,98,138,138,152,152,162,162,162,162],"floor_reached":33,"language":"ENG","playtime":2224,"items_purged":[],"score":352,"play_id":"23073f8e-40d3-4f5f-a732-cf643408eba2","local_time":"20210215210622","is_ascension_mode":true,"campfire_choices":[{"floor":6,"key":"RECALL"},{"data":"WitchOfGreed","floor":10,"key":"SMITH"},{"floor":15,"key":"REST"},{"floor":25,"key":"REST"},{"floor":30,"key":"REST"},{"floor":32,"key":"REST"}],"circlet_count":0,"master_deck":["Strike_MRS","Strike_MRS","Strike_MRS","Strike_MRS","Defend_MRS","Defend_MRS","Defend_MRS+1","Defend_MRS","MasterSpark","UpSweep","PulseMagic","WitchOfGreed+1","MilkyWay","6A","EnergyFlow","MysteriousBeam","MysteriousBeam","UltimateShortwave","MysteriousBeam","StarDustReverie","MysteriousBeam+1","DoubleSpark+1","NonDirectionalLaser","infinitespire:Fortify+1","AsteroidBelt+1","MilkyWay","DoubleSpark+1"],"relics":["MiniHakkero","Calipers","Pondfish Scales","SlaversCollar","Gremlin Food","Golden Egg","Pet Ghost","ChewingGum","InkBottle","Sundial"],"acts_visited":["Exordium","TheCity"],"potions_floor_usage":[1,7,7,12,13,16,22,22,24,24,27,28,33,33,33],"damage_taken":[{"damage":2,"enemies":"Small Slimes","floor":1,"turns":3},{"damage":2,"enemies":"2 Louse","floor":4,"turns":4},{"damage":1,"enemies":"Cultist","floor":5,"turns":3},{"damage":8,"enemies":"Gremlin Nob","floor":7,"turns":5},{"damage":16,"enemies":"3 Louse","floor":11,"turns":3},{"damage":12,"enemies":"Lagavulin","floor":12,"turns":5},{"damage":5,"enemies":"Looter","floor":13,"turns":3},{"damage":2,"enemies":"Red Slaver","floor":14,"turns":2},{"damage":0,"enemies":"Slime Boss","floor":16,"turns":7},{"damage":44,"enemies":"3 Byrds","floor":18,"turns":6},{"damage":8,"enemies":"Shell Parasite","floor":22,"turns":2},{"damage":7,"enemies":"Shelled Parasite and Fungi","floor":24,"turns":2},{"damage":26,"enemies":"Centurion and Healer","floor":27,"turns":6},{"damage":0,"enemies":"3 Cultists","floor":28,"turns":2},{"damage":23,"enemies":"Snake Plant","floor":29,"turns":3},{"damage":0,"enemies":"Snecko","floor":31,"turns":2},{"damage":67,"enemies":"Champ","floor":33,"turns":8}],"seed_played":"-5644158089866379830","potions_obtained":[{"floor":0,"key":"ShroomBrew"},{"floor":0,"key":"Block Potion"},{"floor":0,"key":"Venom Potion"},{"floor":1,"key":"Swift Potion"},{"floor":5,"key":"Block Potion"},{"floor":7,"key":"LifebloodPotion"},{"floor":12,"key":"Strength Potion"},{"floor":12,"key":"Adrenaline Potion"},{"floor":16,"key":"FearPotion"},{"floor":18,"key":"Swift Potion"},{"floor":22,"key":"Adrenaline Potion"},{"floor":24,"key":"LiquidBronze"},{"floor":27,"key":"Doom Potion"},{"floor":27,"key":"DistilledChaos"},{"floor":29,"key":"LiquidMemories"},{"floor":31,"key":"Reflective Coating"}],"is_trial":false,"path_per_floor":["M","?","$","M","M","R","E","?","T","R","M","E","M","M","R","B",null,"M","?","$","?","M","AVR","M","R","T","M","M","M","R","M","R","B"],"character_chosen":"MARISA","items_purchased":["WitchOfGreed","MilkyWay","Gremlin Food","Golden Egg","DoubleSpark+1"],"campfire_rested":4,"item_purchase_floors":[3,3,20,20,20],"current_hp_per_floor":[73,78,78,76,75,75,67,67,67,67,51,39,34,32,56,56,80,36,36,36,41,33,33,26,50,50,24,24,1,25,25,49,0,0],"gold":162,"neow_bonus":"THREE_SMALL_POTIONS","is_daily":false,"chose_seed":false,"campfire_upgraded":1,"win_rate":0.0,"timestamp":1613441182,"path_taken":["M","?","$","M","M","R","E","?","T","R","M","E","M","?","R","BOSS","M","?","$","?","M","AVR","?","R","T","M","M","M","R","M","R","BOSS"],"items_purchased_type":["Card","Card","Relic","Relic","Card"],"build_version":"2020-12-22","purchased_purges":0,"victory":false,"max_hp_per_floor":[75,80,80,80,80,80,80,80,80,80,80,80,80,80,80,80,80,80,80,80,80,80,80,80,80,80,80,80,80,80,80,80,80,80],"card_choices":[{"not_picked":["RefractionSpark","ShootingEcho"],"picked":"PulseMagic","floor":1},{"not_picked":["ShootTheMoon","PulseMagic"],"picked":"6A","floor":4},{"not_picked":["GasGiant","WitchLeyline"],"picked":"EnergyFlow","floor":5},{"not_picked":["Orbital","SuperPerseids"],"picked":"MysteriousBeam","floor":7},{"not_picked":["DarkMatter","UnstableBomb"],"picked":"MysteriousBeam","floor":11},{"not_picked":["IllusionStar","RefractionSpark"],"picked":"UltimateShortwave","floor":12},{"not_picked":["EventHorizon","MysteriousBeam"],"picked":"SporeBomb","floor":13},{"not_picked":["DragonMeteor","GrandCross"],"picked":"MysteriousBeam","floor":14},{"not_picked":["TreasureHunter","CollectingQuirk"],"picked":"StarDustReverie","floor":16},{"not_picked":["GalacticHalo","AsteroidBelt+1"],"picked":"MysteriousBeam+1","floor":18},{"not_picked":["LuminesStrike+1","DarkMatter"],"picked":"NonDirectionalLaser","floor":22},{"not_picked":["OneTimeOff","UnstableBomb"],"picked":"AsteroidBelt","floor":24},{"not_picked":["DarkMatter","MysteriousBeam"],"picked":"MilkyWay","floor":27},{"not_picked":["IllusionStar","DarkSpark","PowerUp+1"],"picked":"SKIP","floor":28},{"not_picked":["LuminesStrike","DragonMeteor","AbsoluteMagnitude"],"picked":"SKIP","floor":29},{"not_picked":["SporeBomb","GrandCross"],"picked":"DoubleSpark+1","floor":31}],"player_experience":359600,"relics_obtained":[{"floor":7,"key":"Calipers"},{"floor":12,"key":"Pondfish Scales"},{"floor":26,"key":"InkBottle"}],"event_choices":[{"damage_healed":0,"gold_gain":0,"player_choice":"Donut","damage_taken":0,"max_hp_gain":5,"max_hp_loss":0,"event_name":"Big Fish","floor":2,"gold_loss":0},{"damage_healed":0,"gold_gain":100,"player_choice":"Pray","damage_taken":0,"max_hp_gain":0,"max_hp_loss":0,"event_name":"Golden Shrine","floor":8,"gold_loss":0},{"damage_healed":0,"gold_gain":0,"player_choice":"Ignored","damage_taken":0,"max_hp_gain":0,"max_hp_loss":0,"event_name":"Ghosts","floor":19,"gold_loss":0},{"cards_removed":["SporeBomb"],"damage_healed":5,"gold_gain":0,"player_choice":"Offered Common","damage_taken":0,"max_hp_gain":0,"max_hp_loss":0,"event_name":"Bonfire Elementals","floor":21,"gold_loss":0},{"cards_removed":["SporeBomb"],"damage_healed":5,"gold_gain":0,"player_choice":"Offered Special","damage_taken":0,"max_hp_gain":0,"max_hp_loss":0,"event_name":"Bonfire Elementals","floor":21,"gold_loss":0}],"is_beta":false,"boss_relics":[{"not_picked":["infinitespire:Cupcake","Replay:Wanted Poster"],"picked":"SlaversCollar"}],"items_purged_floors":[],"is_endless":false,"potions_floor_spawned":[1,5,7,12,16,24,27,29,31],"killed_by":"Champ","ascension_level":1}}