{"host":"q8o6l8eqnoevndy4","time":1613512581,"event":{"mods":["2.2 Compatiblity","AchievementEnabler","Act Like it!","AlwaysNeverKeys","Bard","BaseMod","Bestiary","Better Altar","Better Match","Better Note","Better Sensory Stone","Better Skull","Better Third Choice","Better Vampires","Better-Laid Plans","Booster Modes","Colored Map","Colored Powertips","Custom Start","Disable Question Mark Monsters","Displayed Cursed Tome","Friendly Minions","GifTheSpireLib","Hermit","Highlight Path","Infinite Spire","Keyboard Shortcuts","Minty Spire (QoL Compilation)","Permanent Neow","Quick Restart","Random Character Button","Random Character Mod","Rare Cards Sparkle","Relic Filter","Relic Sorter","Relic Stats","Reliquary","Reorder Act Four","Spicy Shops","Spire Arcade","StSLib","The Blackbeard","The Gatherer","Transform Curses","Virulent Crown"],"gold_per_floor":[138,138,183,13,73,73,124,163,163,202,202,202,87,186,186,186,186],"floor_reached":16,"language":"ENG","playtime":701,"items_purged":["hermit:BigShot"],"score":102,"play_id":"49e77e1b-d9f5-4177-bff6-98d26025b43e","local_time":"20210216155621","daily_mods":["Specialized","Uncertain Future","Midas"],"is_ascension_mode":false,"campfire_choices":[{"floor":6,"key":"REST"},{"floor":11,"key":"REST"},{"floor":15,"key":"REST"}],"circlet_count":0,"master_deck":["hermit:Strike_Hermit","hermit:Strike_Hermit","hermit:Strike_Hermit","hermit:Strike_Hermit","hermit:Defend_Hermit","hermit:Defend_Hermit","hermit:Defend_Hermit","hermit:Defend_Hermit","hermit:Snapshot","hermit:Covet","hermit:BigShot","hermit:BigShot","hermit:BigShot","hermit:CursedWeapon","hermit:Ricochet","hermit:HighCaliber","hermit:TakeAim","hermit:GoldenBullet","hermit:Ricochet","hermit:Shortfuse","hermit:Determination","hermit:BodyArmor"],"relics":["hermit:Momento","Oddly Smooth Stone","reliquary:BrokenClock","Centennial Puzzle","Vajra","reliquary:PartyBalloon"],"acts_visited":["Exordium"],"potions_floor_usage":[16,16,16],"damage_taken":[{"damage":11,"enemies":"2 Louse","floor":1,"turns":3},{"damage":11,"enemies":"Cultist","floor":3,"turns":5},{"damage":15,"enemies":"Jaw Worm","floor":5,"turns":4},{"damage":23,"enemies":"2 Fungi Beasts","floor":7,"turns":4},{"damage":5,"enemies":"3 Louse","floor":8,"turns":3},{"damage":13,"enemies":"Red Slaver","floor":10,"turns":4},{"damage":20,"enemies":"3 Sentries","floor":14,"turns":6},{"damage":27,"enemies":"The Guardian","floor":16,"turns":5}],"seed_played":"6694785929215854393","potions_obtained":[{"floor":7,"key":"Dexterity Potion"},{"floor":10,"key":"ColorlessPotion"},{"floor":14,"key":"FearPotion"}],"is_trial":true,"path_per_floor":["M","?","M","$","M","R","M","M","T","M","R","?","$","E","R","B"],"character_chosen":"HERMIT","items_purchased":["reliquary:BrokenClock","hermit:HighCaliber","hermit:Determination"],"campfire_rested":3,"item_purchase_floors":[4,4,13],"current_hp_per_floor":[64,64,53,53,38,60,37,32,32,19,41,23,23,3,25,0,0],"gold":186,"neow_bonus":"","is_daily":false,"chose_seed":false,"campfire_upgraded":0,"win_rate":0.0,"timestamp":1613512581,"path_taken":["M","?","M","?","M","R","M","M","T","M","R","?","$","E","R","BOSS"],"items_purchased_type":["Relic","Card","Card"],"build_version":"2020-12-22","purchased_purges":1,"victory":false,"max_hp_per_floor":[75,75,75,75,75,75,75,75,75,75,75,75,75,75,75,75,75],"relic_stats":{"Centennial Puzzle":[9],"counters":[8,34],"obtain_stats":[{"Centennial Puzzle":9,"reliquary:PartyBalloon":14,"Oddly Smooth Stone":2,"Vajra":12,"reliquary:BrokenClock":4,"hermit:Momento":0},{"Centennial Puzzle":5,"reliquary:PartyBalloon":7,"Oddly Smooth Stone":1,"Vajra":6,"reliquary:BrokenClock":2,"hermit:Momento":0},{"Centennial Puzzle":19,"reliquary:PartyBalloon":29,"Oddly Smooth Stone":3,"Vajra":23,"reliquary:BrokenClock":8,"hermit:Momento":0}]},"card_choices":[{"not_picked":["hermit:TrackingShot","hermit:Manifest"],"picked":"hermit:CursedWeapon","floor":1},{"not_picked":["hermit:HoleUp","hermit:Roughhouse"],"picked":"hermit:Ricochet","floor":3},{"not_picked":["hermit:Determination","hermit:Maintenance"],"picked":"hermit:TakeAim","floor":5},{"not_picked":["hermit:HoleUp","hermit:Dive"],"picked":"hermit:GoldenBullet","floor":7},{"not_picked":["hermit:Glare","hermit:Roulette"],"picked":"hermit:Ricochet","floor":8},{"not_picked":["hermit:GhostlyPresence","hermit:Feint"],"picked":"hermit:Shortfuse","floor":10},{"not_picked":["hermit:CalledShot","hermit:OverwhelmingPower"],"picked":"hermit:BodyArmor","floor":14}],"player_experience":1171508,"relics_obtained":[{"floor":9,"key":"Centennial Puzzle"},{"floor":14,"key":"reliquary:PartyBalloon"}],"event_choices":[{"cards_removed":["hermit:BigShot"],"damage_healed":0,"gold_gain":0,"player_choice":"Gave Card","damage_taken":0,"relics_obtained":["Oddly Smooth Stone"],"max_hp_gain":0,"max_hp_loss":0,"event_name":"WeMeetAgain","floor":2,"gold_loss":0},{"damage_healed":0,"gold_gain":1,"player_choice":"Relic ","damage_taken":18,"max_hp_gain":0,"max_hp_loss":0,"event_name":"betterThird:BetterScrap","floor":12,"gold_loss":0,"cards_obtained":["Buffer"]}],"is_beta":false,"boss_relics":[],"items_purged_floors":[13],"is_endless":false,"potions_floor_spawned":[7,10,14],"killed_by":"The Guardian","ascension_level":0}}