{"host":"pazl5877qhghhrip","time":1613484663,"event":{"mods":["Act Like it!","Aspiration","BaseMod","Minty Spire (QoL Compilation)","Reliquary","Replay The Spire","RumiaBox-露米娅的神秘盒子","Spicy Shops","StSLib","【功能Mod】混沌之环修复补丁"],"gold_per_floor":[368,383,163,163,92,117,117,130,130,155,168,182,182,182,182,284,284,303,318,593,605,625,625,689,237,264,113,113,36,36,54,54,150,150,167,182,200,200,50,75,125,125,177,197,197,224,224,239,239,239,239],"floor_reached":50,"language":"ZHS","playtime":3098,"items_purged":["Regret","Regret","Regret"],"score":700,"play_id":"7f181882-2589-435a-a23a-4e0943edd384","local_time":"20210216221103","is_ascension_mode":false,"campfire_choices":[{"data":"Neutralize","floor":7.0,"key":"SMITH"},{"data":"Poison Darts","floor":15.0,"key":"SMITH"},{"data":"Crippling Poison","floor":23.0,"key":"SMITH"},{"data":"Adrenaline","floor":42.0,"key":"SMITH"},{"data":"Poisoned Stab","floor":45.0,"key":"SMITH"},{"data":"Survivor","floor":47,"key":"SMITH"},{"data":"Deadly Poison","floor":49,"key":"SMITH"}],"circlet_count":1,"master_deck":["Strike_G","Strike_G","Strike_G","Strike_G","Strike_G","Defend_G","Defend_G","Defend_G","Defend_G","Defend_G","Survivor+1","Neutralize+1","Dagger Throw","Poisoned Stab+1","Poison Darts+1","Adrenaline+1","Crippling Poison+1","Deadly Poison+1"],"relics":["Ring of the Snake","TheAbacus","GodSword5","SSSystem","reliquary:Vitrine","Replay:Mystery Machine","Orichalcum","Circlet","Philosopher\u0027s Stone","Blood Vial","MagicDraw3","ReplayTheSpireMod:CursedCoin","Divine Protection","aspiration:ArtOfWarUpgrade","aspiration:VileToxins","StrikeDummy","Replay:Wax Seal","Busted Crown","reliquary:RadioactivePellet","Nunchaku","Bird Faced Urn","ReplayTheSpireMod:TigerMarble","GodSword4"],"acts_visited":["Exordium","TheCity","TheBeyond"],"potions_floor_usage":[50,50],"damage_taken":[{"damage":1.0,"enemies":"Cultist","floor":1.0,"turns":4.0},{"damage":0.0,"enemies":"2 Louse","floor":2.0,"turns":2.0},{"damage":7.0,"enemies":"Replay:BlueRogue","floor":6.0,"turns":11.0},{"damage":0.0,"enemies":"Small Slimes","floor":8.0,"turns":3.0},{"damage":4.0,"enemies":"Looter","floor":11.0,"turns":3.0},{"damage":1.0,"enemies":"2 Fungi Beasts","floor":12.0,"turns":3.0},{"damage":27.0,"enemies":"Hexaghost","floor":16.0,"turns":10.0},{"damage":0.0,"enemies":"Chosen","floor":18.0,"turns":3.0},{"damage":7.0,"enemies":"2 Thieves","floor":19.0,"turns":4.0},{"damage":1.0,"enemies":"Sentry and Sphere","floor":21.0,"turns":3.0},{"damage":1.0,"enemies":"3 Cultists","floor":22.0,"turns":4.0},{"damage":0.0,"enemies":"Centurion and Healer","floor":31.0,"turns":3.0},{"damage":33.0,"enemies":"Pondfish","floor":33.0,"turns":8.0},{"damage":0.0,"enemies":"3 Shapes","floor":35.0,"turns":3.0},{"damage":0.0,"enemies":"3 Darklings","floor":36.0,"turns":5.0},{"damage":8.0,"enemies":"Writhing Mass","floor":37.0,"turns":3.0},{"damage":0.0,"enemies":"R_Hoarder","floor":40.0,"turns":5.0},{"damage":1.0,"enemies":"Mind Bloom Boss Battle","floor":41.0,"turns":4.0},{"damage":0.0,"enemies":"Transient","floor":44.0,"turns":5.0},{"damage":7,"enemies":"Reptomancer","floor":46,"turns":6},{"damage":0,"enemies":"Sphere and 2 Shapes","floor":48,"turns":3},{"damage":66,"enemies":"Time Eater","floor":50,"turns":8}],"seed_played":"-2811677707957102095","potions_obtained":[{"floor":1.0,"key":"Ancient Potion"},{"floor":6.0,"key":"Poison Potion"},{"floor":11.0,"key":"FearPotion"},{"floor":16.0,"key":"Swift Potion"},{"floor":35.0,"key":"SkillPotion"}],"is_trial":false,"path_per_floor":["M","M","$","?","$","E","R","M","T","T","M","M","$","?","R","B",null,"M","M","?","M","M","R","?","$","T","$","?","$","R","M","R","B",null,"M","M","M","?","$","E","?","R","T","M","R","E","R","M","R","B"],"character_chosen":"THE_SILENT","items_purchased":["TheAbacus","SSSystem","MagicDraw3","ReplayTheSpireMod:CursedCoin","Divine Protection","aspiration:VileToxins","Replay:Wax Seal","reliquary:RadioactivePellet"],"campfire_rested":0,"item_purchase_floors":[3,5,25,25,25,27,29,39],"current_hp_per_floor":[69,69,69,69,69,62,62,62,62,62,58,57,57,45,45,35,70,70,63,63,62,61,61,44,44,44,44,44,44,44,60,60,41,70,70,70,62,62,62,64,65,65,65,67,67,62,62,64,64,0,0],"gold":239,"neow_bonus":"TWO_FIFTY_GOLD","is_daily":false,"chose_seed":false,"campfire_upgraded":7,"win_rate":0.0,"timestamp":1613484663,"path_taken":["M","M","$","?","?","E","R","?","T","?","M","M","$","?","R","BOSS","M","M","?","?","?","R","?","?","T","$","?","?","R","M","R","BOSS","M","M","M","?","$","E","?","R","T","M","R","E","R","M","R","BOSS"],"items_purchased_type":["Relic","Relic","Relic","Relic","Relic","Relic","Relic","Relic"],"build_version":"2020-12-22","purchased_purges":3,"victory":false,"max_hp_per_floor":[70,70,70,70,70,70,70,70,70,70,70,70,70,70,70,70,70,70,70,70,70,70,70,70,70,70,70,70,70,70,70,70,70,70,70,70,70,70,70,70,70,70,70,70,70,70,70,70,70,70,70],"card_choices":[{"not_picked":["Underhanded Strike","Slice"],"picked":"Blade Dance","floor":1.0},{"not_picked":["ReplayTheSpireMod:Exploit Weakness","ReplayTheSpireMod:Tripwire","Hidden Blade"],"picked":"SKIP","floor":2.0},{"not_picked":["Deflect","Reflex"],"picked":"Toxin Wave","floor":6.0},{"not_picked":["Tactician","Deflect"],"picked":"Dagger Throw","floor":8.0},{"not_picked":["ReplayTheSpireMod:Exploit Weakness","Outmaneuver"],"picked":"Poisoned Stab","floor":11.0},{"not_picked":["Blade Dance","Riddle With Holes"],"picked":"Poison Darts","floor":12.0},{"not_picked":["Poison Darts","Doppelganger"],"picked":"Adrenaline","floor":16.0},{"not_picked":["Eviscerate+1","Dodge and Roll","Underhanded Strike"],"picked":"SKIP","floor":18.0},{"not_picked":["Sneak Up","Hidden Blade"],"picked":"Crippling Poison","floor":19.0},{"not_picked":["Dagger Throw","ReplayTheSpireMod:Speed Training","Blade Dance+1"],"picked":"SKIP","floor":21.0},{"not_picked":["Hidden Blade","Outmaneuver","Quick Slash"],"picked":"SKIP","floor":22.0},{"not_picked":["Quick Slash","Leg Sweep"],"picked":"Deadly Poison","floor":24.0},{"not_picked":["Finisher+1","Outmaneuver","Hidden Blade+1"],"picked":"SKIP","floor":31.0},{"not_picked":["Sucker Punch+1"],"picked":"SKIP","floor":35.0},{"not_picked":["Finisher+1"],"picked":"SKIP","floor":36.0},{"not_picked":["ReplayTheSpireMod:The Works"],"picked":"SKIP","floor":37.0},{"not_picked":["Poison Darts"],"picked":"SKIP","floor":40.0},{"not_picked":["Finisher"],"picked":"SKIP","floor":44.0},{"not_picked":["Deflect"],"picked":"SKIP","floor":46},{"not_picked":["Underhanded Strike+1"],"picked":"SKIP","floor":48}],"player_experience":239679,"relics_obtained":[{"floor":6.0,"key":"reliquary:Vitrine"},{"floor":9.0,"key":"Dead Branch"},{"floor":10.0,"key":"Replay:Mystery Machine"},{"floor":24.0,"key":"Blood Vial"},{"floor":26.0,"key":"Art of War"},{"floor":40.0,"key":"Nunchaku"},{"floor":41.0,"key":"Bird Faced Urn"},{"floor":43.0,"key":"ReplayTheSpireMod:TigerMarble"},{"floor":46,"key":"GodSword4"}],"event_choices":[{"cards_removed":["Blade Dance"],"damage_healed":0.0,"max_hp_gain":0.0,"max_hp_loss":0.0,"gold_gain":0.0,"event_name":"WeMeetAgain","player_choice":"Gave Card","floor":4.0,"gold_loss":0.0,"damage_taken":0.0,"relics_obtained":["GodSword5"]},{"damage_healed":0.0,"max_hp_gain":0.0,"max_hp_loss":0.0,"gold_gain":0.0,"event_name":"Scrap Ooze","player_choice":"Success","floor":14.0,"gold_loss":0.0,"damage_taken":12.0,"relics_obtained":["Orichalcum"]},{"damage_healed":0.0,"max_hp_gain":0.0,"max_hp_loss":0.0,"gold_gain":275.0,"event_name":"Golden Shrine","player_choice":"Desecrate","floor":20.0,"gold_loss":0.0,"damage_taken":0.0,"cards_obtained":["Regret"]},{"damage_healed":0.0,"max_hp_gain":0.0,"max_hp_loss":0.0,"gold_gain":0.0,"event_name":"Tomb of Lord Red Mask","player_choice":"Ignored","floor":38.0,"gold_loss":0.0,"damage_taken":0.0},{"damage_healed":0.0,"max_hp_gain":0.0,"max_hp_loss":0.0,"gold_gain":0.0,"event_name":"MindBloom","player_choice":"Fight","floor":41.0,"gold_loss":0.0,"damage_taken":0.0}],"is_beta":false,"boss_relics":[{"not_picked":["Cursed Key","ChewingGum"],"picked":"Philosopher\u0027s Stone"},{"not_picked":["Replay:Wanted Poster","aspiration:DefectSkillbook"],"picked":"Busted Crown"}],"items_purged_floors":[3,25,25],"is_endless":false,"potions_floor_spawned":[1,6,11,16,21,31,35,37,48],"killed_by":"Time Eater","ascension_level":0}}