{"host":"6pcojuaa041y50xg","time":1613470453,"event":{"mods":["2.2 Compatiblity","Act Like it!","Arknights","BaseMod","Better Match","Better Third Choice","BetterRewards","ChefMod","Colored Powertips","Conspire","Ekko","GifTheSpireLib","Halation","Hallownest","Hermit","Hubris","Infinite Spire","Mad Scientist","Minty Spire (QoL Compilation)","Pale of the Ancients","Rare Cards Sparkle","Reliquary","StSLib","Stuff the Spire","SuperFastMode","The Animator","The Blackbeard","The Bladedancer","The Bug Knight","The Gatherer","The Hierophant","The IronCluck","The Judge","The Jungle","The Marked","The Necromancer","The Runesmith","The Servant 0.9.4","The Valiant","The Witch","TheSwordswoman","Trackpad","Wandering Minibosses","everything is the same but u backflip on backflip"],"gold_per_floor":[119,137,62,62,62,87,87,102,153,153,153,165,90,105,105,205,205,225,256,266,266,284,312,312,312],"floor_reached":24,"language":"ENG","playtime":1557,"items_purged":["hermit:Strike_Hermit"],"score":318,"play_id":"4eab50e4-2549-4562-9eba-70313e65e7d6","local_time":"20210216021413","is_ascension_mode":false,"campfire_choices":[{"data":"hermit:TakeAim","floor":7,"key":"SMITH"},{"data":"hermit:Headshot","floor":11,"key":"SMITH"},{"floor":15,"key":"REST"}],"circlet_count":0,"master_deck":["hermit:Strike_Hermit","hermit:Strike_Hermit","hermit:Defend_Hermit+1","hermit:Defend_Hermit","hermit:Defend_Hermit","hermit:Defend_Hermit","hermit:Snapshot","hermit:Covet+1","hermit:TakeAim+1","hermit:Snipe","hermit:Headshot+1","hermit:Vantage","hermit:DeadOrAlive","hermit:Combo","hermit:TrackingShot"],"relics":["hermit:Momento","reliquary:Buckler","halation:BottledLove","Regal Pillow","Coffee Dripper"],"acts_visited":["Hallownest:Greenpath","TheCity"],"potions_floor_usage":[6,6,16,16,19,22,23,24],"damage_taken":[{"damage":13,"enemies":"Hallownest:monsterHuskGuard","floor":1,"turns":5},{"damage":1,"enemies":"2_ Uuma","floor":2,"turns":6},{"damage":29,"enemies":"Hallownest:eliteMossKnight","floor":6,"turns":10},{"damage":3,"enemies":"Hallownest:2_Tiktiks_and_1_Crawlid","floor":8,"turns":2},{"damage":8,"enemies":"Hallownest:Wandering_and_Horned","floor":12,"turns":6},{"damage":13,"enemies":"Hallownest:Guard_and_Warrior","floor":14,"turns":5},{"damage":24,"enemies":"Hallownest:BossFalseKnight","floor":16,"turns":8},{"damage":9,"enemies":"Shell Parasite","floor":18,"turns":6},{"damage":6,"enemies":"conspire:FuzzyDice","floor":19,"turns":6},{"damage":13,"enemies":"conspire:HollyBat","floor":20,"turns":9},{"damage":26,"enemies":"Snake Plant","floor":22,"turns":4},{"damage":6,"enemies":"HollowMod:Nosk","floor":23,"turns":8},{"damage":27,"enemies":"Cultist and Chosen","floor":24,"turns":4}],"seed_played":"-8615641002669460457","potions_obtained":[{"floor":1,"key":"FearPotion"},{"floor":2,"key":"Fire Potion"},{"floor":8,"key":"conspire:TimeTravelPotion"},{"floor":14,"key":"Weak Potion"},{"floor":16,"key":"BlessingOfTheForge"},{"floor":18,"key":"Dexterity Potion"},{"floor":19,"key":"Dexterity Potion"},{"floor":20,"key":"Explosive Potion"},{"floor":23,"key":"AttackPotion"}],"is_trial":false,"path_per_floor":["M","M","?","T","?","E","R","M","T","$","R","M","$","M","R","B",null,"M","M","M","?","M","E","M"],"character_chosen":"HERMIT","items_purchased":["hermit:TakeAim","hermit:Snipe"],"campfire_rested":1,"item_purchase_floors":[0,0],"current_hp_per_floor":[62,61,61,61,61,47,47,44,44,44,44,36,36,23,60,36,75,66,60,47,47,32,26,0,0],"gold":312,"neow_bonus":"","is_daily":false,"chose_seed":false,"campfire_upgraded":2,"win_rate":0.0,"timestamp":1613470453,"path_taken":["M","M","?","?","?","E","R","M","T","$","R","M","?","M","R","BOSS","M","M","M","?","M","E","?"],"items_purchased_type":["Card","Card"],"build_version":"2020-12-22","purchased_purges":1,"victory":false,"max_hp_per_floor":[75,75,75,75,75,75,75,75,75,75,75,75,75,75,75,75,75,75,75,75,75,75,75,75,75],"card_choices":[{"not_picked":["hermit:Manifest","hermit:SprayPray","hermit:Misfire"],"picked":"SKIP","floor":1},{"not_picked":["hermit:Brawl","hermit:HoleUp"],"picked":"hermit:Headshot","floor":2},{"not_picked":["hermit:Midnight","hermit:HighCaliber","hermit:FinalCanter"],"picked":"SKIP","floor":6},{"not_picked":["hermit:Misfire","hermit:Quickdraw","hermit:HoleUp"],"picked":"SKIP","floor":8},{"not_picked":["hermit:NoHoldsBarred","hermit:Virtue","hermit:Showdown"],"picked":"SKIP","floor":12},{"not_picked":["hermit:NoHoldsBarred","hermit:FatalDesire"],"picked":"hermit:Vantage","floor":14},{"not_picked":["hermit:EternalForm","hermit:FinalCanter"],"picked":"hermit:DeadOrAlive","floor":16},{"not_picked":["hermit:ShadowCloak+1","hermit:BodyArmor"],"picked":"hermit:Combo","floor":18},{"not_picked":["hermit:Misfire","hermit:Purgatory","hermit:HighCaliber"],"picked":"SKIP","floor":19},{"not_picked":["hermit:NoHoldsBarred","hermit:Virtue","hermit:Vantage+1"],"picked":"SKIP","floor":20},{"not_picked":["hermit:HoleUp+1","hermit:Misfire"],"picked":"hermit:TrackingShot","floor":22},{"not_picked":["hermit:Magnum","hermit:SprayPray","hermit:FlashPowder"],"picked":"SKIP","floor":23}],"player_experience":524436,"relics_obtained":[{"floor":4,"key":"reliquary:Buckler"},{"floor":6,"key":"halation:BottledLove"},{"floor":9,"key":"Regal Pillow"}],"event_choices":[{"damage_healed":0,"gold_gain":0,"player_choice":"2","damage_taken":0,"max_hp_gain":0,"max_hp_loss":0,"event_name":"betterMatch:BetterMatch","floor":3,"gold_loss":0,"cards_obtained":[]},{"cards_removed":["hermit:Strike_Hermit"],"damage_healed":0,"gold_gain":0,"player_choice":"Purged","damage_taken":0,"max_hp_gain":0,"max_hp_loss":0,"event_name":"Purifier","floor":21,"gold_loss":0}],"is_beta":false,"boss_relics":[{"not_picked":["StuffTheSpire:ModemDavis","SacredBark"],"picked":"Coffee Dripper"}],"items_purged_floors":[13],"is_endless":false,"potions_floor_spawned":[1,2,8,14,16,18,19,20,23],"killed_by":"Cultist and Chosen","ascension_level":0}}