{"host":"April","time":1613462341,"event":{"mods":["BaseMod","Minty Spire (QoL Compilation)"],"gold_per_floor":[362,362,462,472,485,485,518,593,593,593,7,7,32,76,76,199,199,224,237,179,200,17,17,17,17,17,48,48,72,72,95,95,219,219,243,263,263,281,198,198,239,239,288,351,382,24,0,0,0,0],"floor_reached":51,"language":"ENG","playtime":4430,"items_purged":[],"score":789,"play_id":"7f03520c-2040-4ffd-8778-227d81abcf0a","local_time":"20210215235901","is_ascension_mode":true,"campfire_choices":[{"floor":6.0,"key":"REST"},{"floor":10.0,"key":"REST"},{"floor":15.0,"key":"REST"},{"data":"Catalyst","floor":25.0,"key":"SMITH"},{"floor":30.0,"key":"REST"},{"floor":32.0,"key":"REST"},{"floor":40.0,"key":"REST"},{"floor":42,"key":"REST"},{"floor":49,"key":"REST"}],"circlet_count":0,"master_deck":["Strike_G","Strike_G","Strike_G","Strike_G+1","Strike_G","Defend_G","Defend_G","Defend_G","Defend_G","Defend_G","Survivor","Neutralize","Poisoned Stab","Predator","Poisoned Stab","Infinite Blades","A Thousand Cuts","Tools of the Trade","Wraith Form v2","Catalyst+1","Cloak And Dagger+1","Distraction","Shame","Flying Knee","Footwork+1","Burst","Madness","Madness","Parasite","PiercingWail+1","Noxious Fumes+1","Deadly Poison"],"relics":["Ring of the Snake","The Specimen","Bag of Marbles","Pocketwatch","Singing Bowl","ClockworkSouvenir","Pen Nib","Golden Idol","Whetstone","Busted Crown","Centennial Puzzle","Nunchaku","StoneCalendar","HornCleat","Frozen Egg 2","Black Star","Akabeko","Du-Vu Doll","Omamori","TungstenRod","Gremlin Horn","Bronze Scales","Mercury Hourglass","Red Mask"],"acts_visited":["Exordium","TheCity","TheBeyond"],"potions_floor_usage":[41,50,50],"damage_taken":[{"damage":4.0,"enemies":"Jaw Worm","floor":1.0,"turns":6.0},{"damage":0.0,"enemies":"2 Louse","floor":4.0,"turns":2.0},{"damage":1.0,"enemies":"Cultist","floor":5.0,"turns":4.0},{"damage":23.0,"enemies":"3 Sentries","floor":7.0,"turns":7.0},{"damage":0.0,"enemies":"Looter","floor":13.0,"turns":1.0},{"damage":21.0,"enemies":"Lagavulin","floor":14.0,"turns":6.0},{"damage":34.0,"enemies":"The Guardian","floor":16.0,"turns":11.0},{"damage":4.0,"enemies":"Spheric Guardian","floor":18.0,"turns":4.0},{"damage":7.0,"enemies":"3 Byrds","floor":19.0,"turns":4.0},{"damage":3.0,"enemies":"Centurion and Healer","floor":21.0,"turns":5.0},{"damage":32.0,"enemies":"Book of Stabbing","floor":27.0,"turns":6.0},{"damage":0.0,"enemies":"Snake Plant","floor":29.0,"turns":4.0},{"damage":7.0,"enemies":"Cultist and Chosen","floor":31.0,"turns":5.0},{"damage":19.0,"enemies":"Champ","floor":33.0,"turns":12.0},{"damage":13.0,"enemies":"Orb Walker","floor":35.0,"turns":6.0},{"damage":3.0,"enemies":"3 Shapes","floor":36.0,"turns":7.0},{"damage":18.0,"enemies":"Writhing Mass","floor":38.0,"turns":7.0},{"damage":36,"enemies":"Nemesis","floor":41,"turns":9},{"damage":0,"enemies":"Mind Bloom Boss Battle","floor":44,"turns":4},{"damage":29,"enemies":"Giant Head","floor":45,"turns":9},{"damage":44,"enemies":"Donu and Deca","floor":50,"turns":7}],"seed_played":"-2409554472077856061","potions_obtained":[{"floor":1.0,"key":"Strength Potion"},{"floor":7.0,"key":"Poison Potion"},{"floor":14.0,"key":"EntropicBrew"},{"floor":21.0,"key":"LiquidBronze"},{"floor":29.0,"key":"Energy Potion"},{"floor":33.0,"key":"Weak Potion"},{"floor":38.0,"key":"BlessingOfTheForge"},{"floor":44,"key":"Poison Potion"}],"is_trial":false,"path_per_floor":["M","?","?","M","M","R","E","?","T","R","$","?","M","E","R","B",null,"M","M","?","M","$","?","?","R","T","E","?","M","R","M","R","B",null,"M","M","?","M","$","R","E","R","T","?","E","$","?","?","R","B",null],"character_chosen":"THE_SILENT","items_purchased":["Singing Bowl","ClockworkSouvenir","Pen Nib","Infinite Blades","Nunchaku","Distraction","Noxious Fumes+1","Deadly Poison","Mercury Hourglass","CultistPotion"],"campfire_rested":8,"item_purchase_floors":[11,11,11,11,22,22,39,39,46,46],"current_hp_per_floor":[45,33,33,33,32,53,30,19,19,40,40,40,40,19,38,19,65,61,54,54,53,53,53,53,53,53,21,21,23,43,38,59,40,71,60,59,50,32,32,54,20,43,43,45,18,18,18,18,42,24],"gold":0,"neow_bonus":"TWO_FIFTY_GOLD","is_daily":false,"chose_seed":false,"campfire_upgraded":1,"win_rate":0.0,"timestamp":1613462341,"path_taken":["M","?","?","M","?","R","E","?","T","R","$","?","M","E","R","BOSS","M","M","?","?","$","?","?","R","T","E","?","M","R","M","R","BOSS","M","M","?","M","?","R","E","R","T","?","E","$","?","?","R","BOSS"],"items_purchased_type":["Relic","Relic","Relic","Card","Relic","Card","Card","Card","Relic","Potion"],"build_version":"2020-12-18","purchased_purges":0,"victory":true,"max_hp_per_floor":[70,70,70,70,70,70,70,70,70,70,70,65,65,65,65,65,65,65,65,65,67,67,67,67,67,67,67,67,69,69,71,71,71,71,73,75,75,75,75,75,77,77,77,79,81,81,81,81,81,81],"card_choices":[{"not_picked":["Crippling Poison","Deflect"],"picked":"Poisoned Stab","floor":1.0},{"not_picked":["PiercingWail","Dagger Throw"],"picked":"Predator","floor":4.0},{"not_picked":["Distraction","Outmaneuver"],"picked":"Bane","floor":5.0},{"not_picked":["Caltrops","Slice"],"picked":"Poisoned Stab","floor":7.0},{"not_picked":["Poisoned Stab","Quick Slash"],"picked":"A Thousand Cuts","floor":13.0},{"not_picked":["Prepared","Outmaneuver"],"picked":"Tools of the Trade","floor":14.0},{"not_picked":["Adrenaline","Grand Finale"],"picked":"Wraith Form v2","floor":16.0},{"not_picked":[],"picked":"Catalyst","floor":18.0},{"not_picked":[],"picked":"Cloak And Dagger+1","floor":19.0},{"not_picked":["Bane+1"],"picked":"Singing Bowl","floor":21.0},{"not_picked":[],"picked":"Flying Knee","floor":27.0},{"not_picked":["Dagger Throw+1"],"picked":"Singing Bowl","floor":29.0},{"not_picked":["Prepared"],"picked":"Singing Bowl","floor":31.0},{"not_picked":[],"picked":"Burst","floor":33.0},{"not_picked":["Prepared"],"picked":"Singing Bowl","floor":35.0},{"not_picked":["Predator"],"picked":"Singing Bowl","floor":36.0},{"not_picked":[],"picked":"PiercingWail+1","floor":38.0},{"not_picked":["Expertise+1"],"picked":"Singing Bowl","floor":41},{"not_picked":["Flying Knee+1"],"picked":"Singing Bowl","floor":44},{"not_picked":["Flechettes"],"picked":"Singing Bowl","floor":45}],"player_experience":2676387,"relics_obtained":[{"floor":7.0,"key":"Bag of Marbles"},{"floor":9.0,"key":"Pocketwatch"},{"floor":14.0,"key":"Whetstone"},{"floor":26.0,"key":"HornCleat"},{"floor":27.0,"key":"Frozen Egg 2"},{"floor":41,"key":"Akabeko"},{"floor":41,"key":"Du-Vu Doll"},{"floor":43,"key":"Omamori"},{"floor":44,"key":"TungstenRod"},{"floor":45,"key":"Gremlin Horn"},{"floor":45,"key":"Bronze Scales"}],"event_choices":[{"damage_healed":0.0,"max_hp_gain":0.0,"max_hp_loss":0.0,"gold_gain":0.0,"event_name":"Scrap Ooze","player_choice":"Success","floor":2.0,"gold_loss":0.0,"damage_taken":12.0,"relics_obtained":["The Specimen"]},{"damage_healed":0.0,"max_hp_gain":0.0,"max_hp_loss":0.0,"gold_gain":100.0,"event_name":"Golden Shrine","player_choice":"Pray","floor":3.0,"gold_loss":0.0,"damage_taken":0.0},{"damage_healed":0.0,"max_hp_gain":0.0,"max_hp_loss":0.0,"gold_gain":75.0,"event_name":"World of Goop","player_choice":"Gather Gold","floor":8.0,"gold_loss":0.0,"damage_taken":11.0},{"damage_healed":0.0,"max_hp_gain":0.0,"max_hp_loss":5.0,"gold_gain":0.0,"event_name":"Golden Idol","player_choice":"Lose Max HP","floor":12.0,"gold_loss":0.0,"damage_taken":0.0,"relics_obtained":["Golden Idol"]},{"damage_healed":0.0,"max_hp_gain":0.0,"max_hp_loss":0.0,"gold_gain":0.0,"event_name":"WeMeetAgain","player_choice":"Paid Gold","floor":20.0,"gold_loss":58.0,"damage_taken":0.0,"relics_obtained":["Centennial Puzzle"]},{"damage_healed":0.0,"max_hp_gain":0.0,"max_hp_loss":0.0,"gold_gain":0.0,"event_name":"Addict","player_choice":"Stole Relic","floor":23.0,"gold_loss":0.0,"damage_taken":0.0,"relics_obtained":["StoneCalendar"],"cards_obtained":["Shame"]},{"damage_healed":0.0,"max_hp_gain":0.0,"max_hp_loss":0.0,"gold_gain":0.0,"event_name":"Vampires","player_choice":"Ignored","floor":24.0,"gold_loss":0.0,"damage_taken":0.0},{"damage_healed":0.0,"max_hp_gain":0.0,"max_hp_loss":0.0,"gold_gain":0.0,"event_name":"The Library","player_choice":"Read","floor":28.0,"gold_loss":0.0,"damage_taken":0.0,"cards_obtained":["Footwork"]},{"damage_healed":0.0,"max_hp_gain":0.0,"max_hp_loss":0.0,"gold_gain":0.0,"event_name":"Winding Halls","player_choice":"Embrace Madness","floor":37.0,"gold_loss":0.0,"damage_taken":9.0,"cards_obtained":["Madness","Madness"]},{"damage_healed":0,"gold_gain":0,"player_choice":"Fight","damage_taken":0,"max_hp_gain":0,"max_hp_loss":0,"event_name":"MindBloom","floor":44,"gold_loss":0},{"damage_healed":0,"gold_gain":0,"player_choice":"Paid","damage_taken":0,"relics_obtained":["Red Mask"],"max_hp_gain":0,"max_hp_loss":0,"event_name":"Tomb of Lord Red Mask","floor":47,"gold_loss":24},{"cards_removed":["Bane"],"damage_healed":0,"gold_gain":0,"player_choice":"Removed Attack","damage_taken":0,"max_hp_gain":0,"max_hp_loss":0,"event_name":"Falling","floor":48,"gold_loss":0}],"is_beta":true,"boss_relics":[{"not_picked":["Philosopher\u0027s Stone","Astrolabe"],"picked":"Busted Crown"},{"not_picked":["Cursed Key","HoveringKite"],"picked":"Black Star"}],"items_purged_floors":[],"is_endless":false,"potions_floor_spawned":[1,7,14,21,29,33,38,44],"ascension_level":1}}