{"host":"g2yp6paluzgljz05","time":1613439791,"event":{"mods":["BaseMod","Bestiary","Colored Powertips","DeckTracker","Highlight Path","Minty Spire (QoL Compilation)","Quick Restart"],"gold_per_floor":[112,130,130,205,205,237,237,257,257,274,199,199,219,219,219,317,317,334,334,318,336,211,211,230,230,276,301,301,216,216,216,216,216,216],"floor_reached":33,"language":"ENG","playtime":1663,"items_purged":["Strike_B","Turbo"],"score":329,"play_id":"80a5f44e-fc7d-4a4b-ac82-3b04af9c451e","local_time":"20210216124311","is_ascension_mode":true,"campfire_choices":[{"floor":7,"key":"REST"},{"floor":12,"key":"REST"},{"data":"Zap","floor":15,"key":"SMITH"},{"floor":23,"key":"REST"},{"data":"Buffer","floor":25,"key":"SMITH"},{"floor":30,"key":"REST"},{"data":"Scrape","floor":32,"key":"SMITH"}],"circlet_count":0,"master_deck":["Defend_B","Defend_B","Defend_B","Defend_B","Zap+1","Dualcast","All For One","Coolheaded","Go for the Eyes","Self Repair","Static Discharge","Buffer+1","Static Discharge+1","Deep Breath","Go for the Eyes","Gash","Beam Cell","Steam Power+1","Scrape+1"],"relics":["Cracked Core","Pocketwatch","Kunai","Gremlin Horn","Nuclear Battery","Omamori","Lizard Tail"],"acts_visited":["Exordium","TheCity"],"potions_floor_usage":[],"damage_taken":[{"damage":0,"enemies":"2 Louse","floor":1,"turns":2},{"damage":0,"enemies":"Small Slimes","floor":2,"turns":3},{"damage":41,"enemies":"Lagavulin","floor":6,"turns":8},{"damage":4,"enemies":"Cultist","floor":8,"turns":3},{"damage":10,"enemies":"Blue Slaver","floor":10,"turns":3},{"damage":0,"enemies":"Large Slime","floor":13,"turns":5},{"damage":21,"enemies":"Hexaghost","floor":16,"turns":10},{"damage":23,"enemies":"Spheric Guardian","floor":18,"turns":6},{"damage":24,"enemies":"2 Thieves","floor":20,"turns":5},{"damage":7,"enemies":"Cultist and Chosen","floor":21,"turns":6},{"damage":26,"enemies":"Shelled Parasite and Fungi","floor":24,"turns":4},{"damage":8,"enemies":"Book of Stabbing","floor":27,"turns":5},{"damage":34,"enemies":"Champ","floor":33,"turns":8}],"seed_played":"7725466991514407935","potions_obtained":[{"floor":2,"key":"EssenceOfSteel"},{"floor":6,"key":"FearPotion"},{"floor":16,"key":"FearPotion"},{"floor":31,"key":"DuplicationPotion"}],"is_trial":false,"path_per_floor":["M","M","?","?","?","E","R","M","T","M","$","R","M","?","R","B",null,"M","?","M","M","$","R","M","R","T","E","?","?","R","?","R","B"],"character_chosen":"DEFECT","items_purchased":["Beam Cell"],"campfire_rested":4,"item_purchase_floors":[22],"current_hp_per_floor":[54,54,75,64,52,11,33,29,29,19,19,41,41,41,41,27,63,47,35,18,18,18,40,21,21,21,20,20,20,42,42,42,8,8],"gold":216,"neow_bonus":"TRANSFORM_TWO_CARDS","is_daily":false,"chose_seed":false,"campfire_upgraded":3,"win_rate":0.0,"timestamp":1613439791,"path_taken":["M","M","?","?","?","E","R","M","T","M","$","R","M","?","R","BOSS","M","?","M","?","$","R","M","R","T","E","?","?","R","?","R","BOSS"],"items_purchased_type":["Card"],"build_version":"2020-12-22","purchased_purges":2,"victory":false,"max_hp_per_floor":[75,75,75,75,75,75,75,75,75,75,75,75,75,75,75,75,75,75,75,75,75,75,75,75,75,75,75,75,75,75,75,75,75,75],"card_choices":[{"not_picked":["Rebound","Barrage","Glacier"],"picked":"SKIP","floor":1},{"not_picked":["Auto Shields","Defragment"],"picked":"Coolheaded","floor":2},{"not_picked":["Conserve Battery","Chaos","Redo"],"picked":"SKIP","floor":6},{"not_picked":["Rip and Tear","Chaos"],"picked":"Go for the Eyes","floor":8},{"not_picked":["Storm","Compile Driver","Rebound"],"picked":"SKIP","floor":10},{"not_picked":["Rebound","Steam"],"picked":"Self Repair","floor":13},{"not_picked":["Meteor Strike","Fission"],"picked":"Buffer","floor":16},{"not_picked":["Coolheaded","Compile Driver"],"picked":"Static Discharge+1","floor":18},{"not_picked":["Compile Driver","Rip and Tear"],"picked":"Go for the Eyes","floor":20},{"not_picked":["All For One","Ball Lightning"],"picked":"Gash","floor":21},{"not_picked":["Ball Lightning","Leap"],"picked":"Steam Power+1","floor":24},{"not_picked":["Blizzard","Undo"],"picked":"Scrape","floor":27}],"player_experience":377161,"relics_obtained":[{"floor":6,"key":"Kunai"},{"floor":9,"key":"Gremlin Horn"},{"floor":27,"key":"Omamori"}],"event_choices":[{"damage_healed":25,"gold_gain":0,"player_choice":"Banana","damage_taken":0,"max_hp_gain":0,"max_hp_loss":0,"event_name":"Big Fish","floor":3,"gold_loss":0},{"damage_healed":0,"gold_gain":75,"player_choice":"Gather Gold","damage_taken":11,"max_hp_gain":0,"max_hp_loss":0,"event_name":"World of Goop","floor":4,"gold_loss":0},{"damage_healed":0,"gold_gain":0,"player_choice":"Success","damage_taken":12,"relics_obtained":["Pocketwatch"],"max_hp_gain":0,"max_hp_loss":0,"event_name":"Scrap Ooze","floor":5,"gold_loss":0},{"damage_healed":0,"gold_gain":0,"cards_transformed":["Strike_B"],"player_choice":"Change","damage_taken":0,"max_hp_gain":0,"max_hp_loss":0,"event_name":"Living Wall","floor":14,"gold_loss":0,"cards_obtained":["Static Discharge"]},{"damage_healed":0,"gold_gain":0,"player_choice":"CARD ","damage_taken":12,"max_hp_gain":0,"max_hp_loss":0,"event_name":"Knowing Skull","floor":19,"potions_obtained":[],"gold_loss":0,"cards_obtained":["Deep Breath"]},{"damage_healed":0,"gold_gain":0,"player_choice":"Ignored","damage_taken":0,"max_hp_gain":0,"max_hp_loss":0,"event_name":"Vampires","floor":28,"gold_loss":0},{"damage_healed":0,"gold_gain":0,"player_choice":"Obtained Relic","damage_taken":0,"relics_obtained":["Lizard Tail"],"max_hp_gain":0,"max_hp_loss":0,"event_name":"Addict","floor":29,"gold_loss":85},{"damage_healed":0,"gold_gain":0,"player_choice":"Got Potions","damage_taken":0,"max_hp_gain":0,"max_hp_loss":0,"event_name":"Lab","floor":31,"gold_loss":0}],"is_beta":false,"boss_relics":[{"not_picked":["Runic Pyramid","Busted Crown"],"picked":"Nuclear Battery"}],"items_purged_floors":[11,22],"is_endless":false,"potions_floor_spawned":[2,6,16,20],"killed_by":"Champ","ascension_level":5}}