{"host":"Doisman","time":1613496457,"event":{"mods":["AchievementEnabler","BaseMod","Better Note","Curses Come First","Minty Spire (QoL Compilation)","Permanent Neow","Quick Restart","Relic Stats","Replay The Spire","StSLib","slay the spire mod where everything is the same but ironclad has a cowboy hat"],"gold_per_floor":[214,232,251,263,282,317,317,346,346,376,388,425,437,469,481,597,609,609,609,609,609,445,445,445,445,445,445,445,445,445,445,445,445,445,445,445,445,445,445,445,445,445,445,445,445,445,445,445,445,445],"floor_reached":51,"language":"ENG","playtime":2286,"items_purged":[],"score":983,"play_id":"8495d41d-3ac3-4dbe-b6f4-a101af386e18","local_time":"20210216112737","is_ascension_mode":true,"campfire_choices":[{"data":"Draining Mist","floor":7,"key":"SMITH"},{"floor":13,"key":"REST"},{"data":"Neutralize","floor":15,"key":"SMITH"},{"data":"After Image","floor":23,"key":"SMITH"},{"data":"Footwork","floor":25,"key":"SMITH"},{"floor":32,"key":"REST"},{"data":"Crippling Poison","floor":42,"key":"SMITH"},{"data":"m_Survivalism","floor":44,"key":"SMITH"},{"data":"After Image","floor":49,"key":"SMITH"}],"circlet_count":0,"master_deck":["Strike_G","Strike_G+1","Strike_G","Defend_G","Defend_G","Defend_G","Defend_G","Defend_G","Neutralize+1","Draining Mist+1","Poisoned Stab","Poisoned Stab+1","Fluid Movement","ReplayTheSpireMod:Speed Training","Crippling Poison+1","Calculated Gamble","m_Survivalism+1","Catalyst","Deadly Poison","Catalyst","After Image+1","ReplayTheSpireMod:Speed Training","Dash","Leg Sweep","Backflip","Footwork+1","Apotheosis","Distraction+1","Sneak Up","Sneak Up","ReplayTheSpireMod:Speed Training","Cloak And Dagger+1","Fluid Movement","After Image+1","Backflip","Catalyst+1","Doubt","Noxious Fumes+1","Draining Mist+1"],"relics":["Replay:Wanted Poster","Prayer Wheel","Pear","MawBank","Art of War","Replay:Grab Bag","Cursed Key","Ectoplasm","Black Star","Shuriken","Blood Vial","Replay:Rubber Ducky","Juzu Bracelet","Runic Pyramid","FossilizedHelix","Gremlin Food","Whetstone","Ornamental Fan","Question Card","The Courier"],"acts_visited":["Exordium","TheCity","TheBeyond"],"potions_floor_usage":[5,10,16,19,24,50,50,50,50],"damage_taken":[{"damage":6,"enemies":"Cultist","floor":1,"turns":4},{"damage":0,"enemies":"2 Louse","floor":2,"turns":8},{"damage":0,"enemies":"Small Slimes","floor":3,"turns":3},{"damage":4,"enemies":"2 Fungi Beasts","floor":4,"turns":4},{"damage":0,"enemies":"Exordium Wildlife","floor":5,"turns":3},{"damage":25,"enemies":"Gremlin Nob","floor":6,"turns":4},{"damage":6,"enemies":"Lagavulin","floor":8,"turns":6},{"damage":0,"enemies":"Lots of Slimes","floor":10,"turns":4},{"damage":20,"enemies":"Gremlin Nob","floor":12,"turns":4},{"damage":0,"enemies":"Blue Slaver","floor":14,"turns":3},{"damage":11,"enemies":"The Guardian","floor":16,"turns":6},{"damage":3,"enemies":"Shell Parasite","floor":18,"turns":5},{"damage":8,"enemies":"3 Byrds","floor":19,"turns":5},{"damage":7,"enemies":"Centurion and Healer","floor":21,"turns":6},{"damage":35,"enemies":"Slavers","floor":24,"turns":7},{"damage":18,"enemies":"Cultist and Chosen","floor":28,"turns":8},{"damage":0,"enemies":"Book of Stabbing","floor":29,"turns":6},{"damage":31,"enemies":"Automaton","floor":33,"turns":9},{"damage":0,"enemies":"3 Shapes","floor":35,"turns":7},{"damage":5,"enemies":"3 Darklings","floor":37,"turns":7},{"damage":0,"enemies":"Mind Bloom Boss Battle","floor":38,"turns":6},{"damage":0,"enemies":"R_Hoarder","floor":40,"turns":9},{"damage":0,"enemies":"Giant Head","floor":46,"turns":6},{"damage":0,"enemies":"Jaw Worm Horde","floor":47,"turns":7},{"damage":0,"enemies":"Spire Growth","floor":48,"turns":4},{"damage":0,"enemies":"Time Eater","floor":50,"turns":11}],"seed_played":"-1733238102801650631","potions_obtained":[{"floor":3,"key":"SteroidPotion"},{"floor":4,"key":"Adrenaline Potion"},{"floor":5,"key":"Dexterity Potion"},{"floor":6,"key":"Block Potion"},{"floor":10,"key":"SkillPotion"},{"floor":14,"key":"Venom Potion"},{"floor":18,"key":"SpeedPotion"},{"floor":21,"key":"Regen Potion"},{"floor":28,"key":"Reflective Coating"},{"floor":37,"key":"EntropicBrew"},{"floor":45,"key":"Regen Potion"}],"is_trial":false,"path_per_floor":["M","M","M","M","M","E","R","E","T","M","?","E","R","M","R","B",null,"M","M","?","M","$","R","E","R","T","?","M","E","?","T","R","B",null,"M","?","M","?","?","E","?","R","T","R","?","E","M","M","R","B",null],"character_chosen":"THE_SILENT","items_purchased":["Apotheosis"],"campfire_rested":2,"item_purchase_floors":[22],"current_hp_per_floor":[64,64,64,60,60,35,35,39,39,39,39,19,43,43,43,32,80,77,69,69,62,62,62,42,42,42,42,26,28,28,28,52,23,80,80,76,71,73,73,75,75,75,75,75,75,76,76,76,76,76],"gold":445,"neow_bonus":"BOSS_RELIC","is_daily":false,"chose_seed":false,"campfire_upgraded":7,"win_rate":0.0,"timestamp":1613496457,"path_taken":["M","M","?","M","M","E","R","E","T","M","?","E","R","M","R","BOSS","M","M","?","M","$","R","E","R","T","?","?","E","?","?","R","BOSS","M","?","M","?","?","E","?","R","T","R","?","E","M","M","R","BOSS"],"items_purchased_type":["Card"],"build_version":"2020-12-18","purchased_purges":0,"victory":true,"max_hp_per_floor":[70,70,70,70,70,70,70,80,80,80,80,80,80,80,80,80,80,80,80,80,80,80,80,80,80,80,80,80,80,80,80,80,80,80,80,76,76,76,76,76,76,76,76,76,76,76,76,76,76,76],"relic_stats":{"counters":[26,152],"Juzu Bracelet":0,"Whetstone":["Strike_G","Poisoned Stab"],"MawBank":96,"Cursed Key":0,"Question Card":4,"Blood Vial":11,"Shuriken":[9],"Ornamental Fan":[12],"Prayer Wheel":10,"Ectoplasm":494,"Art of War":[32],"Black Star":4,"obtain_stats":[{"Gremlin Food":40,"Pear":8,"Replay:Grab Bag":17,"The Courier":46,"Juzu Bracelet":29,"Whetstone":40,"MawBank":9,"Cursed Key":17,"Question Card":46,"Replay:Rubber Ducky":29,"Replay:Wanted Poster":0,"Blood Vial":24,"Shuriken":24,"Ornamental Fan":45,"Prayer Wheel":6,"Ectoplasm":17,"Art of War":12,"Black Star":17,"FossilizedHelix":38,"Ring of the Snake":0,"Runic Pyramid":34},{"Gremlin Food":22,"Pear":7,"Replay:Grab Bag":11,"The Courier":23,"Juzu Bracelet":17,"Whetstone":22,"MawBank":7,"Cursed Key":11,"Question Card":23,"Replay:Rubber Ducky":17,"Replay:Wanted Poster":0,"Blood Vial":15,"Shuriken":15,"Ornamental Fan":22,"Prayer Wheel":6,"Ectoplasm":11,"Art of War":9,"Black Star":11,"FossilizedHelix":21,"Ring of the Snake":0,"Runic Pyramid":18},{"Gremlin Food":124,"Pear":32,"Replay:Grab Bag":49,"The Courier":130,"Juzu Bracelet":86,"Whetstone":124,"MawBank":32,"Cursed Key":49,"Question Card":130,"Replay:Rubber Ducky":86,"Replay:Wanted Poster":0,"Blood Vial":72,"Shuriken":72,"Ornamental Fan":124,"Prayer Wheel":26,"Ectoplasm":49,"Art of War":40,"Black Star":49,"FossilizedHelix":115,"Ring of the Snake":0,"Runic Pyramid":95}]},"card_choices":[{"not_picked":["Cloak And Dagger","Leg Sweep"],"picked":"Draining Mist","floor":1},{"not_picked":["Flying Knee","Tactician"],"picked":"Poisoned Stab","floor":2},{"not_picked":["Quick Slash","Heel Hook"],"picked":"Poisoned Stab","floor":3},{"not_picked":["Distraction","Prepared"],"picked":"Fluid Movement","floor":4},{"not_picked":["Dagger Throw","Deflect"],"picked":"ReplayTheSpireMod:Speed Training","floor":5},{"not_picked":["Wraith Form v2","Outmaneuver","Prepared"],"picked":"SKIP","floor":6},{"not_picked":["Concentrate","Blur"],"picked":"Crippling Poison","floor":8},{"not_picked":["PiercingWail","Acrobatics"],"picked":"Calculated Gamble","floor":10},{"not_picked":["ReplayTheSpireMod:Tripwire","Dagger Spray","Cloak And Dagger"],"picked":"SKIP","floor":10},{"not_picked":["Escape Plan","Bullet Time"],"picked":"Catalyst","floor":12},{"not_picked":["Dodge and Roll","Hidden Blade"],"picked":"Deadly Poison","floor":14},{"not_picked":["Dagger Spray","Bouncing Flask"],"picked":"Catalyst","floor":14},{"not_picked":["Doppelganger","Wraith Form v2"],"picked":"After Image","floor":16},{"not_picked":["Acrobatics","ReplayTheSpireMod:Scrap Shanks+1"],"picked":"ReplayTheSpireMod:Speed Training","floor":18},{"not_picked":["Setup","Sucker Punch"],"picked":"Dash","floor":18},{"not_picked":["Dagger Throw","Acrobatics+1"],"picked":"Leg Sweep","floor":19},{"not_picked":["Dodge and Roll","Slice"],"picked":"Backflip","floor":19},{"not_picked":["Well Laid Plans","Deflect"],"picked":"Footwork","floor":21},{"not_picked":["Dagger Spray+1","Tactician","Bane"],"picked":"SKIP","floor":21},{"not_picked":["Acrobatics","Venomology"],"picked":"Distraction+1","floor":24},{"not_picked":["Blade Dance","Acrobatics"],"picked":"Sneak Up","floor":28},{"not_picked":["Catalyst","ReplayTheSpireMod:Speed Training","Blade Dance"],"picked":"SKIP","floor":28},{"not_picked":["Hidden Blade+1","Terror+1","All Out Attack"],"picked":"SKIP","floor":29},{"not_picked":["Prepared+1","Bane"],"picked":"Cloak And Dagger+1","floor":35},{"not_picked":["Slice+1","Finisher+1"],"picked":"Fluid Movement","floor":35},{"not_picked":["Slice","Well Laid Plans+1"],"picked":"After Image","floor":37},{"not_picked":["Sucker Punch+1","All Out Attack+1","Underhanded Strike+1"],"picked":"SKIP","floor":37},{"not_picked":["Infinite Blades+1","Deflect+1"],"picked":"Backflip","floor":38},{"not_picked":["Prepared+1","Poisoned Stab"],"picked":"Catalyst+1","floor":40},{"not_picked":["Hidden Blade","Deflect"],"picked":"Noxious Fumes+1","floor":45},{"not_picked":["Hidden Blade+1","Acrobatics","Calculated Gamble"],"picked":"SKIP","floor":46},{"not_picked":["Dagger Throw+1","Endless Agony+1","Backflip"],"picked":"Draining Mist+1","floor":47},{"not_picked":["Prepared","Quick Slash","Predator","A Thousand Cuts"],"picked":"SKIP","floor":47},{"not_picked":["Deadly Poison+1","Setup+1","Blade Dance","Prepared"],"picked":"SKIP","floor":48},{"not_picked":["Night Terror","Setup+1","Outmaneuver","Hidden Blade"],"picked":"SKIP","floor":48}],"player_experience":1134420,"relics_obtained":[{"floor":6,"key":"Prayer Wheel"},{"floor":8,"key":"Pear"},{"floor":9,"key":"MawBank"},{"floor":12,"key":"Art of War"},{"floor":24,"key":"Shuriken"},{"floor":24,"key":"Blood Vial"},{"floor":29,"key":"Replay:Rubber Ducky"},{"floor":29,"key":"Juzu Bracelet"},{"floor":38,"key":"FossilizedHelix"},{"floor":40,"key":"Gremlin Food"},{"floor":40,"key":"Whetstone"},{"floor":45,"key":"Ornamental Fan"},{"floor":46,"key":"Question Card"},{"floor":46,"key":"The Courier"}],"event_choices":[{"damage_healed":0,"gold_gain":0,"player_choice":"Ignored","damage_taken":0,"max_hp_gain":0,"max_hp_loss":0,"event_name":"betterNote:BetterNote","floor":20,"gold_loss":0,"cards_obtained":["Die Die Die"]},{"damage_healed":0,"gold_gain":0,"player_choice":"Ignored","damage_taken":0,"max_hp_gain":0,"max_hp_loss":0,"event_name":"The Mausoleum","floor":27,"gold_loss":0},{"damage_healed":0,"gold_gain":0,"cards_transformed":["Strike_G","Strike_G"],"player_choice":"Became Test Subject","damage_taken":0,"max_hp_gain":0,"max_hp_loss":0,"event_name":"Drug Dealer","floor":30,"gold_loss":0,"cards_obtained":["Sneak Up","ReplayTheSpireMod:Speed Training"]},{"damage_healed":0,"gold_gain":0,"player_choice":"Max HP","damage_taken":0,"max_hp_gain":0,"max_hp_loss":4,"event_name":"Winding Halls","floor":36,"gold_loss":0},{"damage_healed":0,"gold_gain":0,"player_choice":"Fight","damage_taken":0,"max_hp_gain":0,"max_hp_loss":0,"event_name":"MindBloom","floor":38,"gold_loss":0},{"damage_healed":0,"gold_gain":0,"player_choice":"Ignored","damage_taken":0,"max_hp_gain":0,"max_hp_loss":0,"event_name":"Tomb of Lord Red Mask","floor":41,"gold_loss":0}],"is_beta":true,"boss_relics":[{"not_picked":["Kintsugi","Ring of Chaos"],"picked":"Replay:Grab Bag"},{"not_picked":["Coffee Dripper","Fusion Hammer"],"picked":"Cursed Key"},{"not_picked":["Replay:Bronze Core","ReplayTheSpireMod:Onyx Gauntlets"],"picked":"Ectoplasm"},{"not_picked":["SlaversCollar","HoveringKite"],"picked":"Black Star"},{"not_picked":["Tiny House","Snecko Scales"],"picked":"Runic Pyramid"}],"items_purged_floors":[],"is_endless":false,"potions_floor_spawned":[3,4,5,6,10,14,18,21,28,33,37,38,47],"ascension_level":1}}