{"host":"8vqkh0x3c7vpgzzm","time":1613494709,"event":{"mods":["AchievementEnabler","BaseMod","Colored Map","Colored Powertips","Curses Come First","DeckTracker","Downfall","Highlight Path","Minty Spire (QoL Compilation)","Permanent Neow","Quick Restart","Random Character Mod","Rare Cards Sparkle","Relic Sorter","Relic Stats","StSLib","SuperFastMode","Unceasing Turn Reminder","egg","everything is the same but u backflip on backflip"],"gold_per_floor":[99,119,27,177,177,177,177,177],"floor_reached":6,"language":"ENG","playtime":428,"items_purged":[],"score":46,"play_id":"f147c5f6-42fd-4b18-9646-c80dfd3eac03","local_time":"20210216175829","daily_mods":["Draft","Heirloom"],"is_ascension_mode":true,"campfire_choices":[{"data":"Guardian:Suspension","floor":1,"key":"SMITH"}],"circlet_count":0,"master_deck":["Guardian:TemporalShield","Guardian:ChargeCore","Guardian:Reroute","Guardian:PiercingHide","Guardian:PrimingBeam","Guardian:ShieldCharger","Guardian:Suspension+1","Guardian:Incinerate","Guardian:PiercingHide","Guardian:Planning","Guardian:ChargeCore","Guardian:Gem_Yellow","Guardian:Gem_Cyan","Guardian:PrismaticBeam","downfall:Icky"],"relics":["Guardian:ModeShifter","CaptainsWheel"],"acts_visited":["Exordium"],"potions_floor_usage":[],"damage_taken":[{"damage":0,"enemies":"Jaw Worm","floor":2,"turns":2},{"damage":0,"enemies":"downfall:FleeingMerchant","floor":3,"turns":4},{"damage":73,"enemies":"Gremlin Nob","floor":6,"turns":6}],"seed_played":"7184691882006578585","potions_obtained":[],"is_trial":true,"path_per_floor":["R","M","$","?","?","E"],"character_chosen":"GUARDIAN","items_purchased":["Guardian:PrismaticBeam"],"campfire_rested":0,"item_purchase_floors":[3],"current_hp_per_floor":[72,72,72,72,72,0,0,0],"gold":177,"neow_bonus":"","is_daily":false,"chose_seed":false,"campfire_upgraded":1,"win_rate":0.0,"timestamp":1613494709,"path_taken":["R","M","$","?","?","E"],"items_purchased_type":["Card"],"build_version":"2020-12-22","purchased_purges":0,"victory":false,"max_hp_per_floor":[80,80,80,80,80,80,80,80],"relic_stats":{"counters":[3,12],"obtain_stats":[{"CaptainsWheel":0,"Guardian:ModeShifter":0},{"CaptainsWheel":0,"Guardian:ModeShifter":0},{"CaptainsWheel":0,"Guardian:ModeShifter":0}]},"card_choices":[{"not_picked":["Guardian:Gem_Green","Guardian:BronzeArmor"],"picked":"Guardian:TemporalShield","floor":0},{"not_picked":["Guardian:VentSteam","Guardian:TemporalShield"],"picked":"Guardian:ChargeCore","floor":0},{"not_picked":["Guardian:SpikerProtocol","Guardian:TemporalShield"],"picked":"Guardian:Reroute","floor":0},{"not_picked":["Guardian:Gem_Green","Guardian:Reroute"],"picked":"Guardian:PiercingHide","floor":0},{"not_picked":["Guardian:SentryBeam","Guardian:BodySlam"],"picked":"Guardian:PrimingBeam","floor":0},{"not_picked":["Guardian:Clone","Guardian:Gem_Blue"],"picked":"Guardian:Gem_Fragmented","floor":0},{"not_picked":["Guardian:PiercingHide","Guardian:Gem_Lightblue"],"picked":"Guardian:ShieldCharger","floor":0},{"not_picked":["Guardian:ChargeCore","Guardian:Suspension"],"picked":"Guardian:Gem_Cyan","floor":0},{"not_picked":["Guardian:CrystalBeam","Guardian:Gem_Green"],"picked":"Guardian:Suspension","floor":0},{"not_picked":["Guardian:Preprogram","Guardian:ChargeCore"],"picked":"Guardian:Incinerate","floor":0},{"not_picked":["Guardian:DonusPower","Guardian:Gem_Cyan"],"picked":"Guardian:Gem_Purple","floor":0},{"not_picked":["Guardian:Recover","Guardian:Reroute"],"picked":"Guardian:PiercingHide","floor":0},{"not_picked":["Guardian:TemporalStrike","Guardian:PrismaticBeam"],"picked":"Guardian:Planning","floor":0},{"not_picked":["Guardian:Reroute","Guardian:Incinerate"],"picked":"Guardian:ChargeCore","floor":0},{"not_picked":["Guardian:BronzeOrb","Guardian:PiercingHide"],"picked":"Guardian:Gem_Crimson","floor":0},{"not_picked":["Guardian:Gem_Green","Guardian:ShieldCharger"],"picked":"Guardian:Gem_Yellow","floor":2},{"not_picked":["Guardian:DecasProtection","Guardian:FloatingOrbs"],"picked":"Guardian:Gem_Cyan","floor":3}],"player_experience":574269,"relics_obtained":[],"event_choices":[],"is_beta":false,"boss_relics":[],"items_purged_floors":[],"is_endless":false,"potions_floor_spawned":[],"killed_by":"Gremlin Nob","ascension_level":9}}