{"host":"m3rs92yjkwi06hli","time":1613443610,"event":{"mods":["Act Like it!","Aspiration","BaseMod","Colored Map","Conspire","Defuse TimeMaze Blight","Duelist Mod","Energized Spire","Hubris","Infinite Spire","Minty Spire (QoL Compilation)","Relic Stats","Replay The Spire","Spicy Shops","StSLib"],"gold_per_floor":[143,143,2,96,96,108,108,137,137,3,17,52,52,62,62,166,166,185,198,198,198,213,242,242,182,208,208,223,17,33,133,133,240,240,276,345,384,429,429,486,486,486,511,373,436,436,436,508,508,538,538],"floor_reached":50,"language":"ENG","playtime":1879,"items_purged":["theDuelist:VampireCurse","ReplayTheSpireMod:Restless Dread","Writhe","conspire:NecroticWound"],"score":1569,"play_id":"03cf597d-5470-4746-87e6-13006f482b5c","local_time":"20210215204650","is_ascension_mode":true,"campfire_choices":[{"data":"theDuelist:SkullServant","floor":7,"key":"SMITH"},{"floor":15,"key":"REST"},{"floor":24,"key":"REST"},{"data":"theDuelist:VendreadStriges","floor":27,"key":"SMITH"},{"floor":32,"key":"REST"},{"floor":41,"key":"REST"},{"floor":46,"key":"REST"},{"data":"1","floor":49,"key":"LIFT"}],"circlet_count":0,"master_deck":["theDuelist:ZombieCorpse","theDuelist:ZombieCorpse","theDuelist:ZombieCorpse","theDuelist:ZombieCorpse","theDuelist:ZombieCorpse","theDuelist:ZombieCorpse","theDuelist:ArchfiendZombieSkull+1","theDuelist:ArmoredZombie+1","theDuelist:ArmoredZombie","AscendersBane","theDuelist:ClownZombie","theDuelist:ShallowGrave","theDuelist:SkullConductor","theDuelist:TutanMask","theDuelist:SkullServant+1","theDuelist:CallMummy","theDuelist:Wasteland","theDuelist:ZombieWarrior+1","theDuelist:VendreadStriges+1","theDuelist:VendreadAnima+1","theDuelist:Chopman","ReplayTheSpireMod:Chaos Vortex","theDuelist:BattleFusion","theDuelist:FusionGuard+1","theDuelist:VendreadStriges","theDuelist:VendreadRevenants","theDuelist:Miscellaneousaurus","theDuelist:VendreadCore+1","theDuelist:OboroGuruma","theDuelist:GhostrickJiangshi+1","theDuelist:ZombieMaster+1","theDuelist:VampireKingdom+1","theDuelist:GhostrickMummy","Hallucinations"],"relics":["theDuelist:MillenniumPuzzle","theDuelist:CardPoolRelic","theDuelist:CardPoolBasicRelic","theDuelist:BoosterPackPoolRelic","theDuelist:CardPoolAddRelic","theDuelist:CardPoolMinusRelic","theDuelist:CardPoolSaveRelic","theDuelist:CardPoolOptionsRelic","NeowsBlessing","theDuelist:MillenniumRing","Turnip","Gremlin Food","Replay:Bottled Snecko","Tiny Chest","theDuelist:YugiMirror","theDuelist:MerchantPendant","Strawberry","infinitespire:Burning Sword","Replay:Bottled Steam","theDuelist:ShopToken","Cursed Key","Durian","Membership Card","Girya","theDuelist:MutatorToken","infinitespire:EvilPickle","Painkiller Herb","infinitespire:Bottled Soul","theDuelist:SummonAnchor","Mercury Hourglass","Replay:Bandana","ClockworkSouvenir","theDuelist:ZombieRelic","energizedSpire:NeverEndingSparkler"],"acts_visited":["Exordium","TheCity","TheBeyond"],"potions_floor_usage":[48],"damage_taken":[{"damage":0,"enemies":"2 Louse","floor":1,"turns":1},{"damage":0,"enemies":"Jaw Worm","floor":6,"turns":1},{"damage":0,"enemies":"Replay:BlueRogue","floor":8,"turns":1},{"damage":0,"enemies":"conspire:RoseBush","floor":11,"turns":4},{"damage":1,"enemies":"Gremlin Nob","floor":12,"turns":4},{"damage":4,"enemies":"Gremlin Gang","floor":14,"turns":6},{"damage":0,"enemies":"Slime Boss","floor":16,"turns":4},{"damage":0,"enemies":"3 Byrds","floor":18,"turns":3},{"damage":38,"enemies":"2 Thieves","floor":19,"turns":4},{"damage":0,"enemies":"Snecko","floor":22,"turns":3},{"damage":0,"enemies":"Replay:Snechameleon","floor":23,"turns":2},{"damage":19,"enemies":"Centurion and Healer","floor":28,"turns":3},{"damage":0,"enemies":"Cultist and Chosen","floor":30,"turns":4},{"damage":1,"enemies":"Colosseum Slavers","floor":31,"turns":3},{"damage":34,"enemies":"Colosseum Nobs","floor":31,"turns":4},{"damage":3,"enemies":"Pondfish","floor":33,"turns":6},{"damage":0,"enemies":"Orb Walker","floor":35,"turns":1},{"damage":8,"enemies":"3 Shapes","floor":37,"turns":2},{"damage":42,"enemies":"Spire Growth","floor":38,"turns":3},{"damage":66,"enemies":"Reptomancer","floor":40,"turns":5},{"damage":0,"enemies":"3 Darklings","floor":45,"turns":2},{"damage":2,"enemies":"Transient","floor":48,"turns":5},{"damage":61,"enemies":"infinitespire:MassOfShapes","floor":50,"turns":4}],"seed_played":"4924158548381255382","potions_obtained":[{"floor":1,"key":"FocusPotion"},{"floor":38,"key":"Energy Potion"},{"floor":48,"key":"SteroidPotion"}],"is_trial":false,"path_per_floor":["M","?","$","?","T","M","R","E","T","$","M","E","?","M","R","B",null,"M","M","T","AVR","M","E","R","?","T","R","M","$","M","?","R","B",null,"?","T","?","?","?","E","T","T","T","T","?","T","AVR","?","T","B"],"character_chosen":"THE_DUELIST","items_purchased":["Turnip","theDuelist:MerchantPendant","theDuelist:VendreadStriges","theDuelist:VendreadAnima","Membership Card","ClockworkSouvenir"],"campfire_rested":5,"item_purchase_floors":[3,10,10,10,29,44],"current_hp_per_floor":[72,72,72,52,52,52,52,52,52,52,52,58,37,33,59,59,80,80,42,42,42,42,47,74,74,74,74,55,55,55,20,47,44,80,80,80,72,30,80,14,38,38,38,38,38,62,62,60,60,0,0],"gold":538,"neow_bonus":"THREE_ENEMY_KILL","is_daily":false,"chose_seed":false,"campfire_upgraded":2,"win_rate":0.0,"timestamp":1613443610,"path_taken":["M","?","$","?","?","M","R","E","T","?","?","E","?","M","R","BOSS","M","M","?","AVR","M","E","R","?","T","R","M","?","M","?","R","BOSS","?","?","?","?","?","E","T","?","T","T","?","T","AVR","?","T","BOSS"],"items_purchased_type":["Relic","Relic","Card","Card","Relic","Relic"],"build_version":"2020-12-22","purchased_purges":4,"victory":false,"max_hp_per_floor":[80,80,80,80,80,80,80,80,80,80,80,87,87,87,87,87,87,87,87,87,87,87,92,92,92,92,92,92,92,92,92,92,92,92,92,92,92,92,80,80,80,80,80,80,80,80,80,80,80,80,80],"relic_stats":{"counters":[23,75],"Tiny Chest":3,"Turnip":[5],"Cursed Key":4,"obtain_stats":[{"theDuelist:SummonAnchor":40,"Painkiller Herb":34,"theDuelist:MillenniumPuzzle":0,"Cursed Key":21,"ClockworkSouvenir":44,"theDuelist:BoosterPackPoolRelic":0,"Replay:Bandana":43,"theDuelist:YugiMirror":9,"infinitespire:Bottled Soul":36,"theDuelist:ZombieRelic":47,"Strawberry":12,"Tiny Chest":8,"theDuelist:CardPoolAddRelic":0,"theDuelist:CardPoolOptionsRelic":0,"Replay:Bottled Snecko":5,"theDuelist:CardPoolRelic":0,"Replay:Bottled Steam":20,"Gremlin Food":4,"Girya":31,"NeowsBlessing":0,"theDuelist:MerchantPendant":10,"theDuelist:CardPoolSaveRelic":0,"theDuelist:ShopToken":21,"Mercury Hourglass":42,"theDuelist:MillenniumRing":2,"infinitespire:EvilPickle":33,"theDuelist:CardPoolMinusRelic":0,"energizedSpire:NeverEndingSparkler":47,"theDuelist:CardPoolBasicRelic":0,"Turnip":3,"infinitespire:Burning Sword":17,"Durian":23,"Membership Card":29,"theDuelist:MutatorToken":31},{"theDuelist:SummonAnchor":20,"Painkiller Herb":16,"theDuelist:MillenniumPuzzle":0,"Cursed Key":9,"ClockworkSouvenir":20,"theDuelist:BoosterPackPoolRelic":0,"Replay:Bandana":20,"theDuelist:YugiMirror":3,"infinitespire:Bottled Soul":17,"theDuelist:ZombieRelic":21,"Strawberry":5,"Tiny Chest":3,"theDuelist:CardPoolAddRelic":0,"theDuelist:CardPoolOptionsRelic":0,"Replay:Bottled Snecko":1,"theDuelist:CardPoolRelic":0,"Replay:Bottled Steam":9,"Gremlin Food":1,"Girya":15,"NeowsBlessing":0,"theDuelist:MerchantPendant":3,"theDuelist:CardPoolSaveRelic":0,"theDuelist:ShopToken":9,"Mercury Hourglass":20,"theDuelist:MillenniumRing":1,"infinitespire:EvilPickle":16,"theDuelist:CardPoolMinusRelic":0,"energizedSpire:NeverEndingSparkler":21,"theDuelist:CardPoolBasicRelic":0,"Turnip":1,"infinitespire:Burning Sword":7,"Durian":11,"Membership Card":12,"theDuelist:MutatorToken":15},{"theDuelist:SummonAnchor":64,"Painkiller Herb":53,"theDuelist:MillenniumPuzzle":0,"Cursed Key":28,"ClockworkSouvenir":64,"theDuelist:BoosterPackPoolRelic":0,"Replay:Bandana":64,"theDuelist:YugiMirror":3,"infinitespire:Bottled Soul":54,"theDuelist:ZombieRelic":66,"Strawberry":11,"Tiny Chest":3,"theDuelist:CardPoolAddRelic":0,"theDuelist:CardPoolOptionsRelic":0,"Replay:Bottled Snecko":1,"theDuelist:CardPoolRelic":0,"Replay:Bottled Steam":28,"Gremlin Food":1,"Girya":47,"NeowsBlessing":0,"theDuelist:MerchantPendant":3,"theDuelist:CardPoolSaveRelic":0,"theDuelist:ShopToken":28,"Mercury Hourglass":64,"theDuelist:MillenniumRing":1,"infinitespire:EvilPickle":53,"theDuelist:CardPoolMinusRelic":0,"energizedSpire:NeverEndingSparkler":66,"theDuelist:CardPoolBasicRelic":0,"Turnip":1,"infinitespire:Burning Sword":21,"Durian":33,"Membership Card":36,"theDuelist:MutatorToken":47}],"Mercury Hourglass":[39]},"card_choices":[{"not_picked":["theDuelist:VampireSorcerer","theDuelist:MayakashiReturn","theDuelist:Hajun","theDuelist:DoomkingBalerdroch","theDuelist:BookEclipse"],"picked":"SKIP","floor":1},{"not_picked":["theDuelist:GhostrickAlucard","theDuelist:Tsukahagi","theDuelist:DarkDustSpirit","theDuelist:Wightprincess"],"picked":"theDuelist:SkullServant","floor":4},{"not_picked":["theDuelist:FusionWeapon","theDuelist:BrilliantFusion","theDuelist:MayakashiReturn","theDuelist:DimensionFusion"],"picked":"theDuelist:CallMummy","floor":4},{"not_picked":["theDuelist:ZombiePowerStruggle","theDuelist:VampireDomain","theDuelist:MayakashiReturn"],"picked":"theDuelist:Wasteland","floor":6},{"not_picked":["theDuelist:VampireLady","theDuelist:SkullServant","theDuelist:Pumpking","theDuelist:SpiritReaper"],"picked":"theDuelist:ZombieWarrior","floor":8},{"not_picked":["theDuelist:GhostOgre","theDuelist:VendreadRevenants","theDuelist:ImmortalRuler","theDuelist:VampireGrace"],"picked":"theDuelist:Chopman","floor":11},{"not_picked":["theDuelist:OvertexQoatlus","theDuelist:FossilSkullknight","theDuelist:FossilSkullKing","theDuelist:Chewbone","theDuelist:FossilKnight"],"picked":"SKIP","floor":12},{"not_picked":["infinitespire:Oblivion","infinitespire:Fortify"],"picked":"ReplayTheSpireMod:Chaos Vortex","floor":13},{"not_picked":["theDuelist:GhostrickMummy","theDuelist:ParallelWorldFusion","theDuelist:VampireBaby","theDuelist:FusionTag"],"picked":"theDuelist:BattleFusion","floor":14},{"not_picked":["theDuelist:YukiOnnaAbsolute","theDuelist:UltraPolymerization","theDuelist:RobbinZombie","theDuelist:MayakashiWinter"],"picked":"theDuelist:FusionGuard","floor":16},{"not_picked":["theDuelist:VampireLord","theDuelist:AvendreadSavior","theDuelist:GhostrickJiangshi","theDuelist:GhostrickGhoul"],"picked":"theDuelist:VendreadStriges","floor":18},{"not_picked":["theDuelist:GhostrickAlucard+1","theDuelist:VampireFraulein","theDuelist:RevendreadSlayer","theDuelist:Mausoleum"],"picked":"theDuelist:VampireGenesis+1","floor":19},{"not_picked":["theDuelist:VampireFraulein","theDuelist:RevendreadExecutor","theDuelist:GhostrickYeti","theDuelist:GhostrickJiangshi+1"],"picked":"theDuelist:VendreadRevenants","floor":22},{"not_picked":["theDuelist:OvertexQoatlus","theDuelist:FossilSkullknight","theDuelist:FossilSkullKing","theDuelist:Chewbone"],"picked":"theDuelist:Miscellaneousaurus","floor":23},{"not_picked":["theDuelist:Pumpking","theDuelist:OvertexQoatlus+1","theDuelist:FossilSkullknight+1","theDuelist:Necroface+1"],"picked":"theDuelist:VendreadCore+1","floor":28},{"not_picked":["theDuelist:YukiOnnaIce","theDuelist:Yasha","theDuelist:Hajun","theDuelist:Gashadokuro+1"],"picked":"theDuelist:OboroGuruma","floor":30},{"not_picked":["theDuelist:GhostrickSpecter+1","theDuelist:GhostrickSkeleton","theDuelist:GhostrickMummy","theDuelist:GhostrickGhoul"],"picked":"theDuelist:GhostrickJiangshi+1","floor":31},{"not_picked":["theDuelist:YukiOnnaAbsolute","theDuelist:SoulRelease+1","theDuelist:MonsterReborn","theDuelist:InstantFusion"],"picked":"theDuelist:ZombieMaster+1","floor":33},{"not_picked":["theDuelist:FossilDragon+1","theDuelist:FossilSkullConvoy+1","theDuelist:FossilSkullbuggy","theDuelist:Skullgios","theDuelist:FossilKnight"],"picked":"SKIP","floor":35},{"not_picked":["theDuelist:Wasteland","theDuelist:SoulAbsorbingBone+1","theDuelist:OboroGuruma+1"],"picked":"theDuelist:VampireKingdom+1","floor":37},{"not_picked":["theDuelist:GhostrickMuseum","theDuelist:PhantomGhost+1","theDuelist:ParallelWorldFusion","theDuelist:GhostrickWarwolf+1"],"picked":"theDuelist:GhostrickMummy","floor":38},{"not_picked":["theDuelist:GhostrickBreak+1","theDuelist:VampireDragon+1","theDuelist:MammothGraveyard","theDuelist:TyrantDinoFusion+1"],"picked":"theDuelist:FireReaper","floor":40},{"not_picked":["theDuelist:VampireLord+1","theDuelist:SouleatingOviraptor+1","theDuelist:Necroface+1"],"picked":"SKIP","floor":45},{"not_picked":["theDuelist:FossilSkullknight","theDuelist:FossilSkullKing+1","theDuelist:FossilSkullConvoy","theDuelist:FossilSkullbuggy","theDuelist:GigastoneOmega"],"picked":"SKIP","floor":48}],"player_experience":920275,"relics_obtained":[{"floor":4,"key":"Gremlin Food"},{"floor":5,"key":"Replay:Bottled Snecko"},{"floor":8,"key":"Tiny Chest"},{"floor":9,"key":"theDuelist:YugiMirror"},{"floor":12,"key":"Strawberry"},{"floor":20,"key":"Replay:Bottled Steam"},{"floor":23,"key":"Durian"},{"floor":31,"key":"Girya"},{"floor":31,"key":"theDuelist:MutatorToken"},{"floor":36,"key":"infinitespire:Bottled Soul"},{"floor":40,"key":"theDuelist:SummonAnchor"},{"floor":42,"key":"Mercury Hourglass"},{"floor":43,"key":"Replay:Bandana"}],"event_choices":[{"damage_healed":0,"gold_gain":0,"player_choice":"Took item - Received: Millennium Ring","duelist":true,"damage_taken":0,"max_hp_gain":0,"max_hp_loss":0,"event_name":"Millennium Items","floor":2,"gold_loss":0},{"damage_healed":0,"gold_gain":0,"player_choice":"Fight","damage_taken":0,"max_hp_gain":0,"max_hp_loss":0,"event_name":"Colosseum","floor":31,"gold_loss":0},{"damage_healed":0,"gold_gain":0,"player_choice":"Fought Nobs","damage_taken":0,"max_hp_gain":0,"max_hp_loss":0,"event_name":"Colosseum","floor":31,"gold_loss":0},{"damage_healed":80,"gold_gain":0,"player_choice":"Heal","damage_taken":0,"max_hp_gain":0,"max_hp_loss":12,"event_name":"The Moai Head","floor":39,"gold_loss":0}],"is_beta":false,"boss_relics":[{"not_picked":["Ring of Chaos","Velvet Choker"],"picked":"infinitespire:Burning Sword"},{"not_picked":["Replay:Drink Me","aspiration:SecretTechniqueScroll"],"picked":"Painkiller Herb"}],"items_purged_floors":[3,29,44,47],"is_endless":false,"potions_floor_spawned":[1,8,11,16,23,31,31,38,40,48],"killed_by":"infinitespire:MassOfShapes","ascension_level":11}}