{"host":"Aki","time":1613447694,"event":{"mods":["ATMod(°¢èªMod)","Act Like it!","Ascension Reborn","BaseMod","Better Vampires","Challenge The Spire","Colored Powertips","Custom Start","Energized Spire","Minty Spire (QoL Compilation)","Quick Restart","StSLib","Waifu the Spire","Youmu£¨»êÆÇÑýÃÎ£©","noobMod","¡¾ÒÅÎï¿¨ÅÆ¡¿REMEMod"],"gold_per_floor":[122,122,66,88,88,123,137,175,175,100,120,120,142,160,160,279,279,291,104,14,28,44,76,100,142,142,29,42,66,66,101,101,223,223,243,243,90,122,122,135,135,135,196,196,324,324,408,439,439,499,499,499,18,62,102],"floor_reached":56,"language":"ZHS","playtime":3459,"items_purged":["Strike_YM+1","Strike_YM+1","Defend_YM+1","SanzenSekai"],"score":425,"play_id":"b2847be0-465d-411d-99ee-67bd451cc1f4","local_time":"20210216115454","is_ascension_mode":true,"campfire_choices":[{"data":"SpiderLilyBurial","floor":12.0,"key":"SMITH"},{"data":"ThreeKonsSevenHakus","floor":15.0,"key":"SMITH"},{"data":"FourBirthsSword","floor":30.0,"key":"SMITH"},{"floor":32.0,"key":"RECALL"},{"data":"SwordExtraction","floor":42.0,"key":"SMITH"},{"data":"HellRealmSword","floor":46.0,"key":"SMITH"},{"floor":49.0,"key":"REST"},{"floor":52.0,"key":"REST"}],"circlet_count":0,"master_deck":["SlashOfPresentWorld+1","WheelOfPainOfLivingAndDead+1","HumanRealmSword+1","SwordExtraction+1","LightFlashOfTheNetherworld+1","ThreeKonsSevenHakus+1","SpiderLilyBurial+1","HeavenSword+1","SanzenSekai+1","GhostSword+1","SuddenDivineSeveringOfKarmicWind+1","LifeCuttingSword+1","SwordExtraction+1","SwordExtraction+1","HellGodSword+1","FourBirthsSword+1","SlashOfDepartureFromHesitation+1","TwoHundredYojanaInOneSlash+1","MatsuyoiReflectingSatelliteSlash+1","EchoesOfTheInclemencyOfAllBeings+1","HellRealmSword+1","HellGodSword+1"],"relics":["HalfPhantom","ice","AT_ATBox","REME_ComplimentaryCards","Mummified Hand","CaptainsWheel","The Courier","Blood Vial","Mango","Eternal Feather","AT_SpeedBoots","Turnip","Astrolabe","DollysMirror","Boot","AT_DeathDance","AT_LudenTempest","Kunai","Strawberry","Calipers","energizedSpire:NeverEndingSparkler","Bottled Lightning","Singing Bowl","Whetstone","AT_ChloranthyRing","REME_ArchaeologicalTools","War Paint","AT_GuinsooRageblade","Gremlin Horn","Hakurouken","Lantern","Roukanken","PrismaticShard","Bronze Scales"],"acts_visited":["Exordium","TheCity","TheBeyond","TheEnding"],"potions_floor_usage":[55,55],"damage_taken":[{"damage":0.0,"enemies":"Small Slimes","floor":1.0,"turns":2.0},{"damage":0.0,"enemies":"Cultist","floor":4.0,"turns":2.0},{"damage":0.0,"enemies":"Lagavulin","floor":6.0,"turns":4.0},{"damage":0.0,"enemies":"Jaw Worm","floor":7.0,"turns":2.0},{"damage":0.0,"enemies":"3 Sentries","floor":8.0,"turns":5.0},{"damage":0.0,"enemies":"Exordium Thugs","floor":11.0,"turns":3.0},{"damage":0.0,"enemies":"Blue Slaver","floor":13.0,"turns":2.0},{"damage":0.0,"enemies":"Gremlin Gang","floor":14.0,"turns":3.0},{"damage":0.0,"enemies":"Slime Boss","floor":16.0,"turns":6.0},{"damage":0.0,"enemies":"3 Byrds","floor":18.0,"turns":2.0},{"damage":0.0,"enemies":"Spheric Guardian","floor":21.0,"turns":1.0},{"damage":0.0,"enemies":"Snake Plant","floor":22.0,"turns":1.0},{"damage":0.0,"enemies":"Gremlin Leader","floor":23.0,"turns":3.0},{"damage":0.0,"enemies":"Centurion and Healer","floor":24.0,"turns":2.0},{"damage":0.0,"enemies":"Book of Stabbing","floor":25.0,"turns":2.0},{"damage":0.0,"enemies":"3 Cultists","floor":28.0,"turns":2.0},{"damage":0.0,"enemies":"Snecko","floor":29.0,"turns":2.0},{"damage":0.0,"enemies":"Slavers","floor":31.0,"turns":1.0},{"damage":0.0,"enemies":"Automaton","floor":33.0,"turns":2.0},{"damage":0.0,"enemies":"3 Darklings","floor":35.0,"turns":1.0},{"damage":0.0,"enemies":"3 Shapes","floor":40.0,"turns":1.0},{"damage":0.0,"enemies":"Nemesis","floor":45.0,"turns":1.0},{"damage":0.0,"enemies":"Giant Head","floor":47.0,"turns":1.0},{"damage":0.0,"enemies":"Jaw Worm Horde","floor":48.0,"turns":1.0},{"damage":0.0,"enemies":"Awakened One","floor":50.0,"turns":4.0},{"damage":0,"enemies":"Shield and Spear","floor":54,"turns":1},{"damage":3,"enemies":"The Heart","floor":55,"turns":3}],"seed_played":"-3891200453217925772","potions_obtained":[{"floor":1.0,"key":"EssenceOfSteel"},{"floor":4.0,"key":"Explosive Potion"},{"floor":4.0,"key":"Fruit Juice"},{"floor":6.0,"key":"DistilledChaos"},{"floor":7.0,"key":"PowerPotion"},{"floor":11.0,"key":"LiquidMemories"},{"floor":22.0,"key":"REME_GoldPotion"},{"floor":22.0,"key":"Ancient Potion"},{"floor":23.0,"key":"REME_GoldPotion"},{"floor":24.0,"key":"ColorlessPotion"},{"floor":25.0,"key":"FairyPotion"},{"floor":35.0,"key":"CultistPotion"}],"is_trial":false,"path_per_floor":["M","?","$","M","?","E","M","E","T","$","M","R","M","M","R","B",null,"M","$","?","M","M","E","M","E","T","$","M","M","R","E","R","B",null,"M","?","$","T","?","M","?","R","T","?","E","R","E","M","R","B",null,"R","$","E","B",null],"character_chosen":"YOUMU","items_purchased":["DollysMirror","Bottled Lightning","Hakurouken","Lantern","Roukanken","PrismaticShard"],"campfire_rested":2,"item_purchase_floors":[19,37,53,53,53,53],"current_hp_per_floor":[80,80,80,80,73,73,80,99,99,99,99,99,99,99,99,104,104,104,104,104,104,104,104,104,104,104,104,104,104,104,111,111,116,116,116,116,116,116,116,116,116,116,116,116,116,116,116,118,118,123,123,123,123,125,129],"gold":102,"neow_bonus":"THREE_CARDS","is_daily":false,"chose_seed":false,"campfire_upgraded":5,"win_rate":0.0,"timestamp":1613447694,"path_taken":["M","?","$","?","?","E","M","E","T","?","?","R","M","M","R","BOSS","M","$","?","M","M","E","M","E","T","$","M","?","R","E","R","BOSS","M","?","?","?","?","?","?","R","T","?","E","R","E","?","R","BOSS","R","$","E","BOSS"],"items_purchased_type":["Relic","Relic","Relic","Relic","Relic","Relic"],"build_version":"2020-12-18","purchased_purges":4,"victory":true,"max_hp_per_floor":[80,80,80,80,80,80,85,99,99,99,99,99,99,99,99,104,104,104,104,104,104,104,104,104,104,104,104,104,104,104,111,111,116,116,116,116,116,116,116,116,116,116,116,116,116,116,116,118,118,123,123,123,123,125,130],"card_choices":[{"not_picked":["DispleasureOfTheSevenHakus","SpiritCuttingSword+1"],"picked":"HumanRealmSword+1","floor":1.0},{"not_picked":["DoubleWheelOfPain","CherryBlossomFlashing"],"picked":"SanzenSekai","floor":4.0},{"not_picked":["SlashOfMeditation","TurningAngelCut"],"picked":"SwordExtraction","floor":6.0},{"not_picked":["ConstancyOfTheConventionalTruth","EchoesOfTheInclemencyOfAllBeings","SpiritCuttingSword"],"picked":"SKIP","floor":6.0},{"not_picked":["TwoHundredYojanaInOneSlash","FlashingScatteredFlowers"],"picked":"LightFlashOfTheNetherworld+1","floor":7.0},{"not_picked":["HumanKnowledgeSword","PretaSword"],"picked":"ThreeKonsSevenHakus","floor":8.0},{"not_picked":["LowerRealmReflectionSlash+1","SpiritMediumsBind","TurningAngelCut"],"picked":"SKIP","floor":8.0},{"not_picked":["HumanRealmSword+1","BloodOfAsura"],"picked":"SpiderLilyBurial","floor":11.0},{"not_picked":["CherryBlossomFlashing+1","PretaSword","FiveSignsOfTheDyingDeva"],"picked":"SKIP","floor":13.0},{"not_picked":["SlashClearingTheSixSenses","SlashOfMeditation+1","AsTheSilentNirvana"],"picked":"SKIP","floor":14.0},{"not_picked":["DeadlyForm","SlashOfTheEternalFuture"],"picked":"HeavenSword","floor":16.0},{"not_picked":["SlashOfMeditation+1","ThreeKonsSevenHakus"],"picked":"LifeCuttingSword+1","floor":18.0},{"not_picked":["CherryBlossomFlashing","SwordOfBindingDesires"],"picked":"SwordExtraction+1","floor":21.0},{"not_picked":["ObsessionSword+1","WickedSoul","CherryBlossomFlashing"],"picked":"SKIP","floor":22.0},{"not_picked":["LowerRealmReflectionSlash+1","SpiritCuttingSword+1"],"picked":"HellGodSword+1","floor":23.0},{"not_picked":["SwordOfBindingDesires+1","BizarrenessOfSixRealms+1","DispleasureOfTheSevenHakus+1"],"picked":"SKIP","floor":24.0},{"not_picked":["SwordOfBindingDesires","HumanKnowledgeSword+1"],"picked":"FourBirthsSword","floor":25.0},{"not_picked":["FlashingScatteredFlowers","SuddenPhantomFormationSlashOfKarmicWind+1","BloodOfAsura+1"],"picked":"SKIP","floor":28.0},{"not_picked":["BloodOfAsura","HiganSword"],"picked":"SlashOfDepartureFromHesitation+1","floor":29.0},{"not_picked":["HumanGodSword","AsuraSword"],"picked":"TwoHundredYojanaInOneSlash+1","floor":31.0},{"not_picked":["VoidnessSword","SuddenDivineSeveringOfKarmicWind"],"picked":"MatsuyoiReflectingSatelliteSlash","floor":33.0},{"not_picked":["DispleasureOfTheSevenHakus+1","EchoesOfTheInclemencyOfAllBeings","SlashOfMeditation+1"],"picked":"SKIP","floor":35.0},{"not_picked":["HumanRealmSword+1","CherryBlossomFlashing+1"],"picked":"EchoesOfTheInclemencyOfAllBeings+1","floor":40.0},{"not_picked":["KarmicPunishmentOfTheIdleAndUnfocused+1","SlashOfAscensionToBuddhahood+1"],"picked":"HellRealmSword","floor":45.0},{"not_picked":["ConstancyOfTheConventionalTruth","GhostSword+1"],"picked":"HellGodSword+1","floor":47.0},{"not_picked":["SwordExtraction","PhosphoricSlash","FlashingScatteredFlowers+1"],"picked":"Singing Bowl","floor":48.0},{"not_picked":["Coolheaded","Sweeping Beam+1","DeceiveReality+1"],"picked":"Singing Bowl","floor":54}],"player_experience":64107,"relics_obtained":[{"floor":1.0,"key":"Mummified Hand"},{"floor":6.0,"key":"The Courier"},{"floor":7.0,"key":"Blood Vial"},{"floor":8.0,"key":"Mango"},{"floor":9.0,"key":"Eternal Feather"},{"floor":13.0,"key":"AT_SpeedBoots"},{"floor":16.0,"key":"Turnip"},{"floor":23.0,"key":"Boot"},{"floor":25.0,"key":"AT_DeathDance"},{"floor":26.0,"key":"AT_LudenTempest"},{"floor":26.0,"key":"Kunai"},{"floor":31.0,"key":"Strawberry"},{"floor":33.0,"key":"Calipers"},{"floor":38.0,"key":"Singing Bowl"},{"floor":38.0,"key":"Whetstone"},{"floor":40.0,"key":"AT_ChloranthyRing"},{"floor":43.0,"key":"REME_ArchaeologicalTools"},{"floor":43.0,"key":"War Paint"},{"floor":45.0,"key":"AT_GuinsooRageblade"},{"floor":47.0,"key":"Gremlin Horn"},{"floor":54,"key":"Bronze Scales"}],"event_choices":[{"damage_healed":0.0,"max_hp_gain":0.0,"max_hp_loss":0.0,"gold_gain":0.0,"event_name":"WeMeetAgain","player_choice":"Gave Potion","floor":2.0,"gold_loss":0.0,"damage_taken":0.0,"relics_obtained":["CaptainsWheel"]},{"cards_removed":["Strike_YM"],"damage_healed":0.0,"max_hp_gain":0.0,"max_hp_loss":0.0,"gold_gain":0.0,"event_name":"Golden Wing","player_choice":"Card Removal","floor":5.0,"gold_loss":0.0,"damage_taken":7.0},{"cards_removed":["Defend_YM"],"damage_healed":0.0,"max_hp_gain":0.0,"max_hp_loss":0.0,"gold_gain":0.0,"event_name":"Designer","player_choice":"Upgrade and Remove","floor":20.0,"gold_loss":90.0,"damage_taken":0.0,"cards_upgraded":["HeavenSword"]},{"damage_healed":0.0,"max_hp_gain":0.0,"max_hp_loss":0.0,"gold_gain":0.0,"event_name":"Upgrade Shrine","player_choice":"Upgraded","floor":36.0,"gold_loss":0.0,"damage_taken":0.0,"cards_upgraded":["MatsuyoiReflectingSatelliteSlash"]},{"damage_healed":0.0,"max_hp_gain":0.0,"max_hp_loss":0.0,"gold_gain":0.0,"event_name":"Transmorgrifier","player_choice":"Ignored","floor":39.0,"gold_loss":0.0,"damage_taken":0.0},{"damage_healed":0.0,"max_hp_gain":0.0,"max_hp_loss":0.0,"gold_gain":0.0,"event_name":"Tomb of Lord Red Mask","player_choice":"Ignored","floor":41.0,"gold_loss":0.0,"damage_taken":0.0},{"damage_healed":0.0,"max_hp_gain":0.0,"max_hp_loss":0.0,"gold_gain":0.0,"event_name":"The Woman in Blue","player_choice":"Bought 0 Potions","floor":44.0,"gold_loss":0.0,"damage_taken":0.0}],"is_beta":true,"boss_relics":[{"not_picked":["Snecko Eye","REME_DuelDisc"],"picked":"Astrolabe"},{"not_picked":["REME_DemonsWealth","Runic Pyramid"],"picked":"energizedSpire:NeverEndingSparkler"}],"items_purged_floors":[3,10,19,27],"is_endless":false,"potions_floor_spawned":[4,11,13,16,22,24,25,31,33,35,45,47],"ascension_level":-20}}