{"host":"y0i0tbisecj7yjyn","time":1613450904,"event":{"mods":["2.2 Compatiblity","AchievementEnabler","AlwaysNeverKeys","BaseMod","Better Third Choice","BetterRewards","Colored Map","Colored Powertips","Curses Come First","Disable Question Mark Monsters","Displayed Cursed Tome","Highlight Path","Keyboard Shortcuts","Minty Spire (QoL Compilation)","Quick Restart","Random Character Button","Rare Cards Sparkle","Relic Stats","Reliquary","Smile Girya","StSLib","SuperFastMode","The Marked","Transform Curses","Weighted Paths"],"gold_per_floor":[113,388,19,34,209,209,244,292,292,292,307,60,88,100,100,100,100],"floor_reached":16,"language":"ENG","playtime":464,"items_purged":["Normality","Regret"],"score":130,"play_id":"f8aec0a3-9139-41be-a46f-ab0e56c6690a","local_time":"20210215224824","is_ascension_mode":true,"campfire_choices":[{"data":"Double Energy","floor":6,"key":"SMITH"},{"floor":10,"key":"REST"},{"floor":15,"key":"REST"}],"circlet_count":0,"master_deck":["Strike_B","Strike_B","Strike_B","Strike_B","Defend_B","Defend_B","Defend_B","Defend_B","Zap","Dualcast","Conserve Battery","Cold Snap","Double Energy+1","Doubt","Redo","Glacier","Doom and Gloom"],"relics":["Cracked Core","Mercury Hourglass","Cables","Oddly Smooth Stone","reliquary:BallBearing","Vajra","Matryoshka"],"acts_visited":["Exordium"],"potions_floor_usage":[],"damage_taken":[{"damage":2,"enemies":"Jaw Worm","floor":1,"turns":3},{"damage":6,"enemies":"Cultist","floor":4,"turns":3},{"damage":59,"enemies":"Lagavulin","floor":7,"turns":7},{"damage":3,"enemies":"Small Slimes","floor":11,"turns":3},{"damage":28,"enemies":"Gremlin Nob","floor":13,"turns":5},{"damage":3,"enemies":"Looter","floor":14,"turns":2},{"damage":40,"enemies":"Hexaghost","floor":16,"turns":14}],"seed_played":"-5077933677929160258","potions_obtained":[{"floor":11,"key":"Energy Potion"},{"floor":13,"key":"Dexterity Potion"}],"is_trial":false,"path_per_floor":["M","?","$","M","?","R","E","T","T","R","M","$","E","M","R","B"],"character_chosen":"DEFECT","items_purchased":["Mercury Hourglass","Cold Snap","Vajra"],"campfire_rested":2,"item_purchase_floors":[3,3,12],"current_hp_per_floor":[87,87,87,81,81,81,22,22,22,48,45,45,17,14,40,0,0],"gold":100,"neow_bonus":"TWENTY_PERCENT_HP_BONUS","is_daily":false,"chose_seed":false,"campfire_upgraded":1,"win_rate":0.0,"timestamp":1613450904,"path_taken":["M","?","?","M","?","R","E","?","T","R","M","$","E","M","R","BOSS"],"items_purchased_type":["Relic","Card","Relic"],"build_version":"2020-12-22","purchased_purges":2,"victory":false,"max_hp_per_floor":[89,89,89,89,89,89,89,89,89,89,89,89,89,89,89,89,89],"relic_stats":{"counters":[20,87],"obtain_stats":[{"Potion Belt":6,"Lee\u0027s Waffle":14,"reliquary:Firecrackers":11,"Oddly Smooth Stone":8,"Vajra":12,"Omamori":8,"Frozen Egg 2":20,"reliquary:FerryPass":22,"Mercury Hourglass":3,"Cables":7,"Nunchaku":23,"Centennial Puzzle":26,"Matryoshka":13,"reliquary:BallBearing":9,"Coffee Dripper":17,"Cracked Core":0,"reliquary:ShortFuse":9},{"Potion Belt":4,"Lee\u0027s Waffle":7,"reliquary:Firecrackers":7,"Oddly Smooth Stone":16,"Vajra":17,"Omamori":6,"Frozen Egg 2":10,"reliquary:FerryPass":11,"Mercury Hourglass":14,"Cables":16,"Nunchaku":12,"Centennial Puzzle":12,"Matryoshka":18,"reliquary:BallBearing":16,"Coffee Dripper":8,"Cracked Core":0,"reliquary:ShortFuse":6},{"Potion Belt":13,"Lee\u0027s Waffle":26,"reliquary:Firecrackers":26,"Oddly Smooth Stone":63,"Vajra":66,"Omamori":22,"Frozen Egg 2":38,"reliquary:FerryPass":43,"Mercury Hourglass":53,"Cables":63,"Nunchaku":47,"Centennial Puzzle":47,"Matryoshka":71,"reliquary:BallBearing":63,"Coffee Dripper":31,"Cracked Core":0,"reliquary:ShortFuse":22}],"Mercury Hourglass":[96],"Cables":[22,6,16,0,0]},"card_choices":[{"not_picked":["Rebound","Compile Driver"],"picked":"Conserve Battery","floor":1},{"not_picked":["Rip and Tear","Stack"],"picked":"Double Energy","floor":4},{"not_picked":["Streamline","Machine Learning","Barrage"],"picked":"SKIP","floor":7},{"not_picked":["Heatsinks","Leap"],"picked":"Redo","floor":11},{"not_picked":["Coolheaded","Stack"],"picked":"Glacier","floor":13},{"not_picked":["Aggregate","Sweeping Beam"],"picked":"Doom and Gloom","floor":14}],"player_experience":468714,"relics_obtained":[{"floor":7,"key":"Cables"},{"floor":8,"key":"Oddly Smooth Stone"},{"floor":9,"key":"reliquary:BallBearing"},{"floor":13,"key":"Matryoshka"}],"event_choices":[{"damage_healed":0,"gold_gain":275,"player_choice":"Desecrate","damage_taken":0,"max_hp_gain":0,"max_hp_loss":0,"event_name":"Golden Shrine","floor":2,"gold_loss":0,"cards_obtained":["Regret"]},{"damage_healed":0,"gold_gain":175,"player_choice":"AGREE","damage_taken":34,"max_hp_gain":0,"max_hp_loss":0,"event_name":"betterThird:BetterSerpent","floor":5,"gold_loss":0}],"is_beta":false,"boss_relics":[],"items_purged_floors":[3,12],"is_endless":false,"potions_floor_spawned":[11,13],"killed_by":"Hexaghost","ascension_level":4}}