{"host":"5td1gsj4mnrioltg","time":1613472765,"event":{"mods":["2.2 Compatiblity","AchievementEnabler","Act Like it!","Aspiration","BaseMod","Beaked The Cultist","Better Altar","Better Match","Better Note","Better Sensory Stone","Better Silent Start","Better Skull","Better Third Choice","Better Vampires","BetterRewards","Bossed Relics","Colored Map","Colored Powertips","Displayed Cursed Tome","Downfall","Emptier Cage","Evolution","Friendly Minions","GifTheSpireLib","Highlight Path","Ironclad Rager","Jedi Mod","JesterMod","Mad Scientist","Menagerie","Minty Spire (QoL Compilation)","Permanent Neow","Quick Restart","Reliquary","Replay The Spire","Reworked Bosses","Shade Mod","Shapeshifter Mod","Spicy Shops","StSLib","The Blue Laboratory","The Dragon Tamer","The Dragonkin","The Druid","The Elementalist","The Marked","The Necromancer","The Runesmith","Thieving Mod","Transform Curses","Wandering Minibosses"],"gold_per_floor":[115,115,115,115,125,125,151,164,164,182,213,38,38,53,53,156,156,174,190,123,137,137,137,137,137,209,249,249,276,276,287,287,388,388,399,98,98,98,111,143,143,161,161,161,92,112,141,16,16,16],"floor_reached":51,"language":"ENG","playtime":2492,"items_purged":["StSShapeShifter:ShapeShifter_Strike","StSShapeShifter:ShapeShifter_Strike","Parasite"],"score":755,"play_id":"8d74c0c5-1f11-4ed1-a6fe-ac8f6d7b90ac","local_time":"20210216025245","is_ascension_mode":false,"campfire_choices":[{"data":"StSShapeShifter:RockSlide","floor":6.0,"key":"SMITH"},{"floor":15.0,"key":"REST"},{"data":"StSShapeShifter:Lynx_Form","floor":23.0,"key":"PURGE"},{"data":"StSShapeShifter:ShapeShifter_Defend","floor":25.0,"key":"PURGE"},{"floor":28.0,"key":"REST"},{"floor":32.0,"key":"REST"},{"floor":41.0,"key":"REST"},{"floor":49,"key":"REST"}],"circlet_count":0,"master_deck":["StSShapeShifter:RockSlide+1","StSShapeShifter:RockSlide+1","StSShapeShifter:RockSlide+1","StSShapeShifter:ShapeShifter_Defend","StSShapeShifter:ShapeShifter_Defend","StSShapeShifter:ShapeShifter_Defend","StSShapeShifter:Flood","StSShapeShifter:BladeOfGrass","StSShapeShifter:BaskInBloom+1","StSShapeShifter:BurstingSpore","StSShapeShifter:HummingbirdForm","StSShapeShifter:Garden","StSShapeShifter:BaskInBloom","StSShapeShifter:Garden","StSShapeShifter:Ensconce","StSShapeShifter:OwlForm+1"],"relics":["StSShapeShifter:AnimalHeart","StSShapeShifter:TheShapeShiftersMagnolia","EVO:Axolotl","reliquary:Aerogel","reliquary:Firecrackers","Peace Pipe","Tiny House","MealTicket","aspiration:StickyExplosives_weak","CeramicFish","StSShapeShifter:DruidicMedallion","reliquary:RedCape","Calipers","aspiration:HatOfInfinitePower","Lizard Tail","Darkstone Periapt"],"acts_visited":["Exordium","TheCity","TheBeyond"],"potions_floor_usage":[50],"damage_taken":[{"damage":0.0,"enemies":"2 Louse","floor":1.0,"turns":2.0},{"damage":5.0,"enemies":"Small Slimes","floor":5.0,"turns":3.0},{"damage":0.0,"enemies":"3 Sentries","floor":7.0,"turns":2.0},{"damage":0.0,"enemies":"Cultist","floor":8.0,"turns":3.0},{"damage":8.0,"enemies":"Exordium Wildlife","floor":10.0,"turns":4.0},{"damage":14.0,"enemies":"Gremlin Nob","floor":11.0,"turns":4.0},{"damage":5.0,"enemies":"Red Slaver","floor":14.0,"turns":4.0},{"damage":17.0,"enemies":"The Guardian","floor":16.0,"turns":8.0},{"damage":5.0,"enemies":"Chosen","floor":18.0,"turns":5.0},{"damage":12.0,"enemies":"2 Thieves","floor":19.0,"turns":3.0},{"damage":8.0,"enemies":"3 Cultists","floor":21.0,"turns":4.0},{"damage":13.0,"enemies":"Slavers","floor":27.0,"turns":2.0},{"damage":18.0,"enemies":"Snecko","floor":29.0,"turns":7.0},{"damage":20.0,"enemies":"Centurion and Healer","floor":31.0,"turns":7.0},{"damage":12.0,"enemies":"bossMod:newChamp","floor":33.0,"turns":9.0},{"damage":19.0,"enemies":"Orb Walker","floor":35.0,"turns":5.0},{"damage":22.0,"enemies":"3 Darklings","floor":39.0,"turns":4.0},{"damage":22.0,"enemies":"Giant Head","floor":40.0,"turns":7.0},{"damage":16.0,"enemies":"Maw","floor":42.0,"turns":6.0},{"damage":24.0,"enemies":"Writhing Mass","floor":46.0,"turns":5.0},{"damage":18.0,"enemies":"Sphere and 2 Shapes","floor":47.0,"turns":5.0},{"damage":46,"enemies":"bossMod:newAwakened","floor":50,"turns":9}],"seed_played":"-6492223454288615788","potions_obtained":[{"floor":5.0,"key":"blueLaboratory:FruitPunch"},{"floor":10.0,"key":"blueLaboratory:ForbiddenFruitJuice"},{"floor":19.0,"key":"Weak Potion"},{"floor":21.0,"key":"Toxic Potion"},{"floor":42.0,"key":"AttackPotion"},{"floor":47.0,"key":"LiquidBronze"}],"is_trial":false,"path_per_floor":["M","?","?","?","M","R","E","M","T","M","E","$","$","M","R","B",null,"M","M","$","M","?","R","T","R","T","E","R","M","?","M","R","B",null,"M","$","?","$","M","E","R","M","T","T","$","M","M","$","R","B",null],"character_chosen":"SHAPESHIFTER","items_purchased":["StSShapeShifter:Garden","Calipers","StSShapeShifter:Ensconce"],"campfire_rested":5,"item_purchase_floors":[20,36,45],"current_hp_per_floor":[78,62,62,62,57,57,59,59,59,51,37,37,37,32,56,39,80,75,63,63,55,55,55,55,55,55,42,66,48,48,28,52,42,80,61,76,76,80,58,38,62,46,46,46,61,43,25,40,64,18],"gold":16,"neow_bonus":"ONE_RANDOM_RARE_CARD","is_daily":false,"chose_seed":false,"campfire_upgraded":1,"win_rate":0.0,"timestamp":1613472765,"path_taken":["M","?","?","?","M","R","E","M","T","M","E","?","$","?","R","BOSS","M","M","$","M","?","R","?","R","T","E","R","M","?","?","R","BOSS","M","$","?","$","M","E","R","?","T","?","$","M","M","?","R","BOSS"],"items_purchased_type":["Card","Relic","Card"],"build_version":"2020-12-22","purchased_purges":3,"victory":true,"max_hp_per_floor":[78,78,78,78,78,78,80,80,80,80,80,80,80,80,80,80,80,80,80,80,80,80,80,80,80,80,80,80,80,80,80,80,80,80,80,80,80,80,80,80,80,80,80,80,80,86,86,83,83,83],"card_choices":[{"not_picked":["StSShapeShifter:AdaptiveStrikes","StSShapeShifter:Maul"],"picked":"StSShapeShifter:BladeOfGrass","floor":1.0},{"not_picked":["StSShapeShifter:BladeOfGrass","StSShapeShifter:Roar","StSShapeShifter:PoisonIvy"],"picked":"SKIP","floor":5.0},{"not_picked":["StSShapeShifter:ShiftingStrike","StSShapeShifter:ThornToss"],"picked":"StSShapeShifter:BurstingSpore","floor":7.0},{"not_picked":["StSShapeShifter:DeerForm","StSShapeShifter:BulwarkOfDiscovery","StSShapeShifter:FlamingoForm"],"picked":"SKIP","floor":8.0},{"not_picked":["StSShapeShifter:SquirrelForm","StSShapeShifter:CursedApple"],"picked":"StSShapeShifter:HummingbirdForm","floor":10.0},{"not_picked":["StSShapeShifter:BloomingSlash","StSShapeShifter:SpiritOfTheEarth","StSShapeShifter:FesteringBite"],"picked":"SKIP","floor":11.0},{"not_picked":["StSShapeShifter:BladeOfGrass","StSShapeShifter:SquirrelForm","StSShapeShifter:Roar"],"picked":"SKIP","floor":14.0},{"not_picked":["StSShapeShifter:SquirrelForm","StSShapeShifter:Rest","StSShapeShifter:DeerForm+1"],"picked":"SKIP","floor":18.0},{"not_picked":["StSShapeShifter:FesteringBite+1","StSShapeShifter:Sapling","StSShapeShifter:BarkSkin"],"picked":"SKIP","floor":19.0},{"not_picked":["StSShapeShifter:FesteringBite","StSShapeShifter:BulwarkOfDiscovery","StSShapeShifter:SunflowerShuriken+1"],"picked":"SKIP","floor":21.0},{"not_picked":["StSShapeShifter:RockSlide+1","StSShapeShifter:AdaptiveStrikes+1"],"picked":"StSShapeShifter:BaskInBloom","floor":27.0},{"not_picked":["StSShapeShifter:PoisonIvy","StSShapeShifter:ThornToss"],"picked":"StSShapeShifter:Garden","floor":29.0},{"not_picked":["StSShapeShifter:DeepWound+1","StSShapeShifter:DiverseSpirit","StSShapeShifter:BarkSkin"],"picked":"SKIP","floor":31.0},{"not_picked":["StSShapeShifter:ThornToss+1","StSShapeShifter:SunflowerShuriken","StSShapeShifter:MultiSpiritedStrike"],"picked":"SKIP","floor":35.0},{"not_picked":["StSShapeShifter:Wildfire2+1","StSShapeShifter:PoisonIvy","StSShapeShifter:MagicMushrooms"],"picked":"SKIP","floor":39.0},{"not_picked":["StSShapeShifter:Roar","StSShapeShifter:ReplenishingNectar","StSShapeShifter:BurrBomb"],"picked":"SKIP","floor":40.0},{"not_picked":["StSShapeShifter:Rest","StSShapeShifter:MonkeyForm+1","StSShapeShifter:ReplenishingNectar"],"picked":"SKIP","floor":42.0},{"not_picked":["StSShapeShifter:FlowerShield+1","StSShapeShifter:MonkeyForm","StSShapeShifter:FesteringBite"],"picked":"SKIP","floor":46.0},{"not_picked":["StSShapeShifter:RitualOfTheExtinct","StSShapeShifter:VineHandcuffs+1"],"picked":"StSShapeShifter:OwlForm+1","floor":47.0}],"player_experience":1365308,"relics_obtained":[{"floor":7.0,"key":"reliquary:Aerogel"},{"floor":9.0,"key":"reliquary:Firecrackers"},{"floor":11.0,"key":"Peace Pipe"},{"floor":24.0,"key":"MealTicket"},{"floor":26.0,"key":"aspiration:StickyExplosives_weak"},{"floor":27.0,"key":"CeramicFish"},{"floor":30.0,"key":"StSShapeShifter:DruidicMedallion"},{"floor":40.0,"key":"aspiration:HatOfInfinitePower"},{"floor":43.0,"key":"Lizard Tail"},{"floor":44.0,"key":"Darkstone Periapt"}],"event_choices":[{"damage_healed":78.0,"max_hp_gain":0.0,"max_hp_loss":78.0,"gold_gain":0.0,"event_name":"betterThird:BetterShining","player_choice":"Upgrade","floor":2.0,"gold_loss":0.0,"damage_taken":16.0,"cards_upgraded":["StSShapeShifter:RockSlide","StSShapeShifter:RockSlide"]},{"damage_healed":0.0,"max_hp_gain":0.0,"max_hp_loss":0.0,"gold_gain":0.0,"event_name":"betterThird:BetterSerpent","player_choice":"Ignored","floor":3.0,"gold_loss":0.0,"damage_taken":115.0},{"damage_healed":0.0,"max_hp_gain":0.0,"max_hp_loss":0.0,"gold_gain":0.0,"event_name":"betterNote:BetterNote","player_choice":"Ignored","floor":22.0,"gold_loss":0.0,"damage_taken":0.0,"cards_obtained":["Slimebound:Split"]},{"damage_healed":0.0,"max_hp_gain":0.0,"max_hp_loss":0.0,"gold_gain":0.0,"event_name":"Wheel of Change","player_choice":"Relic","floor":30.0,"gold_loss":0.0,"damage_taken":0.0},{"cards_removed":["StSShapeShifter:Tortoise_Form"],"damage_healed":0.0,"max_hp_gain":0.0,"max_hp_loss":0.0,"gold_gain":0.0,"event_name":"Bonfire Elementals","player_choice":"Offered Basic","floor":37.0,"gold_loss":0.0,"damage_taken":0.0}],"is_beta":false,"boss_relics":[{"not_picked":["Black Star","aspiration:FutureDiary"],"picked":"Tiny House"},{"not_picked":["ReplayTheSpireMod:DimensionalGlitch","Honey Jar"],"picked":"reliquary:RedCape"}],"items_purged_floors":[12,12,48],"is_endless":false,"potions_floor_spawned":[5,10,19,21,42,47],"ascension_level":0}}