{"host":"9rqxlbwknj581inl","time":1613513515,"event":{"mods":["BaseMod","Colored Map","Colored Powertips","Minty Spire (QoL Compilation)","Quick Restart","Random Character Mod"],"gold_per_floor":[119,136,23,23,23,23,54,54,54,86,86,106,125,90,90,195,195,215,233,233,249,249,249],"floor_reached":22,"language":"ENG","playtime":1216,"items_purged":[],"score":244,"play_id":"d87cef06-4428-4cc7-8bb7-9e5391c29685","local_time":"20210216151155","is_ascension_mode":false,"campfire_choices":[{"data":"Zap","floor":6,"key":"SMITH"},{"data":"Dualcast","floor":8,"key":"SMITH"},{"floor":11,"key":"REST"},{"data":"Storm","floor":15,"key":"SMITH"}],"circlet_count":0,"master_deck":["Strike_B","Strike_B","Strike_B","Strike_B","Defend_B","Defend_B","Defend_B","Defend_B","Zap+1","Dualcast+1","Buffer","Defragment","Defragment","Capacitor","Doom and Gloom","Stack","Storm+1","Lockon","Genetic Algorithm","Electrodynamics","Cold Snap","Heatsinks","Shame","Defragment"],"relics":["Cracked Core","Pocketwatch","Turnip","Bottled Tornado","Ornamental Fan","SlaversCollar","Molten Egg 2"],"acts_visited":["Exordium","TheCity"],"potions_floor_usage":[],"damage_taken":[{"damage":6,"enemies":"Cultist","floor":1,"turns":3},{"damage":7,"enemies":"2 Louse","floor":2,"turns":3},{"damage":40,"enemies":"3 Sentries","floor":7,"turns":5},{"damage":24,"enemies":"Gremlin Nob","floor":10,"turns":5},{"damage":6,"enemies":"Small Slimes","floor":12,"turns":4},{"damage":10,"enemies":"Looter","floor":13,"turns":2},{"damage":0,"enemies":"Slime Boss","floor":16,"turns":4},{"damage":21,"enemies":"3 Byrds","floor":18,"turns":3},{"damage":32,"enemies":"2 Thieves","floor":19,"turns":3},{"damage":5,"enemies":"Snecko","floor":21,"turns":3},{"damage":20,"enemies":"Snake Plant","floor":22,"turns":2}],"seed_played":"-2646308275575005907","potions_obtained":[{"floor":1,"key":"LiquidBronze"},{"floor":12,"key":"Strength Potion"},{"floor":19,"key":"AttackPotion"},{"floor":21,"key":"GamblersBrew"}],"is_trial":false,"path_per_floor":["M","M","$","?","?","R","E","R","T","E","R","M","M","?","R","B",null,"M","M","?","M","M"],"character_chosen":"DEFECT","items_purchased":["Capacitor","Doom and Gloom"],"campfire_rested":1,"item_purchase_floors":[3,3],"current_hp_per_floor":[69,62,62,55,75,75,35,35,35,11,33,27,17,35,35,35,75,54,22,22,17,0,0],"gold":249,"neow_bonus":"ONE_RANDOM_RARE_CARD","is_daily":false,"chose_seed":false,"campfire_upgraded":3,"win_rate":0.0,"timestamp":1613513515,"path_taken":["M","M","?","?","?","R","E","R","T","E","R","M","M","?","R","BOSS","M","M","?","M","M"],"items_purchased_type":["Card","Card"],"build_version":"2020-12-22","purchased_purges":0,"victory":false,"max_hp_per_floor":[75,75,75,75,75,75,75,75,75,75,75,75,75,75,75,75,75,75,75,75,75,75,75],"card_choices":[{"not_picked":["Turbo","Go for the Eyes"],"picked":"Defragment","floor":1},{"not_picked":["FTL","Redo"],"picked":"Defragment","floor":2},{"not_picked":["Cold Snap","Aggregate"],"picked":"Stack","floor":7},{"not_picked":["Turbo","Compile Driver"],"picked":"Storm","floor":10},{"not_picked":["Glacier","Streamline"],"picked":"Lockon","floor":12},{"not_picked":["Fusion","Streamline"],"picked":"Genetic Algorithm","floor":13},{"not_picked":["Biased Cognition","Hyperbeam"],"picked":"Electrodynamics","floor":16},{"not_picked":["Turbo+1","Go for the Eyes"],"picked":"Cold Snap","floor":18},{"not_picked":["Sweeping Beam","Glacier"],"picked":"Heatsinks","floor":19},{"not_picked":["Chill","Go for the Eyes+1"],"picked":"Defragment","floor":21}],"player_experience":102670,"relics_obtained":[{"floor":7,"key":"Turnip"},{"floor":9,"key":"Bottled Tornado"},{"floor":10,"key":"Ornamental Fan"}],"event_choices":[{"damage_healed":0,"gold_gain":0,"player_choice":"Success","damage_taken":7,"relics_obtained":["Pocketwatch"],"max_hp_gain":0,"max_hp_loss":0,"event_name":"Scrap Ooze","floor":4,"gold_loss":0},{"damage_healed":25,"gold_gain":0,"player_choice":"Banana","damage_taken":0,"max_hp_gain":0,"max_hp_loss":0,"event_name":"Big Fish","floor":5,"gold_loss":0},{"damage_healed":18,"gold_gain":0,"player_choice":"Healed","damage_taken":0,"max_hp_gain":0,"max_hp_loss":0,"event_name":"The Cleric","floor":14,"gold_loss":35},{"damage_healed":0,"gold_gain":0,"player_choice":"Stole Relic","damage_taken":0,"relics_obtained":["Molten Egg 2"],"max_hp_gain":0,"max_hp_loss":0,"event_name":"Addict","floor":20,"gold_loss":0,"cards_obtained":["Shame"]}],"is_beta":false,"boss_relics":[{"not_picked":["FrozenCore","Tiny House"],"picked":"SlaversCollar"}],"items_purged_floors":[],"is_endless":false,"potions_floor_spawned":[1,12,19,21],"killed_by":"Snake Plant","ascension_level":0}}