{"host":"3d7yvplr5ovcyppx","time":1613435485,"event":{"mods":["AchievementEnabler","BaseMod","Hermit","Jorbs\u0027s Wanderer Trilogy","Minty Spire (QoL Compilation)","Quick Restart","Somnambulant","StSLib","The Cursed","The Disciple","The Servant 0.9.4"],"gold_per_floor":[112,132,146,157,171,171,220,220,302,329,31,44,44,20,20,117,117,136,136,153,9,21,53,53,84,84,84,96,96,116,141,141,243,243,254,309,309,309,326,378,378,403,429,464,1,29,42,15,15,15],"floor_reached":51,"language":"ENG","playtime":2226,"items_purged":[],"score":1000,"play_id":"9197e55c-db31-4356-815f-ff64ad95f237","local_time":"20210216060125","is_ascension_mode":true,"campfire_choices":[{"data":"Whirlwind","floor":6,"key":"SMITH"},{"data":"Bash","floor":8,"key":"SMITH"},{"data":"Flex","floor":15,"key":"SMITH"},{"data":"Demon Form","floor":24,"key":"SMITH"},{"floor":27,"key":"REST"},{"data":"Shockwave","floor":32,"key":"SMITH"},{"floor":49,"key":"REST"}],"circlet_count":0,"master_deck":["Strike_R","Strike_R","Strike_R","Strike_R","Strike_R","Defend_R","Defend_R","Defend_R","Defend_R","Bash+1","Perfected Strike","Cleave","Whirlwind+1","Pommel Strike","Headbutt","Heavy Blade","Dropkick","Clothesline","Flex+1","Demon Form+1","Blood for Blood","Armaments+1","Whirlwind+1","Anger","Bludgeon","Shockwave+1","Flex","Berserk","CurseOfTheBell","Seeing Red","Twin Strike+1","Bandage Up","Blind","HandOfGreed","Thunderclap+1","Perfected Strike+1","Fire Breathing+1","Heavy Blade+1","Reaper","Flex","Sever Soul","Clash+1","Infernal Blade+1","Body Slam"],"relics":["Runic Dome","Gremlin Horn","Bottled Flame","CaptainsWheel","ClockworkSouvenir","Happy Flower","Velvet Choker","Sling","Lantern","Ancient Tea Set","Darkstone Periapt","Anchor","Calling Bell","Red Skull","Frozen Egg 2","Torii","Pocketwatch","Omamori","Letter Opener","Bag of Preparation","Nunchaku","Membership Card","Bag of Marbles","Bronze Scales","White Beast Statue"],"acts_visited":["Exordium","TheCity","TheBeyond"],"potions_floor_usage":[7,20,25,30,33,33,33,33,33,36,39,44,46],"damage_taken":[{"damage":0,"enemies":"Cultist","floor":1,"turns":3},{"damage":0,"enemies":"Small Slimes","floor":2,"turns":2},{"damage":0,"enemies":"2 Louse","floor":3,"turns":2},{"damage":0,"enemies":"2 Fungi Beasts","floor":4,"turns":2},{"damage":10,"enemies":"Looter","floor":5,"turns":2},{"damage":9,"enemies":"3 Sentries","floor":7,"turns":3},{"damage":14,"enemies":"Gremlin Nob","floor":10,"turns":3},{"damage":0,"enemies":"Gremlin Gang","floor":12,"turns":1},{"damage":35,"enemies":"The Guardian","floor":16,"turns":7},{"damage":6,"enemies":"Chosen","floor":18,"turns":3},{"damage":0,"enemies":"Spheric Guardian","floor":20,"turns":1},{"damage":21,"enemies":"Snake Plant","floor":22,"turns":2},{"damage":0,"enemies":"Slavers","floor":23,"turns":1},{"damage":20,"enemies":"Book of Stabbing","floor":25,"turns":3},{"damage":10,"enemies":"Cultist and Chosen","floor":28,"turns":2},{"damage":0,"enemies":"Snecko","floor":30,"turns":2},{"damage":0,"enemies":"Gremlin Leader","floor":31,"turns":2},{"damage":14,"enemies":"Automaton","floor":33,"turns":4},{"damage":1,"enemies":"Orb Walker","floor":35,"turns":3},{"damage":10,"enemies":"2 Orb Walkers","floor":36,"turns":2},{"damage":0,"enemies":"3 Darklings","floor":39,"turns":1},{"damage":7,"enemies":"Nemesis","floor":40,"turns":5},{"damage":39,"enemies":"Reptomancer","floor":42,"turns":3},{"damage":22,"enemies":"Giant Head","floor":44,"turns":6},{"damage":7,"enemies":"Nemesis","floor":46,"turns":3},{"damage":0,"enemies":"Spire Growth","floor":47,"turns":2},{"damage":59,"enemies":"Time Eater","floor":50,"turns":7}],"seed_played":"1393018287996140783","potions_obtained":[{"floor":1,"key":"ColorlessPotion"},{"floor":3,"key":"Ancient Potion"},{"floor":4,"key":"BlessingOfTheForge"},{"floor":5,"key":"EntropicBrew"},{"floor":16,"key":"Fire Potion"},{"floor":22,"key":"SkillPotion"},{"floor":28,"key":"DistilledChaos"},{"floor":31,"key":"Swift Potion"},{"floor":33,"key":"SkillPotion"},{"floor":36,"key":"LiquidMemories"},{"floor":40,"key":"FairyPotion"},{"floor":44,"key":"Fruit Juice"},{"floor":47,"key":"SpeedPotion"}],"is_trial":false,"path_per_floor":["M","M","M","M","M","R","E","R","T","E","$","M","?","$","R","B",null,"M","?","M","$","M","E","R","E","T","R","M","$","M","E","R","B",null,"M","?","?","?","M","E","?","E","T","E","$","E","M","$","R","B",null],"character_chosen":"IRONCLAD","items_purchased":["ClockworkSouvenir","Happy Flower","Flex","Sling","Membership Card","Bag of Marbles","Bronze Scales","Reaper","EssenceOfSteel","Flex","Sever Soul","Body Slam"],"campfire_rested":2,"item_purchase_floors":[11,11,14,21,45,45,45,45,45,45,45,48],"current_hp_per_floor":[80,80,80,80,70,70,61,61,61,47,47,47,47,47,47,12,80,74,74,74,74,53,53,53,33,33,57,47,47,47,47,47,33,86,85,75,65,65,65,62,62,23,23,10,10,7,11,11,37,22],"gold":15,"neow_bonus":"BOSS_RELIC","is_daily":false,"chose_seed":false,"campfire_upgraded":5,"win_rate":0.0,"timestamp":1613435485,"path_taken":["M","M","?","M","M","R","E","R","T","E","$","M","?","$","R","BOSS","M","?","?","$","M","E","R","E","T","R","M","?","M","E","R","BOSS","M","?","?","?","M","E","?","E","T","E","$","E","M","?","R","BOSS"],"items_purchased_type":["Relic","Relic","Card","Relic","Relic","Relic","Relic","Card","Potion","Card","Card","Card"],"build_version":"2020-12-22","purchased_purges":0,"victory":true,"max_hp_per_floor":[80,80,80,80,80,80,80,80,80,80,80,80,80,80,80,80,80,80,80,80,80,80,80,80,80,80,80,80,80,80,80,80,80,86,86,86,86,82,82,82,82,82,82,87,87,87,87,87,87,87],"card_choices":[{"not_picked":["Intimidate","Burning Pact"],"picked":"Perfected Strike","floor":1},{"not_picked":["Seeing Red","Armaments"],"picked":"Cleave","floor":2},{"not_picked":["Clash","Twin Strike"],"picked":"Whirlwind","floor":3},{"not_picked":["Shrug It Off","Iron Wave"],"picked":"Pommel Strike","floor":4},{"not_picked":["Perfected Strike","Sword Boomerang"],"picked":"Headbutt","floor":5},{"not_picked":["Second Wind","Metallicize"],"picked":"Heavy Blade","floor":7},{"not_picked":["Warcry","Perfected Strike"],"picked":"Dropkick","floor":10},{"not_picked":["Warcry","Pommel Strike"],"picked":"Clothesline","floor":12},{"not_picked":["Impervious","Bludgeon"],"picked":"Demon Form","floor":16},{"not_picked":["Cleave","Pommel Strike"],"picked":"Blood for Blood","floor":18},{"not_picked":["Thunderclap","Carnage+1"],"picked":"Armaments+1","floor":20},{"not_picked":["Headbutt","Body Slam"],"picked":"Whirlwind+1","floor":22},{"not_picked":["Cleave","Shrug It Off"],"picked":"Anger","floor":23},{"not_picked":["Perfected Strike","Battle Trance"],"picked":"Bludgeon","floor":25},{"not_picked":["Burning Pact","Twin Strike+1"],"picked":"Shockwave","floor":28},{"not_picked":["Blood for Blood","Power Through"],"picked":"Metallicize+1","floor":30},{"not_picked":["Barricade","Ghostly Armor"],"picked":"Flex","floor":31},{"not_picked":["Reaper","Corruption"],"picked":"Berserk","floor":33},{"not_picked":["Sword Boomerang","Perfected Strike+1"],"picked":"Seeing Red","floor":35},{"not_picked":["Rupture+1","Burning Pact"],"picked":"Twin Strike+1","floor":36},{"not_picked":["Panacea","Madness"],"picked":"Bandage Up","floor":37},{"not_picked":["Flash of Steel","Good Instincts"],"picked":"Blind","floor":37},{"not_picked":["Purity","Blind"],"picked":"HandOfGreed","floor":37},{"not_picked":["Twin Strike","Armaments"],"picked":"Thunderclap+1","floor":39},{"not_picked":["Pommel Strike","True Grit"],"picked":"Perfected Strike+1","floor":40},{"not_picked":["Dual Wield","Impervious"],"picked":"Fire Breathing+1","floor":42},{"not_picked":["Spot Weakness+1","Armaments"],"picked":"Heavy Blade+1","floor":44},{"not_picked":["Blood for Blood","Clothesline"],"picked":"Clash+1","floor":46},{"not_picked":["Heavy Blade","Sword Boomerang"],"picked":"Infernal Blade+1","floor":47}],"player_experience":63653,"relics_obtained":[{"floor":7,"key":"Gremlin Horn"},{"floor":9,"key":"Bottled Flame"},{"floor":10,"key":"CaptainsWheel"},{"floor":23,"key":"Lantern"},{"floor":25,"key":"Ancient Tea Set"},{"floor":26,"key":"Darkstone Periapt"},{"floor":31,"key":"Anchor"},{"floor":34,"key":"Red Skull"},{"floor":34,"key":"Frozen Egg 2"},{"floor":34,"key":"Torii"},{"floor":36,"key":"Pocketwatch"},{"floor":40,"key":"Omamori"},{"floor":42,"key":"Letter Opener"},{"floor":43,"key":"Bag of Preparation"},{"floor":44,"key":"Nunchaku"},{"floor":46,"key":"White Beast Statue"}],"event_choices":[{"damage_healed":0,"gold_gain":0,"player_choice":"Leave","damage_taken":0,"max_hp_gain":0,"max_hp_loss":0,"event_name":"The Cleric","floor":13,"gold_loss":0},{"damage_healed":0,"gold_gain":0,"player_choice":"Bought 0 Potions","damage_taken":0,"max_hp_gain":0,"max_hp_loss":0,"event_name":"The Woman in Blue","floor":19,"gold_loss":0},{"damage_healed":0,"gold_gain":0,"player_choice":"Fight","damage_taken":0,"max_hp_gain":0,"max_hp_loss":0,"event_name":"Mysterious Sphere","floor":36,"gold_loss":0},{"damage_healed":0,"gold_gain":0,"player_choice":"Memory 3","damage_taken":10,"max_hp_gain":0,"max_hp_loss":0,"event_name":"SensoryStone","floor":37,"gold_loss":0},{"damage_healed":0,"gold_gain":0,"player_choice":"Max HP","damage_taken":0,"max_hp_gain":0,"max_hp_loss":4,"event_name":"Winding Halls","floor":38,"gold_loss":0},{"cards_removed":["Metallicize"],"damage_healed":0,"gold_gain":0,"player_choice":"Removed Power","damage_taken":0,"max_hp_gain":0,"max_hp_loss":0,"event_name":"Falling","floor":41,"gold_loss":0}],"is_beta":false,"boss_relics":[{"not_picked":["Snecko Eye","Mark of Pain"],"picked":"Velvet Choker"},{"not_picked":["Philosopher\u0027s Stone","SacredBark"],"picked":"Calling Bell"}],"items_purged_floors":[],"is_endless":false,"potions_floor_spawned":[1,3,4,5,16,22,28,31,33,36,40,44,47],"ascension_level":1}}