{"host":"6xghz2lkudss8si6","time":1613490530,"event":{"mods":["AchievementEnabler","BaseMod","Colored Map","DeckTracker","Minty Spire (QoL Compilation)","Quick Restart","StSLib","SuperFastMode"],"gold_per_floor":[112,112,37,50,68,68,80,109,160,160,176,208,208,224,224,325,325,337,337,190,201,217,217,252,252,252],"floor_reached":25,"language":"KOR","playtime":846,"items_purged":["Defend_P","Strike_P"],"score":325,"play_id":"39a25f3c-c4f2-4335-a067-aa13e8ea64fc","local_time":"20210217004850","is_ascension_mode":true,"campfire_choices":[{"data":"Eruption","floor":6,"key":"SMITH"},{"data":"FearNoEvil","floor":10,"key":"SMITH"},{"data":"CutThroughFate","floor":15,"key":"SMITH"},{"data":"Blasphemy","floor":23,"key":"SMITH"}],"circlet_count":0,"master_deck":["Strike_P","Strike_P","Defend_P","Defend_P","Defend_P","Eruption+1","Vigilance","Evaluate","FearNoEvil+1","FlurryOfBlows","ThirdEye","CrushJoints","CutThroughFate+1","Blasphemy+1","Study","EmptyFist","Tantrum","FollowUp","EmptyFist+1"],"relics":["Busted Crown","Meat on the Bone","Strawberry","Blood Vial","Letter Opener","Runic Pyramid","GoldenEye"],"acts_visited":["Exordium","TheCity"],"potions_floor_usage":[8],"damage_taken":[{"damage":0,"enemies":"Cultist","floor":1,"turns":2},{"damage":0,"enemies":"2 Louse","floor":4,"turns":2},{"damage":2,"enemies":"Jaw Worm","floor":5,"turns":3},{"damage":2,"enemies":"Exordium Thugs","floor":7,"turns":3},{"damage":7,"enemies":"3 Sentries","floor":8,"turns":8},{"damage":0,"enemies":"Gremlin Gang","floor":11,"turns":4},{"damage":59,"enemies":"Gremlin Nob","floor":12,"turns":6},{"damage":6,"enemies":"Large Slime","floor":14,"turns":3},{"damage":0,"enemies":"Slime Boss","floor":16,"turns":6},{"damage":0,"enemies":"Spheric Guardian","floor":18,"turns":1},{"damage":8,"enemies":"3 Byrds","floor":21,"turns":3},{"damage":17,"enemies":"Snake Plant","floor":22,"turns":3},{"damage":23,"enemies":"Book of Stabbing","floor":24,"turns":5},{"damage":74,"enemies":"Shelled Parasite and Fungi","floor":25,"turns":4}],"seed_played":"7727790050098242169","potions_obtained":[{"floor":4,"key":"SkillPotion"},{"floor":5,"key":"EssenceOfSteel"},{"floor":11,"key":"LiquidBronze"},{"floor":18,"key":"CultistPotion"}],"is_trial":false,"path_per_floor":["M","?","$","M","M","R","M","E","T","R","M","E","?","M","R","B",null,"M","?","$","M","M","R","E","M"],"character_chosen":"WATCHER","items_purchased":["EmptyFist"],"campfire_rested":0,"item_purchase_floors":[20],"current_hp_per_floor":[72,65,65,65,63,63,61,54,61,61,61,14,14,22,22,36,79,79,79,79,71,56,56,47,0,0],"gold":252,"neow_bonus":"BOSS_RELIC","is_daily":false,"chose_seed":false,"campfire_upgraded":4,"win_rate":0.0,"timestamp":1613490530,"path_taken":["M","?","$","M","M","R","M","E","T","R","M","E","?","?","R","BOSS","M","?","$","M","?","R","E","M"],"items_purchased_type":["Card"],"build_version":"2020-12-22","purchased_purges":2,"victory":false,"max_hp_per_floor":[72,72,72,72,72,72,72,72,79,79,79,79,79,79,79,79,79,79,79,79,79,79,79,79,79,79],"card_choices":[{"not_picked":[],"picked":"Evaluate","floor":1},{"not_picked":[],"picked":"FearNoEvil","floor":4},{"not_picked":[],"picked":"FlurryOfBlows","floor":5},{"not_picked":["CrushJoints"],"picked":"SKIP","floor":7},{"not_picked":[],"picked":"ThirdEye","floor":8},{"not_picked":[],"picked":"CrushJoints","floor":11},{"not_picked":["Collect"],"picked":"SKIP","floor":12},{"not_picked":[],"picked":"CutThroughFate","floor":14},{"not_picked":[],"picked":"Blasphemy","floor":16},{"not_picked":[],"picked":"Study","floor":18},{"not_picked":[],"picked":"Tantrum","floor":21},{"not_picked":[],"picked":"FollowUp","floor":22},{"not_picked":["EmptyFist+1"],"picked":"SKIP","floor":24},{"not_picked":[],"picked":"EmptyFist+1","floor":24}],"player_experience":254294,"relics_obtained":[{"floor":8,"key":"Meat on the Bone"},{"floor":9,"key":"Strawberry"},{"floor":12,"key":"Blood Vial"},{"floor":24,"key":"GoldenEye"}],"event_choices":[{"cards_removed":["Strike_P"],"damage_healed":0,"gold_gain":0,"player_choice":"Card Removal","damage_taken":7,"max_hp_gain":0,"max_hp_loss":0,"event_name":"Golden Wing","floor":2,"gold_loss":0},{"damage_healed":0,"gold_gain":0,"player_choice":"Searched \u00271\u0027 times","damage_taken":0,"relics_obtained":["Letter Opener"],"max_hp_gain":0,"max_hp_loss":0,"event_name":"Dead Adventurer","floor":13,"gold_loss":0},{"damage_healed":0,"gold_gain":0,"player_choice":"Bought 0 Potions","damage_taken":0,"max_hp_gain":0,"max_hp_loss":0,"event_name":"The Woman in Blue","floor":19,"gold_loss":0}],"is_beta":false,"boss_relics":[{"not_picked":["Ectoplasm","Black Star"],"picked":"Runic Pyramid"}],"items_purged_floors":[3,20],"is_endless":false,"potions_floor_spawned":[4,5,11,18,22],"killed_by":"Shelled Parasite and Fungi","ascension_level":3}}