{"host":"l7ku00cw7dmofayg","time":1613447168,"event":{"mods":["ATMod(°¢èªMod)","BaseMod","Dota2Spire","Marisa£¨ìFÓê¡¡Ä§ÀíÉ³£©","Minty Spire (QoL Compilation)","StSLib","The Invoker Mod"],"gold_per_floor":[116,132,207,36,36,64,64,64,64,64,98,98,129,165,165,267,267,307,307,307,232,232,232],"floor_reached":22,"language":"ZHS","playtime":566,"items_purged":[],"score":490,"play_id":"07b435f3-99e7-4674-b42e-972fbe0252db","local_time":"20210216114608","is_ascension_mode":true,"campfire_choices":[{"data":"AT_EssenceShift","floor":8.0,"key":"SMITH"},{"data":"WitchOfGreed","floor":12.0,"key":"SMITH"},{"data":"MillisecondPulsars","floor":15,"key":"SMITH"}],"circlet_count":0,"master_deck":["AscendersBane","Strike_MRS+1","Strike_MRS+1","Strike_MRS+1","Defend_MRS+1","Defend_MRS+1","Defend_MRS+1","MasterSpark","UpSweep","AT_EssenceShift+1","WitchOfGreed+1","NonDirectionalLaser","MachineGunSpark","GrandCross","GalacticHalo","MillisecondPulsars+1","JA","6A","Necronomicurse"],"relics":["MiniHakkero","AT_ATBox","NeowsBlessing","Dota2Spire:PowerTreads","AT_ForceNature","Dota2Spire:ArcaneBoots","MealTicket","Bottled Tornado","Empty Cage","Necronomicon"],"acts_visited":["Exordium","TheCity"],"potions_floor_usage":[16,18,18],"damage_taken":[{"damage":0.0,"enemies":"Small Slimes","floor":1.0,"turns":1.0},{"damage":0.0,"enemies":"Cultist","floor":2.0,"turns":1.0},{"damage":0.0,"enemies":"Lagavulin","floor":6.0,"turns":1.0},{"damage":15.0,"enemies":"Jaw Worm","floor":11.0,"turns":4.0},{"damage":21.0,"enemies":"Gremlin Nob","floor":13.0,"turns":4.0},{"damage":12,"enemies":"Looter","floor":14,"turns":4},{"damage":2,"enemies":"Hexaghost","floor":16,"turns":5},{"damage":32,"enemies":"3 Byrds","floor":18,"turns":5},{"damage":21,"enemies":"Shell Parasite","floor":22,"turns":1}],"seed_played":"-6758231614649721422","potions_obtained":[{"floor":2.0,"key":"Ancient Potion"},{"floor":11.0,"key":"Strength Potion"},{"floor":11.0,"key":"LiquidMemories"},{"floor":16,"key":"SteroidPotion"},{"floor":18,"key":"SteroidPotion"}],"is_trial":false,"path_per_floor":["M","M","?","$","?","E","$","R","T","?","M","R","E","M","R","B",null,"M","?","?","?","M"],"character_chosen":"MARISA","items_purchased":["Dota2Spire:PowerTreads"],"campfire_rested":0,"item_purchase_floors":[4],"current_hp_per_floor":[63,63,52,52,52,52,52,52,52,70,55,55,34,22,22,20,58,26,17,17,17,0,0],"gold":232,"neow_bonus":"THREE_ENEMY_KILL","is_daily":false,"chose_seed":false,"campfire_upgraded":3,"win_rate":0.0,"timestamp":1613447168,"path_taken":["M","M","?","$","?","E","$","R","T","?","M","R","E","?","R","BOSS","M","?","?","?","?"],"items_purchased_type":["Relic"],"build_version":"2020-12-22","purchased_purges":0,"victory":false,"max_hp_per_floor":[70,70,70,70,70,70,70,70,70,70,70,70,70,70,70,70,70,70,70,70,70,70,70],"card_choices":[{"not_picked":["GrandCross","MysteriousBeam"],"picked":"WitchOfGreed","floor":1.0},{"not_picked":["PowerUp","IllusionStar"],"picked":"NonDirectionalLaser","floor":2.0},{"not_picked":["RefractionSpark","GasGiant"],"picked":"MachineGunSpark","floor":6.0},{"not_picked":["StarBarrage","DarkSpark"],"picked":"GrandCross","floor":11.0},{"not_picked":["OrrerysSun","StarlightTyphoon"],"picked":"GalacticHalo","floor":13},{"not_picked":["IllusionStar","Orbital"],"picked":"MillisecondPulsars","floor":14},{"not_picked":["SuperNova","EscapeVelocity"],"picked":"JA","floor":16},{"not_picked":["BlazeAway","ShootTheMoon"],"picked":"6A","floor":18}],"player_experience":67478,"relics_obtained":[{"floor":6.0,"key":"Dota2Spire:ArcaneBoots"},{"floor":9.0,"key":"MealTicket"},{"floor":13,"key":"Bottled Tornado"},{"floor":19,"key":"Necronomicon"}],"event_choices":[{"damage_healed":0.0,"max_hp_gain":0.0,"max_hp_loss":0.0,"gold_gain":75.0,"event_name":"World of Goop","player_choice":"Gather Gold","floor":3.0,"gold_loss":0.0,"damage_taken":11.0},{"damage_healed":0.0,"max_hp_gain":0.0,"max_hp_loss":0.0,"gold_gain":0.0,"event_name":"Big Fish","player_choice":"Box","floor":5.0,"gold_loss":0.0,"damage_taken":0.0,"relics_obtained":["AT_ForceNature"],"cards_obtained":["Regret"]},{"damage_healed":18.0,"max_hp_gain":0.0,"max_hp_loss":0.0,"gold_gain":0.0,"event_name":"Wheel of Change","player_choice":"Full Heal","floor":10.0,"gold_loss":0.0,"damage_taken":0.0},{"damage_healed":0,"gold_gain":0,"player_choice":"Obtained Book","damage_taken":21,"max_hp_gain":0,"max_hp_loss":0,"event_name":"Cursed Tome","floor":19,"gold_loss":0},{"damage_healed":0,"gold_gain":0,"player_choice":"Simplicity","damage_taken":0,"max_hp_gain":0,"max_hp_loss":0,"event_name":"Back to Basics","floor":20,"gold_loss":0,"cards_upgraded":["Strike_MRS","Strike_MRS","Strike_MRS","Strike_MRS","Defend_MRS","Defend_MRS","Defend_MRS"]},{"cards_removed":["Strike_MRS"],"damage_healed":0,"gold_gain":0,"player_choice":"Gave Gold","damage_taken":0,"max_hp_gain":0,"max_hp_loss":0,"event_name":"Beggar","floor":21,"gold_loss":75}],"is_beta":false,"boss_relics":[{"not_picked":["Coffee Dripper","Runic Dome"],"picked":"Empty Cage"}],"items_purged_floors":[],"is_endless":false,"potions_floor_spawned":[2,11,13],"killed_by":"Shell Parasite","ascension_level":17}}