{"host":"qgrlfjrqk9z96gfi","time":1613439229,"event":{"mods":["BaseMod","Block Reminder","Colored Map","Custom Start","DeckTracker","Minty Spire (QoL Compilation)"],"gold_per_floor":[118,67,217,20,35,63,63,9,57,71,99,111,138,157,157,234,234,246,246,246,171,184,184,18,18,18,32,63,76,76,101,101,177,177,193,193,193,205,220,548,548,568,568,585,614,614,666,666,666,666,666],"floor_reached":50,"language":"ENG","playtime":3177,"items_purged":["Doubt"],"score":1270,"play_id":"168345ea-a882-4b5e-9ee5-89593a925634","local_time":"20210215153349","is_ascension_mode":true,"campfire_choices":[{"data":"Dagger Throw","floor":7.0,"key":"SMITH"},{"floor":15.0,"key":"REST"},{"data":"Ghostly","floor":23.0,"key":"SMITH"},{"data":"Ghostly","floor":25.0,"key":"SMITH"},{"data":"Ghostly","floor":30.0,"key":"SMITH"},{"data":"Calculated Gamble","floor":32.0,"key":"SMITH"},{"data":"Night Terror","floor":41.0,"key":"SMITH"},{"floor":49.0,"key":"RECALL"}],"circlet_count":0,"master_deck":["AscendersBane","Strike_G+1","Strike_G+1","Strike_G+1","Strike_G+1","Defend_G+1","Defend_G+1","Defend_G+1","Defend_G+1","Defend_G+1","Survivor","Neutralize","Masterful Stab","Dagger Throw+1","Noxious Fumes","Reflex","Acrobatics","Underhanded Strike","Crippling Poison","Prepared","Calculated Gamble+1","Backflip","Adrenaline","Blade Dance","Ghostly+1","Ghostly+1","Ghostly+1","Distraction+1","Adrenaline","Footwork","Slice+1","A Thousand Cuts+1","Night Terror+1","Panacea","Footwork+1","Wraith Form v2+1","Parasite","PiercingWail+1","Blade Dance+1","Doubt","Catalyst"],"relics":["Ring of the Snake","NeowsBlessing","Kunai","Snake Skull","White Beast Statue","Anchor","Runic Pyramid","TheAbacus","Pear","Art of War","Frozen Egg 2","Cursed Key","Old Coin","Bag of Marbles","Thread and Needle"],"acts_visited":["Exordium","TheCity","TheBeyond"],"potions_floor_usage":[],"damage_taken":[{"damage":0.0,"enemies":"Cultist","floor":1.0,"turns":1.0},{"damage":0.0,"enemies":"Jaw Worm","floor":5.0,"turns":1.0},{"damage":0.0,"enemies":"Lagavulin","floor":6.0,"turns":1.0},{"damage":6.0,"enemies":"Small Slimes","floor":10.0,"turns":3.0},{"damage":19.0,"enemies":"3 Sentries","floor":11.0,"turns":8.0},{"damage":0.0,"enemies":"3 Louse","floor":12.0,"turns":3.0},{"damage":24.0,"enemies":"Gremlin Nob","floor":13.0,"turns":4.0},{"damage":3.0,"enemies":"Exordium Wildlife","floor":14.0,"turns":3.0},{"damage":24.0,"enemies":"The Guardian","floor":16.0,"turns":10.0},{"damage":4.0,"enemies":"2 Thieves","floor":18.0,"turns":4.0},{"damage":1.0,"enemies":"Chosen","floor":22.0,"turns":5.0},{"damage":0.0,"enemies":"Centurion and Healer","floor":27.0,"turns":5.0},{"damage":0.0,"enemies":"Gremlin Leader","floor":28.0,"turns":7.0},{"damage":4.0,"enemies":"Snake Plant","floor":29.0,"turns":4.0},{"damage":6.0,"enemies":"Slavers","floor":31.0,"turns":8.0},{"damage":13.0,"enemies":"Champ","floor":33.0,"turns":14.0},{"damage":3.0,"enemies":"3 Shapes","floor":35.0,"turns":5.0},{"damage":0.0,"enemies":"Orb Walker","floor":38.0,"turns":3.0},{"damage":0.0,"enemies":"Spire Growth","floor":39.0,"turns":5.0},{"damage":3.0,"enemies":"Nemesis","floor":40.0,"turns":9.0},{"damage":0.0,"enemies":"Writhing Mass","floor":42.0,"turns":5.0},{"damage":2.0,"enemies":"Maw","floor":44.0,"turns":10.0},{"damage":4.0,"enemies":"Reptomancer","floor":45.0,"turns":6.0},{"damage":3.0,"enemies":"2 Orb Walkers","floor":47.0,"turns":7.0},{"damage":0.0,"enemies":"4 Shapes","floor":48.0,"turns":3.0},{"damage":35,"enemies":"Awakened One","floor":50,"turns":23}],"seed_played":"7886351524195073887","potions_obtained":[{"floor":1.0,"key":"Block Potion"},{"floor":6.0,"key":"SpeedPotion"},{"floor":12.0,"key":"EntropicBrew"},{"floor":13.0,"key":"Strength Potion"},{"floor":28.0,"key":"Fire Potion"},{"floor":31.0,"key":"Swift Potion"},{"floor":35.0,"key":"GamblersBrew"},{"floor":39.0,"key":"SteroidPotion"},{"floor":40.0,"key":"GamblersBrew"},{"floor":45.0,"key":"SmokeBomb"}],"is_trial":false,"path_per_floor":["M","$","?","$","M","E","R","$","T","M","E","M","E","M","R","B",null,"M","?","?","?","M","R","$","R","T","M","E","M","R","E","R","B",null,"M","?","?","M","M","E","R","M","T","M","E","T","?","M","R","B"],"character_chosen":"THE_SILENT","items_purchased":["Dagger Throw","Noxious Fumes","Reflex","BlessingOfTheForge","TheAbacus"],"campfire_rested":1,"item_purchase_floors":[2,4,4,8,24],"current_hp_per_floor":[59,59,59,59,59,59,59,59,59,53,34,34,10,7,26,2,50,46,46,33,33,32,32,32,32,42,42,42,38,38,32,32,19,37,34,34,34,34,34,31,31,31,31,29,25,25,22,22,22,0,0],"gold":666,"neow_bonus":"THREE_ENEMY_KILL","is_daily":false,"chose_seed":false,"campfire_upgraded":6,"win_rate":0.0,"timestamp":1613439229,"path_taken":["M","?","?","$","M","E","R","$","T","M","E","M","E","M","R","BOSS","M","?","?","?","M","R","$","R","T","M","E","?","R","E","R","BOSS","M","?","?","M","M","E","R","M","T","M","E","?","?","M","R","BOSS"],"items_purchased_type":["Card","Card","Card","Potion","Relic"],"build_version":"2020-12-22","purchased_purges":1,"victory":false,"max_hp_per_floor":[66,66,66,66,66,66,66,66,66,66,66,66,66,66,66,66,66,66,66,33,33,33,33,33,33,43,43,43,43,43,43,43,43,43,43,43,43,43,43,43,43,43,43,43,43,43,43,43,43,43,43],"card_choices":[{"not_picked":["Setup","Well Laid Plans"],"picked":"Masterful Stab","floor":1.0},{"not_picked":["Slice","Sucker Punch"],"picked":"Acrobatics","floor":5.0},{"not_picked":["Backflip","Deflect"],"picked":"Underhanded Strike","floor":6.0},{"not_picked":["Bane","Flying Knee"],"picked":"Crippling Poison","floor":10.0},{"not_picked":["Sucker Punch","Bouncing Flask"],"picked":"Prepared","floor":11.0},{"not_picked":["Caltrops","Dodge and Roll"],"picked":"Calculated Gamble","floor":12.0},{"not_picked":["Infinite Blades","Blur","Underhanded Strike"],"picked":"SKIP","floor":13.0},{"not_picked":["Bane","Dagger Throw"],"picked":"Backflip","floor":14.0},{"not_picked":["Unload","A Thousand Cuts"],"picked":"Adrenaline","floor":16.0},{"not_picked":["Quick Slash","Dagger Throw"],"picked":"Blade Dance","floor":18.0},{"not_picked":["Deflect","Sucker Punch"],"picked":"Distraction+1","floor":22.0},{"not_picked":["Flying Knee","Outmaneuver"],"picked":"Adrenaline","floor":27.0},{"not_picked":["Deflect","A Thousand Cuts"],"picked":"Footwork","floor":28.0},{"not_picked":["Predator","Expertise+1"],"picked":"Slice+1","floor":29.0},{"not_picked":["Prepared","Venomology"],"picked":"A Thousand Cuts+1","floor":31.0},{"not_picked":["Glass Knife","Unload"],"picked":"Night Terror","floor":33.0},{"not_picked":["Distraction","Well Laid Plans+1","Deflect"],"picked":"SKIP","floor":35.0},{"not_picked":["Enlightenment","Discovery"],"picked":"Panacea","floor":37.0},{"not_picked":["Bane","Acrobatics"],"picked":"Footwork+1","floor":38.0},{"not_picked":["Dash+1","Bouncing Flask","Bane"],"picked":"SKIP","floor":39.0},{"not_picked":["Acrobatics","Dagger Throw"],"picked":"Wraith Form v2+1","floor":40.0},{"not_picked":["Acrobatics+1","Bane+1"],"picked":"PiercingWail+1","floor":42.0},{"not_picked":["Dagger Spray","Flechettes"],"picked":"Blade Dance+1","floor":44.0},{"not_picked":["Grand Finale","Sucker Punch","Catalyst"],"picked":"SKIP","floor":45.0},{"not_picked":["Deadly Poison","Footwork+1"],"picked":"Catalyst","floor":47.0}],"player_experience":1150171,"relics_obtained":[{"floor":6.0,"key":"Kunai"},{"floor":9.0,"key":"Snake Skull"},{"floor":11.0,"key":"White Beast Statue"},{"floor":13.0,"key":"Anchor"},{"floor":26.0,"key":"Pear"},{"floor":28.0,"key":"Art of War"},{"floor":31.0,"key":"Frozen Egg 2"},{"floor":40.0,"key":"Old Coin"},{"floor":45.0,"key":"Bag of Marbles"},{"floor":47.0,"key":"Thread and Needle"}],"event_choices":[{"damage_healed":0.0,"max_hp_gain":0.0,"max_hp_loss":0.0,"gold_gain":150.0,"event_name":"Liars Game","player_choice":"AGREE","floor":3.0,"gold_loss":0.0,"damage_taken":0.0,"cards_obtained":["Doubt"]},{"damage_healed":0.0,"max_hp_gain":0.0,"max_hp_loss":0.0,"gold_gain":0.0,"event_name":"Back to Basics","player_choice":"Simplicity","floor":19.0,"gold_loss":0.0,"damage_taken":0.0,"cards_upgraded":["Strike_G","Strike_G","Strike_G","Strike_G","Strike_G","Defend_G","Defend_G","Defend_G","Defend_G","Defend_G"]},{"damage_healed":0.0,"max_hp_gain":0.0,"max_hp_loss":33.0,"gold_gain":0.0,"event_name":"Ghosts","player_choice":"Became a Ghost","floor":20.0,"gold_loss":0.0,"damage_taken":0.0,"cards_obtained":["Ghostly","Ghostly","Ghostly"]},{"cards_removed":["Strike_G"],"damage_healed":0.0,"max_hp_gain":0.0,"max_hp_loss":0.0,"gold_gain":0.0,"event_name":"Beggar","player_choice":"Gave Gold","floor":21.0,"gold_loss":75.0,"damage_taken":0.0},{"damage_healed":0.0,"max_hp_gain":0.0,"max_hp_loss":0.0,"gold_gain":0.0,"event_name":"Tomb of Lord Red Mask","player_choice":"Ignored","floor":36.0,"gold_loss":0.0,"damage_taken":0.0},{"damage_healed":0.0,"max_hp_gain":0.0,"max_hp_loss":0.0,"gold_gain":0.0,"event_name":"SensoryStone","player_choice":"Memory 1","floor":37.0,"gold_loss":0.0,"damage_taken":0.0},{"damage_healed":0.0,"max_hp_gain":0.0,"max_hp_loss":0.0,"gold_gain":0.0,"event_name":"Mysterious Sphere","player_choice":"Fight","floor":47.0,"gold_loss":0.0,"damage_taken":0.0}],"is_beta":false,"boss_relics":[{"not_picked":["Empty Cage","SacredBark"],"picked":"Runic Pyramid"},{"not_picked":["Sozu","Velvet Choker"],"picked":"Cursed Key"}],"items_purged_floors":[4],"is_endless":false,"potions_floor_spawned":[1,6,12,13,14,16,18,22,27,28,29,31,33,35,38,39,40,42,44,45,47,48],"killed_by":"Awakened One","ascension_level":20}}