{"host":"rwzz6mk6bpmb57ql","time":1613435281,"event":{"mods":["AchievementEnabler","BaseMod","Better Third Choice","BetterRewards","Colored Map","Highlight Path","Hubris","Infinite Spire","Minty Spire (QoL Compilation)","Replay The Spire","StSLib","Wandering Minibosses"],"gold_per_floor":[5613,5613,5627,6645,6659,6690,6690,6719,6744,6744,6744,6763,6777,6391,6391,6490,6590,6608,6622,6622,6017,6017,6045,6045,6064,6064,6076,5401,5413,5413,5426,5426,5522,5522,5534,5057,5057,5071,5071,5071,5104,5114,5138,5149,4697,4728,4396,4396,4396,4396,4396,4396,4046,4073,4073],"floor_reached":56,"language":"ENG","playtime":1599,"items_purged":["Strike_B","Defend_B","Defend_B","Defend_B","Defend_B","Strike_B","Strike_B"],"score":1618,"play_id":"dd6fa31a-c67d-4260-8003-371221a7e466","local_time":"20210215182801","is_ascension_mode":true,"campfire_choices":[{"floor":7.0,"key":"RECALL"},{"data":"hubris:DoWhile","floor":10.0,"key":"SMITH"},{"data":"Double Energy","floor":15.0,"key":"SMITH"},{"data":"Dualcast","floor":24.0,"key":"SMITH"},{"data":"Gash","floor":30.0,"key":"SMITH"},{"data":"Zap","floor":32.0,"key":"SMITH"},{"data":"infinitespire:Execution","floor":40,"key":"SMITH"},{"floor":49,"key":"REST"},{"data":"Streamline","floor":52,"key":"SMITH"}],"circlet_count":0,"master_deck":["Zap+1","Dualcast+1","hubris:DoWhile+1","Streamline","Gash","Streamline+1","Double Energy+1","All For One","Gash+1","hubris:DoWhile","infinitespire:Execution+1","Streamline+1"],"relics":["Cracked Core","wanderingMiniBosses:LockLocket","hubris:GlazedTorus","ReplayTheSpireMod:Lightbulb","Lantern","HandDrill","Replay:Wanted Poster","infinitespire:Joker Card","infinitespire:PuzzleCube","Pear","Replay:Antivirus Software","infinitespire:FocusingShard","Sling","Regal Pillow","Prayer Wheel","Sozu","Toxic Egg 2","Pen Nib","Lizard Tail","Juzu Bracelet","Orichalcum","DataDisk","Vajra"],"acts_visited":["Exordium","TheCity","TheBeyond","TheEnding"],"potions_floor_usage":[41,46],"damage_taken":[{"damage":4.0,"enemies":"Small Slimes","floor":1.0,"turns":4.0},{"damage":7.0,"enemies":"Jaw Worm","floor":3.0,"turns":3.0},{"damage":0.0,"enemies":"Cultist","floor":4.0,"turns":2.0},{"damage":11.0,"enemies":"2 Fungi Beasts","floor":5.0,"turns":4.0},{"damage":45.0,"enemies":"3 Sentries","floor":6.0,"turns":7.0},{"damage":40.0,"enemies":"Lagavulin","floor":8.0,"turns":6.0},{"damage":17.0,"enemies":"Exordium Wildlife","floor":12.0,"turns":3.0},{"damage":13.0,"enemies":"Blue Slaver","floor":13.0,"turns":2.0},{"damage":0.0,"enemies":"Slime Boss","floor":16.0,"turns":1.0},{"damage":11.0,"enemies":"Spheric Guardian","floor":18.0,"turns":3.0},{"damage":36.0,"enemies":"2 Thieves","floor":19.0,"turns":4.0},{"damage":0.0,"enemies":"Nightmare","floor":23.0,"turns":2.0},{"damage":0.0,"enemies":"Snake Plant","floor":25.0,"turns":1.0},{"damage":0.0,"enemies":"3 Cultists","floor":27.0,"turns":3.0},{"damage":0.0,"enemies":"Snecko","floor":29.0,"turns":1.0},{"damage":14.0,"enemies":"Centurion and Healer","floor":31.0,"turns":2.0},{"damage":35,"enemies":"LordOfAnnihilation","floor":33,"turns":2},{"damage":0,"enemies":"3 Shapes","floor":35,"turns":1},{"damage":14,"enemies":"3 Darklings","floor":38,"turns":2},{"damage":12,"enemies":"R_Hoarder","floor":41,"turns":3},{"damage":30,"enemies":"Maw","floor":42,"turns":3},{"damage":0,"enemies":"Transient","floor":44,"turns":1},{"damage":6,"enemies":"Reptomancer","floor":46,"turns":2},{"damage":29,"enemies":"LordOfAnnihilation","floor":50,"turns":2},{"damage":27,"enemies":"Shield and Spear","floor":54,"turns":3},{"damage":99,"enemies":"The Heart","floor":55,"turns":4}],"seed_played":"-6496954721757218272","potions_obtained":[{"floor":3.0,"key":"SkillPotion"},{"floor":5.0,"key":"SkillPotion"},{"floor":11.0,"key":"Block Potion"},{"floor":11.0,"key":"Toxic Potion"},{"floor":13.0,"key":"FocusPotion"},{"floor":18.0,"key":"Block Potion"},{"floor":29.0,"key":"DistilledChaos"},{"floor":33,"key":"FearPotion"}],"is_trial":false,"path_per_floor":["M","?","M","M","M","E","R","E","T","R","?","M","M","$","R","B",null,"M","M","?","$","?","NM","R","M","T","M","$","M","R","M","R","B",null,"M","?","?","M","AVR","R","E","M","T","M","$","E","$","?","R","B",null,"R","$","E","B",null],"character_chosen":"DEFECT","items_purchased":["Lantern","HandDrill","Gash","infinitespire:Joker Card","infinitespire:PuzzleCube","infinitespire:FocusingShard","Sling","Regal Pillow","Lizard Tail","Orichalcum","DataDisk"],"campfire_rested":1,"item_purchase_floors":[14,14,21,21,21,28,28,28,45,47,53],"current_hp_per_floor":[134,134,127,127,116,71,71,131,131,131,131,114,101,101,101,101,138,127,91,91,91,91,101,101,101,101,101,101,101,101,87,87,148,148,148,148,148,134,134,134,122,92,92,92,92,86,86,86,145,116,148,148,148,121,22],"gold":4073,"neow_bonus":"THREE_RARE_CARDS","is_daily":false,"chose_seed":false,"campfire_upgraded":7,"win_rate":0.0,"timestamp":1613435281,"path_taken":["M","?","M","M","M","E","R","E","T","R","?","M","?","$","R","BOSS","M","M","?","$","?","NM","R","M","T","M","?","M","R","?","R","BOSS","M","?","?","M","AVR","R","E","M","T","?","?","E","$","?","R","BOSS","R","$","E","BOSS"],"items_purchased_type":["Relic","Relic","Card","Relic","Relic","Relic","Relic","Relic","Relic","Relic","Relic"],"build_version":"2020-12-22","purchased_purges":7,"victory":true,"max_hp_per_floor":[138,138,138,138,138,138,138,138,138,138,138,138,138,138,138,138,138,138,138,138,138,138,148,148,148,148,148,148,148,148,148,148,148,148,148,148,148,148,148,148,148,148,148,148,148,148,148,148,148,148,148,148,148,148,148],"card_choices":[{"not_picked":["Buffer","ReplayTheSpireMod:Omega Cannon"],"picked":"hubris:DoWhile","floor":0.0},{"not_picked":["Tempest","ReplayTheSpireMod:Repulse"],"picked":"Streamline","floor":1.0},{"not_picked":["ReplayTheSpireMod:GoodbyeWorld","Sweeping Beam","Panic Button"],"picked":"SKIP","floor":3.0},{"not_picked":["Chaos","ReplayTheSpireMod:Repulse","Redo"],"picked":"SKIP","floor":4.0},{"not_picked":["Cold Snap","Hologram"],"picked":"Gash","floor":5.0},{"not_picked":["Hologram","hubris:Prefetch"],"picked":"Streamline","floor":6.0},{"not_picked":["Steam","hubris:Ukulele"],"picked":"Double Energy","floor":8.0},{"not_picked":["Self Repair","Hologram","ReplayTheSpireMod:Repulse"],"picked":"SKIP","floor":12.0},{"not_picked":["ReplayGash","Aggregate","ReplayTheSpireMod:Repulse"],"picked":"SKIP","floor":13.0},{"not_picked":["Hyperbeam","Amplify"],"picked":"All For One","floor":16.0},{"not_picked":["Steam","Ball Lightning","Chaos"],"picked":"SKIP","floor":18.0},{"not_picked":["Glacier","Conserve Battery","White Noise"],"picked":"SKIP","floor":19.0},{"not_picked":["Loop","Recycle","Storm"],"picked":"SKIP","floor":23.0},{"not_picked":["Storm","FTL","Doom and Gloom+1"],"picked":"SKIP","floor":25.0},{"not_picked":["Leap","Barrage"],"picked":"hubris:DoWhile","floor":27.0},{"not_picked":["Steam","Panic Button","Loop"],"picked":"SKIP","floor":29.0},{"not_picked":["Glacier+1","Static Discharge","Hello World+1"],"picked":"SKIP","floor":31.0},{"not_picked":["Ball Lightning","Cold Snap","Sunder+1"],"picked":"SKIP","floor":31.0},{"not_picked":["infinitespire:FutureSight","ReplayTheSpireMod:Black Plague"],"picked":"infinitespire:SealOfDarkness+","floor":33},{"not_picked":["Recycle","Beam Cell+1","Steam+1"],"picked":"SKIP","floor":35},{"not_picked":["Rebound+1","Sunder","FIFO Queue+1"],"picked":"SKIP","floor":35},{"not_picked":["infinitespire:SevenWalls","infinitespire:NeuralNetwork"],"picked":"infinitespire:Execution","floor":36},{"not_picked":["Turbo+1","Consume+1","Coolheaded+1"],"picked":"SKIP","floor":38},{"not_picked":["Cold Snap+1","Redo","Go for the Eyes+1"],"picked":"SKIP","floor":38},{"not_picked":["Cold Snap+1","Barrage+1","ReplayTheSpireMod:Repulse+1"],"picked":"SKIP","floor":41},{"not_picked":["ReplayTheSpireMod:GoodbyeWorld","Skim+1"],"picked":"Streamline+1","floor":42},{"not_picked":["Beam Cell+1","Hologram+1","Leap+1"],"picked":"SKIP","floor":42},{"not_picked":["Aggregate+1","Multi-Cast+1","Defragment"],"picked":"SKIP","floor":44},{"not_picked":["ReplaySort+1","Compile Driver+1","FTL+1"],"picked":"SKIP","floor":44},{"not_picked":["Coolheaded+1","Ball Lightning","Turbo+1"],"picked":"SKIP","floor":46},{"not_picked":["Panic Button+1","Genetic Algorithm+1","Ball Lightning+1"],"picked":"SKIP","floor":54}],"player_experience":213175,"relics_obtained":[{"floor":4.0,"key":"wanderingMiniBosses:LockLocket"},{"floor":6.0,"key":"hubris:GlazedTorus"},{"floor":8.0,"key":"ReplayTheSpireMod:Lightbulb"},{"floor":23.0,"key":"Pear"},{"floor":26.0,"key":"Replay:Antivirus Software"},{"floor":41,"key":"Toxic Egg 2"},{"floor":43,"key":"Pen Nib"},{"floor":46,"key":"Juzu Bracelet"},{"floor":54,"key":"Vajra"}],"event_choices":[{"cards_removed":["Strike_B"],"damage_healed":0.0,"max_hp_gain":0.0,"max_hp_loss":0.0,"gold_gain":0.0,"event_name":"Living Wall","player_choice":"Forget","floor":2.0,"gold_loss":0.0,"damage_taken":0.0},{"damage_healed":0.0,"max_hp_gain":0.0,"max_hp_loss":0.0,"gold_gain":0.0,"event_name":"Lab","player_choice":"Got Potions","floor":11.0,"gold_loss":0.0,"damage_taken":0.0},{"damage_healed":0,"gold_gain":0,"player_choice":"Bought 0 Potions","damage_taken":0,"max_hp_gain":0,"max_hp_loss":0,"event_name":"The Woman in Blue","floor":37,"gold_loss":0},{"damage_healed":0,"gold_gain":0,"player_choice":"Memory 1","damage_taken":0,"max_hp_gain":0,"max_hp_loss":0,"event_name":"SensoryStone","floor":48,"gold_loss":0}],"is_beta":false,"boss_relics":[{"not_picked":["Astrolabe","Calling Bell"],"picked":"Replay:Wanted Poster"},{"not_picked":["infinitespire:Cupcake","Philosopher\u0027s Stone"],"picked":"Sozu"}],"items_purged_floors":[14,21,28,39,45,47,53],"is_endless":false,"potions_floor_spawned":[3,5,12,13,16,18,25,29,33,38,42,44],"ascension_level":3}}