{"host":"c6xy0a74zz7y4nf6","time":1613456222,"event":{"mods":["BaseMod","Minty Spire (QoL Compilation)","StSLib","The Death Knight"],"gold_per_floor":[119,138,138,158,158,184,184,219,219,75,106,121,121,135,135,238,238,255,274,23,40,53,80,80,98,98,98,198,211,237,252,252,252,252],"floor_reached":33,"language":"ENG","playtime":1520,"items_purged":["Pain","DeathKnight:Strike_DeathKnight"],"score":324,"play_id":"dba4130d-b892-4ab5-b2fd-ae69147416a3","local_time":"20210216001702","is_ascension_mode":true,"campfire_choices":[{"floor":7,"key":"REST"},{"floor":15,"key":"REST"},{"floor":24,"key":"REST"},{"floor":27,"key":"REST"},{"floor":32,"key":"REST"}],"circlet_count":0,"master_deck":["DeathKnight:Strike_DeathKnight+1","DeathKnight:Strike_DeathKnight","DeathKnight:Strike_DeathKnight","DeathKnight:Strike_DeathKnight","DeathKnight:Defend_DeathKnight","DeathKnight:Defend_DeathKnight","DeathKnight:Defend_DeathKnight","DeathKnight:Defend_DeathKnight","DeathKnight:Defend_DeathKnight","DeathKnight:RuneTap","DeathKnight:RuneStrike","DeathKnight:Pestilence","DeathKnight:Hysteria+1","DeathKnight:HowlingBlast","DeathKnight:Hysteria+1","DeathKnight:BludPresence+1","DeathKnight:IcyTouch+1","DeathKnight:Simulacrum","DeathKnight:BludPresence+1","DeathKnight:BladedArmor+1"],"relics":["Velvet Choker","WarpedTongs","Frozen Egg 2","Mercury Hourglass","Prayer Wheel","Calipers","Pocketwatch","Black Star","DeathKnight:Scourgestone","DeathKnight:JainasLocket","InkBottle","Kunai","Whetstone","Happy Flower"],"acts_visited":["Exordium","TheCity"],"potions_floor_usage":[8,19,19,19,29,29,31],"damage_taken":[{"damage":0,"enemies":"2 Louse","floor":1,"turns":3},{"damage":0,"enemies":"Cultist","floor":2,"turns":3},{"damage":3,"enemies":"Small Slimes","floor":4,"turns":3},{"damage":28,"enemies":"Lagavulin","floor":6,"turns":6},{"damage":15,"enemies":"3 Sentries","floor":8,"turns":8},{"damage":17,"enemies":"Gremlin Nob","floor":11,"turns":4},{"damage":0,"enemies":"Gremlin Gang","floor":12,"turns":3},{"damage":0,"enemies":"Blue Slaver","floor":14,"turns":3},{"damage":5,"enemies":"The Guardian","floor":16,"turns":6},{"damage":13,"enemies":"Shell Parasite","floor":18,"turns":4},{"damage":5,"enemies":"2 Thieves","floor":19,"turns":4},{"damage":4,"enemies":"Snecko","floor":21,"turns":5},{"damage":6,"enemies":"3 Cultists","floor":22,"turns":4},{"damage":35,"enemies":"Book of Stabbing","floor":23,"turns":5},{"damage":17,"enemies":"Snake Plant","floor":25,"turns":3},{"damage":7,"enemies":"Chosen and Byrds","floor":29,"turns":5},{"damage":22,"enemies":"Gremlin Leader","floor":30,"turns":6},{"damage":2,"enemies":"Snecko","floor":31,"turns":4},{"damage":25,"enemies":"Collector","floor":33,"turns":7}],"seed_played":"3240020775488219930","potions_obtained":[{"floor":4,"key":"Dexterity Potion"},{"floor":11,"key":"AttackPotion"},{"floor":12,"key":"AttackPotion"},{"floor":16,"key":"DeathKnight:RimePotion"},{"floor":22,"key":"BlessingOfTheForge"},{"floor":23,"key":"ColorlessPotion"},{"floor":30,"key":"FearPotion"}],"is_trial":false,"path_per_floor":["M","M","?","M","T","E","R","E","T","$","E","M","?","M","R","B",null,"M","M","$","M","M","E","R","M","T","R","?","M","E","M","R","B"],"character_chosen":"DEATH_KNIGHT","items_purchased":["DeathKnight:HowlingBlast","DeathKnight:Scourgestone"],"campfire_rested":5,"item_purchase_floors":[10,20],"current_hp_per_floor":[75,75,75,72,72,44,66,51,51,51,34,34,34,34,56,51,75,62,57,57,53,47,12,34,17,17,39,39,32,10,8,30,5,5],"gold":252,"neow_bonus":"BOSS_RELIC","is_daily":false,"chose_seed":false,"campfire_upgraded":0,"win_rate":0.0,"timestamp":1613456222,"path_taken":["M","M","?","?","?","E","R","E","T","$","E","?","?","M","R","BOSS","M","M","$","M","M","E","R","M","T","R","?","?","E","M","R","BOSS"],"items_purchased_type":["Card","Relic"],"build_version":"2020-12-22","purchased_purges":2,"victory":false,"max_hp_per_floor":[75,75,75,75,75,75,75,75,75,75,75,75,75,75,75,75,75,75,75,75,75,75,75,75,75,75,75,75,75,75,75,75,75,75],"card_choices":[{"not_picked":["DeathKnight:BoneSpear","DeathKnight:MutagenicPlague"],"picked":"DeathKnight:Pestilence","floor":1},{"not_picked":["DeathKnight:UnholyFrenzy","DeathKnight:AntiMagicShell","DeathKnight:GargoyleSkin"],"picked":"SKIP","floor":2},{"not_picked":["DeathKnight:HartStrike","DeathKnight:FrosPresence","DeathKnight:ChainsOfIce"],"picked":"SKIP","floor":4},{"not_picked":["DeathKnight:DeathsAdvance","DeathKnight:RunicCorruption","DeathKnight:RuneShock"],"picked":"SKIP","floor":6},{"not_picked":["DeathKnight:BloodStrike","DeathKnight:UnholyAssault"],"picked":"DeathKnight:Hysteria+1","floor":8},{"not_picked":["DeathKnight:UnholyFrenzy","DeathKnight:HornOfWinter","DeathKnight:DarkSuccor"],"picked":"SKIP","floor":11},{"not_picked":["DeathKnight:ScourgeStrike","DeathKnight:Obliterate"],"picked":"DeathKnight:Hysteria+1","floor":12},{"not_picked":["DeathKnight:DreadStrike","DeathKnight:HartStrike","DeathKnight:FrostStrike"],"picked":"SKIP","floor":12},{"not_picked":["DeathKnight:AntiMagicShell","DeathKnight:UnholyFrenzy"],"picked":"DeathKnight:BludPresence+1","floor":14},{"not_picked":["DeathKnight:Hysteria+1","DeathKnight:IceboundArmor"],"picked":"DeathKnight:IcyTouch","floor":14},{"not_picked":["DeathKnight:SindragosasBreath","DeathKnight:RunicDetonation"],"picked":"DeathKnight:Simulacrum","floor":16},{"not_picked":["DeathKnight:RunicCorruption","DeathKnight:BloodTap"],"picked":"DeathKnight:BludPresence+1","floor":18},{"not_picked":["DeathKnight:UnholyAssault+1","DeathKnight:Hemostasis","DeathKnight:ChainsOfIce"],"picked":"SKIP","floor":18},{"not_picked":["DeathKnight:BloodPact+1","DeathKnight:DancingRuneblade+1","DeathKnight:RuneShock"],"picked":"SKIP","floor":19},{"not_picked":["DeathKnight:HornOfWinter","DeathKnight:GargoyleSkin","DeathKnight:RunicCorruption+1"],"picked":"SKIP","floor":19},{"not_picked":["DeathKnight:HartStrike","DeathKnight:FesteringStrike+1"],"picked":"DeathKnight:BladedArmor+1","floor":21},{"not_picked":["DeathKnight:HartStrike","DeathKnight:RunicCorruption","DeathKnight:Parry"],"picked":"SKIP","floor":21},{"not_picked":["DeathKnight:DeathGrip+1","DeathKnight:DeathsAdvance","DeathKnight:DeathStrike"],"picked":"SKIP","floor":22},{"not_picked":["DeathKnight:DeathsAdvance+1","DeathKnight:PillarOfFrost","DeathKnight:BladedArmor+1"],"picked":"SKIP","floor":22},{"not_picked":["DeathKnight:Lichborne","DeathKnight:UnholyFrenzy","DeathKnight:Rot"],"picked":"SKIP","floor":23},{"not_picked":["DeathKnight:BoneSpear","DeathKnight:Parry","DeathKnight:ReapingStrike"],"picked":"SKIP","floor":25},{"not_picked":["DeathKnight:Obliterate+1","DeathKnight:FesteringStrike","DeathKnight:UnholyFrenzy"],"picked":"SKIP","floor":25},{"not_picked":["DeathKnight:HowlingBlast","DeathKnight:GargoyleSkin","DeathKnight:Parry"],"picked":"SKIP","floor":29},{"not_picked":["DeathKnight:IceboundArmor","DeathKnight:Ossuary+1","DeathKnight:BoneShield"],"picked":"SKIP","floor":29},{"not_picked":["DeathKnight:RuneShock","DeathKnight:Runeguard","DeathKnight:DeathCoil"],"picked":"SKIP","floor":30},{"not_picked":["DeathKnight:BloodEchoes+1","DeathKnight:RunicCorruption","DeathKnight:Obliterate"],"picked":"SKIP","floor":31},{"not_picked":["DeathKnight:FrostStrike","DeathKnight:UnholyFrenzy","DeathKnight:BludPresence+1"],"picked":"SKIP","floor":31}],"player_experience":98620,"relics_obtained":[{"floor":5,"key":"Frozen Egg 2"},{"floor":6,"key":"Mercury Hourglass"},{"floor":8,"key":"Prayer Wheel"},{"floor":9,"key":"Calipers"},{"floor":11,"key":"Pocketwatch"},{"floor":23,"key":"DeathKnight:JainasLocket"},{"floor":23,"key":"InkBottle"},{"floor":26,"key":"Kunai"},{"floor":30,"key":"Whetstone"},{"floor":30,"key":"Happy Flower"}],"event_choices":[{"damage_healed":0,"gold_gain":0,"player_choice":"Rummage","damage_taken":0,"relics_obtained":["WarpedTongs"],"max_hp_gain":0,"max_hp_loss":0,"event_name":"Accursed Blacksmith","floor":3,"gold_loss":0,"cards_obtained":["Pain"]},{"damage_healed":0,"gold_gain":0,"player_choice":"Ignored","damage_taken":0,"max_hp_gain":0,"max_hp_loss":0,"event_name":"Shining Light","floor":13,"gold_loss":0},{"damage_healed":0,"gold_gain":100,"player_choice":"Pray","damage_taken":0,"max_hp_gain":0,"max_hp_loss":0,"event_name":"Golden Shrine","floor":28,"gold_loss":0}],"is_beta":false,"boss_relics":[{"not_picked":["Cursed Key","Coffee Dripper"],"picked":"Black Star"}],"items_purged_floors":[10,20],"is_endless":false,"potions_floor_spawned":[4,11,12,16,22,23,30],"killed_by":"Collector","ascension_level":1}}