{"host":"toh0bbw446wnuexf","time":1613444138,"event":{"mods":["BaseMod","Downfall","Hermit","Minty Spire (QoL Compilation)","Random Character Button","Robot Space Explorer","StSLib"],"gold_per_floor":[113,130,130,149,162,162,179,193,193,214,214,224,224,241,241,341,341,357,357,368,386,230,230,230],"floor_reached":23,"language":"ENG","playtime":1320,"items_purged":[],"score":215,"play_id":"1d0e1822-e095-476c-a396-3b8a7c7aa7ca","local_time":"20210216155538","is_ascension_mode":true,"campfire_choices":[{"data":"Metallicize","floor":6,"key":"SMITH"},{"floor":13,"key":"REST"},{"data":"Perfected Strike","floor":15,"key":"SMITH"}],"circlet_count":0,"master_deck":["Strike_R","Strike_R","Strike_R","Defend_R","Defend_R","Defend_R","Defend_R","Pommel Strike","Wild Strike","Metallicize+1","Perfected Strike+1","Twin Strike","Fire Breathing","Demon Form","Pommel Strike"],"relics":["Burning Blood","Toy Ornithopter","Odd Mushroom","Coffee Dripper","Oddly Smooth Stone"],"acts_visited":["Exordium","TheCity"],"potions_floor_usage":[21,21],"damage_taken":[{"damage":14,"enemies":"Small Slimes","floor":1,"turns":5},{"damage":0,"enemies":"2 Louse","floor":2,"turns":3},{"damage":2,"enemies":"Jaw Worm","floor":4,"turns":3},{"damage":2,"enemies":"Exordium Wildlife","floor":5,"turns":4},{"damage":6,"enemies":"2 Fungi Beasts","floor":7,"turns":4},{"damage":20,"enemies":"Gremlin Gang","floor":8,"turns":5},{"damage":29,"enemies":"The Mushroom Lair","floor":10,"turns":6},{"damage":4,"enemies":"3 Louse","floor":12,"turns":4},{"damage":3,"enemies":"Blue Slaver","floor":14,"turns":5},{"damage":12,"enemies":"Slime Boss","floor":16,"turns":8},{"damage":11,"enemies":"Shell Parasite","floor":18,"turns":5},{"damage":43,"enemies":"2 Thieves","floor":20,"turns":5},{"damage":40,"enemies":"3 Cultists","floor":21,"turns":5},{"damage":27,"enemies":"Gremlin Leader","floor":23,"turns":2}],"seed_played":"-8231804266788921053","potions_obtained":[{"floor":2,"key":"hexamod:SoulburnPotion"},{"floor":5,"key":"BloodPotion"},{"floor":12,"key":"EssenceOfSteel"},{"floor":14,"key":"Swift Potion"},{"floor":21,"key":"Explosive Potion"}],"is_trial":false,"path_per_floor":["M","M","?","M","M","R","M","M","T","?","$","M","R","M","R","B",null,"M","?","M","M","$","E"],"character_chosen":"IRONCLAD","items_purchased":["Oddly Smooth Stone"],"campfire_rested":1,"item_purchase_floors":[22],"current_hp_per_floor":[64,70,75,77,77,77,77,63,63,40,40,42,65,68,68,62,77,72,72,35,26,26,0,0],"gold":230,"neow_bonus":"REMOVE_TWO","is_daily":false,"chose_seed":false,"campfire_upgraded":2,"win_rate":0.0,"timestamp":1613444138,"path_taken":["M","M","?","M","M","R","M","M","T","?","?","?","R","M","R","BOSS","M","?","?","M","$","E"],"items_purchased_type":["Relic"],"build_version":"2020-12-22","purchased_purges":0,"victory":false,"max_hp_per_floor":[72,72,77,77,77,77,77,77,77,77,77,77,77,77,77,77,77,77,77,77,77,77,77,77],"card_choices":[{"not_picked":["Infernal Blade","Power Through"],"picked":"Pommel Strike","floor":1},{"not_picked":["Body Slam","Flex"],"picked":"Wild Strike","floor":2},{"not_picked":["Sentinel","Wild Strike"],"picked":"Metallicize","floor":4},{"not_picked":["Warcry","Entrench","Intimidate"],"picked":"SKIP","floor":5},{"not_picked":["Second Wind","Body Slam","Battle Trance"],"picked":"SKIP","floor":7},{"not_picked":["Reckless Charge","Berserk"],"picked":"Perfected Strike","floor":8},{"not_picked":["Body Slam","Warcry"],"picked":"Twin Strike","floor":10},{"not_picked":["Bloodletting","Iron Wave"],"picked":"Fire Breathing","floor":12},{"not_picked":["True Grit","Body Slam","Hemokinesis"],"picked":"SKIP","floor":14},{"not_picked":["Corruption","Berserk"],"picked":"Demon Form","floor":16},{"not_picked":["Warcry","Headbutt","Sever Soul"],"picked":"SKIP","floor":18},{"not_picked":["Flex","Fire Breathing+1"],"picked":"Pommel Strike","floor":20},{"not_picked":["Perfected Strike","Pommel Strike","Armaments"],"picked":"SKIP","floor":21}],"player_experience":701644,"relics_obtained":[{"floor":9,"key":"Toy Ornithopter"},{"floor":10,"key":"Odd Mushroom"}],"event_choices":[{"damage_healed":0,"gold_gain":0,"player_choice":"Donut","damage_taken":0,"max_hp_gain":5,"max_hp_loss":0,"event_name":"Big Fish","floor":3,"gold_loss":0},{"damage_healed":0,"gold_gain":0,"player_choice":"Fought Mushrooms","damage_taken":0,"max_hp_gain":0,"max_hp_loss":0,"event_name":"Mushrooms","floor":10,"gold_loss":0},{"cards_removed":["Strike_R"],"damage_healed":0,"gold_gain":0,"player_choice":"Offered Basic","damage_taken":0,"max_hp_gain":0,"max_hp_loss":0,"event_name":"Bonfire Elementals","floor":19,"gold_loss":0}],"is_beta":false,"boss_relics":[{"not_picked":["Calling Bell","Black Blood"],"picked":"Coffee Dripper"}],"items_purged_floors":[],"is_endless":false,"potions_floor_spawned":[2,5,12,14,18,21],"killed_by":"Gremlin Leader","ascension_level":3}}