{"host":"w14xfy17z3c5mpoi","time":1613435110,"event":{"mods":["AchievementEnabler","BaseMod","Minty Spire (QoL Compilation)","Relic Stats"],"gold_per_floor":[110,121,136,136,154,183,183,183,183,216,216,216,216,32,32,130,130,150,164,164,181,181,212,152,152,203,229,249,48,64,89,89,193,193,209,209,229,240,250,278,288,315,338,338,338,338],"floor_reached":45,"language":"ENG","playtime":4572,"items_purged":["Judgement"],"score":801,"play_id":"a07b006d-a392-49fd-b329-48bdda1f7752","local_time":"20210215192510","is_ascension_mode":true,"campfire_choices":[{"floor":8,"key":"REST"},{"floor":11,"key":"REST"},{"data":"MentalFortress","floor":15,"key":"SMITH"},{"floor":25,"key":"REST"},{"floor":32,"key":"REST"}],"circlet_count":0,"master_deck":["Strike_P","Strike_P+1","Eruption","Vigilance","BowlingBash","MentalFortress+1","Conclude","ReachHeaven","DeceiveReality+1","JustLucky","Parasite","InnerPeace","Blasphemy+1","Protect+1","EmptyMind","FollowUp","TalkToTheHand","WaveOfTheHand+1","FlurryOfBlows","FlurryOfBlows","Adaptation+1","Omniscience","EmptyFist","DevaForm","Indignation"],"relics":["Empty Cage","Unceasing Top","Gambling Chip","Du-Vu Doll","Akabeko","Fusion Hammer","Nilry\u0027s Codex","Yang","Toy Ornithopter","Damaru","Dead Branch","Black Star","Bag of Marbles","Dream Catcher","TeardropLocket","Nunchaku","Orichalcum","Vajra"],"acts_visited":["Exordium","TheCity","TheBeyond"],"potions_floor_usage":[7,8,16,23,31,33,40,40],"damage_taken":[{"damage":8,"enemies":"Small Slimes","floor":1,"turns":3},{"damage":2,"enemies":"Cultist","floor":2,"turns":4},{"damage":7,"enemies":"Jaw Worm","floor":3,"turns":3},{"damage":7,"enemies":"2 Fungi Beasts","floor":5,"turns":2},{"damage":24,"enemies":"Lagavulin","floor":6,"turns":7},{"damage":15,"enemies":"3 Sentries","floor":10,"turns":3},{"damage":13,"enemies":"The Guardian","floor":16,"turns":10},{"damage":0,"enemies":"Spheric Guardian","floor":18,"turns":1},{"damage":0,"enemies":"2 Thieves","floor":19,"turns":1},{"damage":0,"enemies":"Cultist and Chosen","floor":21,"turns":1},{"damage":16,"enemies":"Book of Stabbing","floor":23,"turns":3},{"damage":26,"enemies":"Gremlin Leader","floor":27,"turns":3},{"damage":0,"enemies":"Centurion and Healer","floor":28,"turns":2},{"damage":0,"enemies":"Sentry and Sphere","floor":30,"turns":2},{"damage":4,"enemies":"Slavers","floor":31,"turns":3},{"damage":8,"enemies":"Collector","floor":33,"turns":8},{"damage":1,"enemies":"Orb Walker","floor":35,"turns":3},{"damage":18,"enemies":"3 Shapes","floor":37,"turns":3},{"damage":0,"enemies":"3 Darklings","floor":38,"turns":1},{"damage":0,"enemies":"Jaw Worm Horde","floor":39,"turns":3},{"damage":0,"enemies":"Reptomancer","floor":40,"turns":4},{"damage":20,"enemies":"Transient","floor":41,"turns":5},{"damage":3,"enemies":"Giant Head","floor":42,"turns":5},{"damage":49,"enemies":"Writhing Mass","floor":45,"turns":4}],"seed_played":"-1935367530605079958","potions_obtained":[{"floor":1,"key":"LiquidMemories"},{"floor":3,"key":"Fruit Juice"},{"floor":6,"key":"Fruit Juice"},{"floor":10,"key":"AttackPotion"},{"floor":27,"key":"Ancient Potion"},{"floor":28,"key":"Strength Potion"},{"floor":30,"key":"PowerPotion"},{"floor":31,"key":"Strength Potion"},{"floor":33,"key":"FearPotion"},{"floor":38,"key":"DuplicationPotion"},{"floor":41,"key":"Strength Potion"}],"is_trial":false,"path_per_floor":["M","M","M","?","M","E","?","R","T","E","R","?","?","$","R","B",null,"M","M","?","M","?","E","?","R","T","E","M","$","M","E","R","B",null,"M","?","M","M","M","E","M","E","T","T","M"],"character_chosen":"WATCHER","items_purchased":["Akabeko","InnerPeace","FlurryOfBlows","LiquidMemories"],"campfire_rested":4,"item_purchase_floors":[14,14,29,29],"current_hp_per_floor":[57,55,48,48,41,17,15,44,44,29,53,73,57,57,57,44,73,73,73,73,73,57,41,41,65,65,39,39,39,39,40,64,61,77,76,76,58,58,58,68,48,45,45,45,0,0],"gold":338,"neow_bonus":"BOSS_RELIC","is_daily":false,"chose_seed":false,"campfire_upgraded":1,"win_rate":0.0,"timestamp":1613435110,"path_taken":["M","M","M","?","?","E","?","R","T","E","R","?","?","$","R","BOSS","M","M","?","?","?","E","?","R","T","E","?","$","M","E","R","BOSS","M","?","M","?","M","E","M","E","T","?","M"],"items_purchased_type":["Relic","Card","Card","Potion"],"build_version":"2020-12-22","purchased_purges":1,"victory":false,"max_hp_per_floor":[72,72,72,72,72,72,77,82,82,82,82,82,82,82,82,82,82,82,82,82,82,82,82,82,82,82,82,82,82,82,82,82,82,82,82,82,82,82,82,82,82,82,82,82,82,82],"relic_stats":{"Dream Catcher":0,"Nunchaku":[1],"counters":[24,84],"Gambling Chip":[58],"Dead Branch":[32],"Yang":[176],"Black Star":2,"Orichalcum":[0],"obtain_stats":[{"Nilry\u0027s Codex":22,"Dead Branch":31,"Damaru":27,"Vajra":44,"Yang":23,"TeardropLocket":42,"Orichalcum":43,"Empty Cage":0,"Akabeko":14,"Du-Vu Doll":10,"Dream Catcher":40,"Nunchaku":42,"Gambling Chip":9,"Fusion Hammer":17,"Black Star":34,"Bag of Marbles":40,"PureWater":0,"Unceasing Top":6,"Toy Ornithopter":26},{"Nilry\u0027s Codex":10,"Dead Branch":15,"Damaru":12,"Vajra":23,"Yang":11,"TeardropLocket":23,"Orichalcum":23,"Empty Cage":0,"Akabeko":6,"Du-Vu Doll":6,"Dream Catcher":21,"Nunchaku":23,"Gambling Chip":5,"Fusion Hammer":7,"Black Star":16,"Bag of Marbles":21,"PureWater":0,"Unceasing Top":5,"Toy Ornithopter":11},{"Nilry\u0027s Codex":35,"Dead Branch":48,"Damaru":41,"Vajra":80,"Yang":38,"TeardropLocket":80,"Orichalcum":80,"Empty Cage":0,"Akabeko":22,"Du-Vu Doll":22,"Dream Catcher":70,"Nunchaku":80,"Gambling Chip":19,"Fusion Hammer":32,"Black Star":56,"Bag of Marbles":70,"PureWater":0,"Unceasing Top":19,"Toy Ornithopter":38}],"Unceasing Top":[4],"Toy Ornithopter":20},"card_choices":[{"not_picked":["Perseverance","Halt"],"picked":"BowlingBash","floor":1},{"not_picked":["ThirdEye","Wireheading"],"picked":"MentalFortress","floor":2},{"not_picked":["SignatureMove","Halt"],"picked":"Conclude","floor":3},{"not_picked":["Wireheading","Perseverance"],"picked":"DeceiveReality","floor":5},{"not_picked":["Evaluate","WaveOfTheHand","BowlingBash"],"picked":"SKIP","floor":6},{"not_picked":["DevaForm","FlurryOfBlows"],"picked":"JustLucky","floor":10},{"not_picked":["Establishment","MasterReality"],"picked":"Blasphemy","floor":16},{"not_picked":["ThirdEye","Nirvana"],"picked":"Protect+1","floor":18},{"not_picked":["Protect","CutThroughFate","FlyingSleeves"],"picked":"SKIP","floor":19},{"not_picked":["Devotion","FollowUp","Worship"],"picked":"SKIP","floor":21},{"not_picked":["Meditate","Nirvana+1"],"picked":"EmptyMind","floor":23},{"not_picked":["CutThroughFate","Consecrate"],"picked":"TalkToTheHand","floor":27},{"not_picked":["JustLucky","Swivel"],"picked":"WaveOfTheHand+1","floor":28},{"not_picked":["Weave","SashWhip+1"],"picked":"FlurryOfBlows","floor":30},{"not_picked":["Prostrate","Protect"],"picked":"Adaptation+1","floor":31},{"not_picked":["Brilliance","Blasphemy"],"picked":"Omniscience","floor":33},{"not_picked":["WaveOfTheHand+1","PathToVictory+1","ClearTheMind+1"],"picked":"SKIP","floor":35},{"not_picked":["Consecrate+1","Evaluate"],"picked":"EmptyFist","floor":37},{"not_picked":["Protect+1","Halt","WaveOfTheHand"],"picked":"SKIP","floor":38},{"not_picked":["ReachHeaven+1","EmptyBody+1"],"picked":"DevaForm","floor":39},{"not_picked":["EmptyFist","ClearTheMind","Wireheading"],"picked":"SKIP","floor":40},{"not_picked":["CrushJoints","PathToVictory"],"picked":"Indignation","floor":41},{"not_picked":["Indignation+1","EmptyBody+1","DevaForm"],"picked":"SKIP","floor":42}],"player_experience":663152,"relics_obtained":[{"floor":6,"key":"Unceasing Top"},{"floor":9,"key":"Gambling Chip"},{"floor":10,"key":"Du-Vu Doll"},{"floor":22,"key":"Nilry\u0027s Codex"},{"floor":23,"key":"Yang"},{"floor":26,"key":"Toy Ornithopter"},{"floor":27,"key":"Damaru"},{"floor":31,"key":"Dead Branch"},{"floor":40,"key":"Bag of Marbles"},{"floor":40,"key":"Dream Catcher"},{"floor":42,"key":"TeardropLocket"},{"floor":42,"key":"Nunchaku"},{"floor":43,"key":"Orichalcum"},{"floor":44,"key":"Vajra"}],"event_choices":[{"damage_healed":0,"gold_gain":0,"cards_transformed":["Defend_P"],"player_choice":"Transformed","damage_taken":0,"max_hp_gain":0,"max_hp_loss":0,"event_name":"Transmorgrifier","floor":4,"gold_loss":0,"cards_obtained":["ReachHeaven"]},{"cards_removed":["Strike_P"],"damage_healed":0,"gold_gain":0,"player_choice":"Card Removal","damage_taken":7,"max_hp_gain":0,"max_hp_loss":0,"event_name":"Golden Wing","floor":7,"gold_loss":0},{"damage_healed":20,"gold_gain":0,"player_choice":"Healed and dodged fight","damage_taken":0,"max_hp_gain":0,"max_hp_loss":0,"event_name":"Mushrooms","floor":12,"gold_loss":0,"cards_obtained":["Parasite"]},{"damage_healed":0,"gold_gain":0,"player_choice":"Entered Light","damage_taken":16,"max_hp_gain":0,"max_hp_loss":0,"event_name":"Shining Light","floor":13,"gold_loss":0,"cards_upgraded":["Strike_P","DeceiveReality"]},{"damage_healed":0,"gold_gain":0,"player_choice":"Upgraded","damage_taken":0,"max_hp_gain":0,"max_hp_loss":0,"event_name":"Upgrade Shrine","floor":20,"gold_loss":0,"cards_upgraded":["Blasphemy"]},{"damage_healed":0,"gold_gain":0,"player_choice":"Obtained Book","damage_taken":16,"max_hp_gain":0,"max_hp_loss":0,"event_name":"Cursed Tome","floor":22,"gold_loss":0},{"damage_healed":0,"gold_gain":0,"cards_transformed":["Strike_P","Defend_P"],"player_choice":"Transformed Cards","damage_taken":0,"max_hp_gain":0,"max_hp_loss":0,"event_name":"Designer","floor":24,"gold_loss":60,"cards_obtained":["Judgement","FollowUp"]},{"damage_healed":0,"gold_gain":0,"player_choice":"Ignored","damage_taken":0,"max_hp_gain":0,"max_hp_loss":0,"event_name":"Fountain of Cleansing","floor":36,"gold_loss":0}],"is_beta":false,"boss_relics":[{"not_picked":["Pandora\u0027s Box","Runic Pyramid"],"picked":"Fusion Hammer"},{"not_picked":["Sozu","Tiny House"],"picked":"Black Star"}],"items_purged_floors":[29],"is_endless":false,"potions_floor_spawned":[1,3,6,10,27,28,30,31,33,38,39,41],"killed_by":"Writhing Mass","ascension_level":7}}