{"host":"clf2hd4adhiiw0zf","time":1613440745,"event":{"mods":["AchievementEnabler","BaseMod","Beaked The Cultist","Bestiary","Dark Map","Downfall","Gremlin Mod","Hermit","Jorbs\u0027s Wanderer Trilogy","Marisa????????","Minty Spire (QoL Compilation)","Shop Mod","StSLib","The Cursed","Wide Potions"],"gold_per_floor":[99,117,137,137,149,181,181,81,94,108,126,151,51,70,83,160,160,160,174,207,19,19,51,51,63,63,77,77,112,112,124,135,210,210,210,227,243,243,243,243,243,143,31,64,77,77,108,119,138,138,138,138,138,138],"floor_reached":52,"language":"ENG","playtime":2013,"items_purged":[],"score":1606,"play_id":"30abd184-9c4b-410e-a9dc-2efb65dc1b83","local_time":"20210215185905","is_ascension_mode":true,"campfire_choices":[{"floor":1,"key":"RECALL"},{"data":"champ:PerfectedStrike","floor":8,"key":"SMITH"},{"floor":13,"key":"REST"},{"data":"champ:Improvising","floor":18,"key":"SMITH"},{"data":"RitualDagger","floor":28,"key":"SMITH"},{"data":"champ:PerfectedStrike","floor":30,"key":"SMITH"},{"data":"champ:Devastate","floor":35,"key":"SMITH"},{"data":"champ:HoldFirm","floor":42,"key":"SMITH"}],"circlet_count":0,"master_deck":["AscendersBane","champ:Strike","champ:Strike","champ:Strike","champ:Defend","champ:Defend","champ:Execute","champ:Taunt","champ:FanOfKnives","champ:PerfectedStrike+1","champ:DeathBlow","champ:HoldFirm+1","champ:Shatter","champ:FaceSlap","champ:DefensiveShout","champ:FocusedDefense","champ:TornadoPunch","champ:RisingSlash","champ:Improvising+1","champ:Shatter","champ:TornadoPunch+1","champ:StanceDance+1","RitualDagger+1","champ:Duel+1","champ:PerfectedStrike+1","champ:ArenaPreparation+1","champ:GutPunch","champ:PreciseThrust","champ:BladeFlurry","champ:Devastate+1","champ:AdrenalArmor","champ:Taunt"],"relics":["SlaversCollar","Omamori","Gremlin Horn","downfall:HeartBlessingRed","White Beast Statue","downfall:HeartBlessingGreen","expansioncontent:StudyCardRelic","Red Mask","MealTicket","Akabeko","Toy Ornithopter","Mummified Hand","Blood Vial","Empty Cage","downfall:HeartBlessingBlue","Vajra","champ:SpectersHand","InkBottle","Strawberry"],"acts_visited":["Exordium","TheCity","TheBeyond","TheEnding"],"potions_floor_usage":[6,12,12,16,19,20,29,29,33,33,36,37,43,43,45,45,49,50],"damage_taken":[{"damage":24,"enemies":"Small Slimes","floor":2,"turns":5},{"damage":24,"enemies":"Cultist","floor":3,"turns":5},{"damage":7,"enemies":"Jaw Worm","floor":5,"turns":3},{"damage":43,"enemies":"Lagavulin","floor":6,"turns":7},{"damage":10,"enemies":"downfall:LooterAlt","floor":9,"turns":3},{"damage":35,"enemies":"Large Slime","floor":10,"turns":6},{"damage":10,"enemies":"Exordium Wildlife","floor":11,"turns":3},{"damage":23,"enemies":"3 Sentries","floor":12,"turns":4},{"damage":15,"enemies":"Gremlin Gang","floor":14,"turns":2},{"damage":26,"enemies":"2 Fungi Beasts","floor":15,"turns":3},{"damage":29,"enemies":"DF_ARCHETYPE_STREAMLINE","floor":16,"turns":9},{"damage":36,"enemies":"Chosen","floor":19,"turns":5},{"damage":10,"enemies":"Masked Bandits","floor":20,"turns":3},{"damage":5,"enemies":"downfall:FleeingMerchant","floor":21,"turns":4},{"damage":10,"enemies":"Gremlin Leader","floor":23,"turns":3},{"damage":0,"enemies":"downfall:LooterAlt2","floor":25,"turns":3},{"damage":16,"enemies":"Centurion and Healer","floor":27,"turns":4},{"damage":15,"enemies":"Book of Stabbing","floor":29,"turns":3},{"damage":20,"enemies":"Snecko","floor":31,"turns":2},{"damage":14,"enemies":"Snake Plant","floor":32,"turns":3},{"damage":24,"enemies":"IC_MUSHROOM_ARCHETYPE","floor":33,"turns":5},{"damage":72,"enemies":"3 Shapes","floor":36,"turns":3},{"damage":3,"enemies":"3 Darklings","floor":37,"turns":2},{"damage":40,"enemies":"downfall:FleeingMerchant","floor":43,"turns":3},{"damage":20,"enemies":"Reptomancer","floor":44,"turns":2},{"damage":32,"enemies":"Writhing Mass","floor":45,"turns":5},{"damage":55,"enemies":"Giant Head","floor":47,"turns":4},{"damage":12,"enemies":"Spire Growth","floor":48,"turns":3},{"damage":35,"enemies":"Transient","floor":49,"turns":6},{"damage":116,"enemies":"WA_ARCHETYPE_DIVINITY","floor":50,"turns":14},{"damage":191,"enemies":"downfall:CharBossMerchant","floor":52,"turns":8}],"seed_played":"-2694482863577151775","potions_obtained":[{"floor":2,"key":"DistilledChaos"},{"floor":6,"key":"Explosive Potion"},{"floor":9,"key":"Regen Potion"},{"floor":12,"key":"Weak Potion"},{"floor":16,"key":"FearPotion"},{"floor":19,"key":"SteroidPotion"},{"floor":20,"key":"champ:TechniquePotion"},{"floor":21,"key":"SteroidPotion"},{"floor":23,"key":"EssenceOfSteel"},{"floor":27,"key":"AttackPotion"},{"floor":29,"key":"Fruit Juice"},{"floor":31,"key":"sneckomod:MuddlingPotion"},{"floor":32,"key":"SteroidPotion"},{"floor":33,"key":"ColorlessPotion"},{"floor":36,"key":"champ:CounterPotion"},{"floor":37,"key":"EntropicBrew"},{"floor":43,"key":"PowerPotion"},{"floor":45,"key":"Fire Potion"},{"floor":49,"key":"hexamod:SoulburnPotion"}],"is_trial":false,"path_per_floor":["R","M","M","?","M","E","T","R","M","M","M","E","R","M","M","B",null,"R","M","?","$","?","E","T","M","?","M","R","E","R","M","M","B",null,"R","M","M","?","?","?","T","R","$","E","M","?","E","M","M","B",null,"E"],"character_chosen":"THE_CHAMP","items_purchased":["MealTicket","Vajra","champ:SpectersHand"],"campfire_rested":1,"item_purchase_floors":[21,43,43],"current_hp_per_floor":[73,64,55,55,48,35,35,35,35,25,15,22,46,46,30,18,65,65,44,44,39,33,33,33,33,33,32,32,64,64,66,64,72,88,88,36,45,45,45,103,103,113,113,113,96,96,105,105,117,44,101,0,0,0],"gold":138,"neow_bonus":"BOSS_RELIC","is_daily":false,"chose_seed":false,"campfire_upgraded":6,"win_rate":0.0,"timestamp":1613440745,"path_taken":["R","M","M","?","?","E","T","R","M","?","M","E","R","M","M","BOSS","R","M","?","$","?","E","T","M","?","M","R","E","R","?","M","BOSS","R","M","?","?","?","?","T","R","$","E","?","?","E","M","M","BOSS","E"],"items_purchased_type":["Relic","Relic","Relic"],"build_version":"2020-12-22","purchased_purges":0,"victory":false,"max_hp_per_floor":[81,81,81,81,81,81,81,81,81,81,81,81,81,81,81,81,81,81,81,81,81,81,81,81,81,81,81,81,93,93,93,93,93,93,93,93,93,93,93,103,103,113,113,113,113,113,120,120,120,120,120,120,120,120],"card_choices":[{"not_picked":["champ:PreciseThrust","champ:EnGarde"],"picked":"champ:FanOfKnives","floor":2},{"not_picked":["champ:FancyFootwork","champ:Circumvent"],"picked":"champ:PerfectedStrike","floor":3},{"not_picked":["champ:BerserkersShout","champ:CrownThrow"],"picked":"champ:DeathBlow","floor":5},{"not_picked":["champ:FalseCounter","champ:Endure"],"picked":"champ:HoldFirm","floor":6},{"not_picked":["champ:Haymaker","champ:FalseCounter"],"picked":"champ:Shatter","floor":9},{"not_picked":["champ:FanOfKnives","champ:FocusedBerserking"],"picked":"champ:FaceSlap","floor":10},{"not_picked":["champ:ShieldSlam","champ:HeartStrike"],"picked":"champ:DefensiveShout","floor":11},{"not_picked":["champ:Shatter","champ:RecklessLeap"],"picked":"champ:FocusedDefense","floor":12},{"not_picked":["champ:ShieldSigil","champ:Circumvent"],"picked":"champ:TornadoPunch","floor":14},{"not_picked":["champ:DeathBlow","champ:FocusedDefense"],"picked":"champ:RisingSlash","floor":15},{"not_picked":["champ:HeavySlash","champ:EnchantShield"],"picked":"champ:Improvising","floor":16},{"not_picked":["champ:BerserkersShout","champ:FocusedDefense"],"picked":"champ:Shatter","floor":19},{"not_picked":["champ:Backstep","champ:Encircle"],"picked":"champ:TornadoPunch+1","floor":20},{"not_picked":["champ:TornadoPunch","champ:Shatter"],"picked":"champ:StanceDance+1","floor":21},{"not_picked":["champ:BringItOn","champ:Encircle"],"picked":"champ:Duel+1","floor":23},{"not_picked":["champ:ShieldSigil+1","champ:RageSigil"],"picked":"champ:PerfectedStrike","floor":25},{"not_picked":["champ:FanOfKnives","champ:TornadoPunch"],"picked":"champ:ArenaPreparation+1","floor":27},{"not_picked":["champ:Parry+1","champ:CrookedStrike"],"picked":"champ:GutPunch","floor":29},{"not_picked":["champ:CrownThrow","champ:PreemptiveStrike"],"picked":"champ:PreciseThrust","floor":31},{"not_picked":["champ:EnGarde","champ:ShieldSigil"],"picked":"champ:BladeFlurry","floor":32},{"not_picked":["champ:EnchantCrown","champ:ShieldThrow"],"picked":"champ:Devastate","floor":33},{"not_picked":["champ:Haymaker","champ:BerserkersShout"],"picked":"champ:AdrenalArmor","floor":36},{"not_picked":["champ:Haymaker","champ:TornadoPunch"],"picked":"champ:UltimateStance","floor":37},{"not_picked":["champ:AdrenalArmor","champ:GutPunch","champ:FalseCounter"],"picked":"SKIP","floor":43},{"not_picked":["champ:DefensiveShout+1","champ:ViciousMockery","champ:FaceSlap"],"picked":"SKIP","floor":44},{"not_picked":["champ:EnragedBash+1","champ:FlashCut+1","champ:DefensiveShout"],"picked":"SKIP","floor":45},{"not_picked":["champ:IronFortress","champ:Backstep","champ:Circumvent"],"picked":"SKIP","floor":47},{"not_picked":["champ:PerfectedStrike","champ:DefensiveStyle","champ:AdrenalArmor"],"picked":"SKIP","floor":48},{"not_picked":["champ:CrownThrow","champ:ShieldSigil","champ:DefensiveShout"],"picked":"SKIP","floor":49}],"player_experience":314252,"relics_obtained":[{"floor":6,"key":"Omamori"},{"floor":7,"key":"Gremlin Horn"},{"floor":12,"key":"White Beast Statue"},{"floor":20,"key":"Red Mask"},{"floor":23,"key":"Akabeko"},{"floor":24,"key":"Toy Ornithopter"},{"floor":29,"key":"Blood Vial"},{"floor":44,"key":"InkBottle"},{"floor":47,"key":"Strawberry"}],"event_choices":[{"damage_healed":0,"gold_gain":0,"player_choice":"Fought Bandits","damage_taken":0,"max_hp_gain":0,"max_hp_loss":0,"event_name":"Masked Bandits","floor":20,"gold_loss":0},{"damage_healed":0,"gold_gain":0,"player_choice":"Stole Relic","damage_taken":0,"relics_obtained":["Mummified Hand"],"max_hp_gain":0,"max_hp_loss":0,"event_name":"Addict","floor":26,"gold_loss":0,"cards_obtained":["Pride"]},{"damage_healed":0,"gold_gain":0,"player_choice":"Ignored","damage_taken":0,"max_hp_gain":0,"max_hp_loss":0,"event_name":"OrinTheCat","floor":38,"gold_loss":0},{"cards_removed":["champ:Defend"],"damage_healed":0,"gold_gain":0,"player_choice":"Removed Skill","damage_taken":0,"max_hp_gain":0,"max_hp_loss":0,"event_name":"Falling","floor":39,"gold_loss":0},{"cards_removed":["champ:UltimateStance"],"damage_healed":48,"gold_gain":0,"player_choice":"Offered Rare","damage_taken":0,"max_hp_gain":10,"max_hp_loss":0,"event_name":"Bonfire Elementals","floor":40,"gold_loss":0}],"is_beta":false,"boss_relics":[{"not_picked":["SacredBark","beaked:MawFillet"],"picked":"expansioncontent:StudyCardRelic"},{"not_picked":["Sozu","Velvet Choker"],"picked":"Empty Cage"}],"items_purged_floors":[],"is_endless":false,"potions_floor_spawned":[2,6,9,11,12,14,15,16,19,20,21,23,25,27,29,31,32,33,36,37,43,44,45,47,48,49],"killed_by":"downfall:CharBossMerchant","ascension_level":17}}