{"host":"fbdlh90rovbiajun","time":1613454920,"event":{"mods":["AchievementEnabler","BaseMod","Colored Map","Keyboard Shortcuts","Minty Spire (QoL Compilation)","SuperFastMode"],"gold_per_floor":[115,131,131,16,35,35,45,74,100,119,153,153,153,165,165,261,261,276,137,149,24,24,24,58,58,85,102,102,102,117,132,132,236,236,255,274,289,289,289],"floor_reached":38,"language":"KOR","playtime":2469,"items_purged":["Strike_B","Defend_B","Strike_B"],"score":458,"play_id":"4c294cb4-b836-444b-872e-f9de9694af9b","local_time":"20210216145520","is_ascension_mode":false,"campfire_choices":[{"data":"Zap","floor":6.0,"key":"SMITH"},{"floor":15.0,"key":"REST"},{"floor":23.0,"key":"REST"},{"floor":25.0,"key":"REST"},{"floor":32.0,"key":"REST"}],"circlet_count":0,"master_deck":["Defend_B+1","Defend_B+1","Zap+1","Dualcast","Gash","Gash","Barrage","Fusion","Capacitor","Coolheaded","Streamline+1","Compile Driver","Recycle+1","Buffer","Loop","Defragment","Aggregate","Stack+1","Rip and Tear","All For One","Coolheaded+1","Chill","Hologram+1","Leap+1"],"relics":["Runic Pyramid","Nunchaku","Juzu Bracelet","Pen Nib","Fusion Hammer","Frozen Egg 2","Regal Pillow","SacredBark"],"acts_visited":["Exordium","TheCity","TheBeyond"],"potions_floor_usage":[35],"damage_taken":[{"damage":0.0,"enemies":"Small Slimes","floor":1.0,"turns":3.0},{"damage":0.0,"enemies":"Cultist","floor":2.0,"turns":5.0},{"damage":7.0,"enemies":"2 Louse","floor":5.0,"turns":3.0},{"damage":12.0,"enemies":"Looter","floor":7.0,"turns":4.0},{"damage":4.0,"enemies":"Lagavulin","floor":8.0,"turns":7.0},{"damage":13.0,"enemies":"Exordium Thugs","floor":10.0,"turns":5.0},{"damage":24.0,"enemies":"Gremlin Nob","floor":11.0,"turns":4.0},{"damage":11.0,"enemies":"Large Slime","floor":14.0,"turns":4.0},{"damage":0.0,"enemies":"Slime Boss","floor":16.0,"turns":10.0},{"damage":0.0,"enemies":"Chosen","floor":18.0,"turns":4.0},{"damage":30.0,"enemies":"Shell Parasite","floor":20.0,"turns":5.0},{"damage":33.0,"enemies":"Book of Stabbing","floor":24.0,"turns":5.0},{"damage":31.0,"enemies":"Snake Plant","floor":27.0,"turns":5.0},{"damage":6.0,"enemies":"Snecko","floor":30.0,"turns":6.0},{"damage":12.0,"enemies":"3 Cultists","floor":31.0,"turns":4.0},{"damage":8.0,"enemies":"Automaton","floor":33.0,"turns":7.0},{"damage":0,"enemies":"3 Darklings","floor":35,"turns":6},{"damage":24,"enemies":"Orb Walker","floor":36,"turns":5},{"damage":13,"enemies":"Jaw Worm Horde","floor":37,"turns":5},{"damage":60,"enemies":"4 Shapes","floor":38,"turns":3}],"seed_played":"1056036528400448228","potions_obtained":[{"floor":7.0,"key":"Strength Potion"},{"floor":8.0,"key":"Fire Potion"},{"floor":10.0,"key":"EssenceOfSteel"},{"floor":11.0,"key":"DistilledChaos"},{"floor":14.0,"key":"PowerPotion"},{"floor":20.0,"key":"SkillPotion"},{"floor":24.0,"key":"Dexterity Potion"},{"floor":27.0,"key":"GamblersBrew"},{"floor":33.0,"key":"SkillPotion"},{"floor":36,"key":"Weak Potion"}],"is_trial":false,"path_per_floor":["M","M","?","$","M","R","M","E","T","M","E","?","?","M","R","B",null,"M","$","M","$","?","R","E","R","T","M","?","?","M","M","R","B",null,"M","M","M","M"],"character_chosen":"DEFECT","items_purchased":["Fusion","Defragment"],"campfire_rested":4,"item_purchase_floors":[4,19],"current_hp_per_floor":[75,75,75,75,68,68,56,52,52,39,15,40,25,14,36,36,75,75,75,45,45,45,67,34,56,56,25,25,25,19,7,44,36,75,75,51,38,0,0],"gold":289,"neow_bonus":"BOSS_RELIC","is_daily":false,"chose_seed":false,"campfire_upgraded":1,"win_rate":0.0,"timestamp":1613454920,"path_taken":["M","M","?","$","M","R","M","E","T","M","E","?","?","M","R","BOSS","M","$","M","$","?","R","E","R","T","M","?","?","M","M","R","BOSS","M","M","M","M"],"items_purchased_type":["Card","Card"],"build_version":"2020-12-22","purchased_purges":3,"victory":false,"max_hp_per_floor":[75,75,75,75,75,75,75,75,75,75,75,75,75,75,75,75,75,75,75,75,75,75,75,75,75,75,75,75,75,75,75,75,75,75,75,75,75,75,75],"card_choices":[{"not_picked":["Hologram","Conserve Battery"],"picked":"Gash","floor":1.0},{"not_picked":["Leap","Steam Power"],"picked":"Gash","floor":2.0},{"not_picked":["Steam Power","Cold Snap"],"picked":"Capacitor","floor":5.0},{"not_picked":["Heatsinks","Lockon"],"picked":"Coolheaded","floor":7.0},{"not_picked":["Creative AI","Genetic Algorithm"],"picked":"Streamline","floor":8.0},{"not_picked":["Hologram","Sweeping Beam"],"picked":"Compile Driver","floor":10.0},{"not_picked":["Scrape","Compile Driver"],"picked":"Recycle","floor":11.0},{"not_picked":["Doom and Gloom","Streamline","Ball Lightning"],"picked":"SKIP","floor":14.0},{"not_picked":["Echo Form","Biased Cognition"],"picked":"Buffer","floor":16.0},{"not_picked":["Blizzard","Steam"],"picked":"Loop","floor":18.0},{"not_picked":["Force Field+1","Ball Lightning","Darkness"],"picked":"SKIP","floor":20.0},{"not_picked":["Force Field+1","Ball Lightning","Darkness"],"picked":"SKIP","floor":20.0},{"not_picked":["Gash+1","Ball Lightning"],"picked":"Aggregate","floor":24.0},{"not_picked":["Loop+1","Static Discharge+1"],"picked":"Stack+1","floor":27.0},{"not_picked":["Barrage","Sweeping Beam+1"],"picked":"Coolheaded+1","floor":30.0},{"not_picked":["Steam","Force Field"],"picked":"Chill","floor":31.0},{"not_picked":["Loop+1","Self Repair+1"],"picked":"Hologram+1","floor":35},{"not_picked":["Sweeping Beam+1","Streamline+1"],"picked":"Leap+1","floor":36},{"not_picked":["Rebound","Coolheaded+1","Steam+1"],"picked":"SKIP","floor":37}],"player_experience":60407,"relics_obtained":[{"floor":8.0,"key":"Nunchaku"},{"floor":9.0,"key":"Juzu Bracelet"},{"floor":11.0,"key":"Pen Nib"},{"floor":24.0,"key":"Frozen Egg 2"},{"floor":26.0,"key":"Regal Pillow"}],"event_choices":[{"damage_healed":0.0,"max_hp_gain":0.0,"max_hp_loss":0.0,"gold_gain":0.0,"cards_transformed":["Strike_B"],"event_name":"Transmorgrifier","player_choice":"Transformed","floor":3.0,"gold_loss":0.0,"damage_taken":0.0,"cards_obtained":["Barrage"]},{"damage_healed":25.0,"max_hp_gain":0.0,"max_hp_loss":0.0,"gold_gain":0.0,"event_name":"Big Fish","player_choice":"Banana","floor":12.0,"gold_loss":0.0,"damage_taken":0.0},{"damage_healed":0.0,"max_hp_gain":0.0,"max_hp_loss":0.0,"gold_gain":0.0,"event_name":"Shining Light","player_choice":"Entered Light","floor":13.0,"gold_loss":0.0,"damage_taken":15.0,"cards_upgraded":["Recycle","Streamline"]},{"damage_healed":0.0,"max_hp_gain":0.0,"max_hp_loss":0.0,"gold_gain":0.0,"event_name":"Back to Basics","player_choice":"Simplicity","floor":22.0,"gold_loss":0.0,"damage_taken":0.0,"cards_upgraded":["Strike_B","Defend_B","Defend_B","Defend_B"]},{"damage_healed":0.0,"max_hp_gain":0.0,"max_hp_loss":0.0,"gold_gain":0.0,"cards_transformed":["Strike_B","Defend_B"],"event_name":"Drug Dealer","player_choice":"Became Test Subject","floor":28.0,"gold_loss":0.0,"damage_taken":0.0,"cards_obtained":["Rip and Tear","All For One"]},{"damage_healed":0.0,"max_hp_gain":0.0,"max_hp_loss":0.0,"gold_gain":0.0,"event_name":"Match and Keep!","player_choice":"0 cards matched","floor":29.0,"gold_loss":0.0,"damage_taken":0.0,"cards_obtained":[]}],"is_beta":false,"boss_relics":[{"not_picked":["Sozu","Tiny House"],"picked":"Fusion Hammer"},{"not_picked":["Runic Dome","Snecko Eye"],"picked":"SacredBark"}],"items_purged_floors":[4,19,21],"is_endless":false,"potions_floor_spawned":[7,8,10,11,14,20,24,27,33,36],"killed_by":"4 Shapes","ascension_level":0}}