{"host":"j05tanvorlbs2t7f","time":1613504330,"event":{"mods":["2.2 Compatiblity","AchievementEnabler","BaseMod","BetterRewards","Card Forge","Colored Powertips","Conspire","Downfall","Minty Spire (QoL Compilation)","Permanent Neow","Replay The Spire","Shade Mod","StSLib","The Bug Knight","The Construct","The Cursed","The Forsaken","The Hierophant","The Sage","TheHeartMod"],"gold_per_floor":[112,127,143,143,156,192,192,222,222,222,56,88,102,128,128,205,205,218,238,248,258,277,307,317,345,345,345,370,470,487,519,519,596,596,606,631,631,683,683,713,69,69,92,120,133,150,165,194,194,194,194,194,194,31,57,57],"floor_reached":57,"language":"POL","playtime":4054,"items_purged":[],"score":4119,"play_id":"2711baa0-1177-4a76-ba83-79b2cca40894","local_time":"20210216203850","is_ascension_mode":true,"campfire_choices":[{"floor":7.0,"key":"REST"},{"floor":10.0,"key":"REST"},{"data":"Storm","floor":15.0,"key":"SMITH"},{"floor":27.0,"key":"REST"},{"floor":32.0,"key":"RECALL"},{"data":"1","floor":42,"key":"LIFT"},{"data":"2","floor":49,"key":"LIFT"},{"data":"3","floor":53,"key":"LIFT"}],"circlet_count":0,"master_deck":["AscendersBane","Strike_B","Strike_B","Strike_B+1","Strike_B+1","Defend_B","Defend_B","Defend_B","Defend_B","Zap","Dualcast","Hello World","Ball Lightning","Ball Lightning","Storm+1","Turbo+1","Coolheaded","Go for the Eyes","Capacitor","Stack","Cold Snap","Defragment+1","Leap","Ball Lightning","Machine Learning+1","Go for the Eyes+1","Echo Form","Cold Snap+1","Stack+1","Redo+1","Coolheaded+1","Hologram+1","ReplayTheSpireMod:Calculation Training","Coolheaded+1","Leap+1","Stack+1","Go for the Eyes+1","Coolheaded+1","Conserve Battery+1","Hologram+1","ReplayTheSpireMod:Splinters","Injury","Self Repair","Lockon+1","White Noise","Electrodynamics","Conserve Battery+1","Barrage+1","Conserve Battery+1","Self Repair+1","ReplayTheSpireMod:Calculation Training","Barrage+1","White Noise","Stack+1","Redo+1","Chill","Aggregate+1","Buffer"],"relics":["Cracked Core","Hammer of Thor","Seething Fire","Anvil of the Gods","BargainBundle","Boot","Turnip","HollowMod:StagPassRelic","Oddly Smooth Stone","ClockworkSouvenir","sagemod:Creepy_Carousel","Torii","Gambling Chip","Thread and Needle","Bag of Marbles","WingedGreaves","Art of War","sagemod:Singing_Vial","Emotion Chip","theForsaken:HumbleEgg","HollowMod:PaleOreRelic","ReplayTheSpireMod:Shallot","conspire:SpecialSausage","Prayer Wheel","conspire:Flyswatter","Bronze Scales","Blue Doll","downfall:ExtraCursedKey","Girya","ChewingGum","construct:BoolHorns","construct:RocketBooster","Omamori","Mango","conspire:DeflatedDodgeball","Replay:Baseball","Pantograph","Mercury Hourglass","Replay:Rubber Ducky","Chameleon Ring"],"acts_visited":["Exordium","TheCity","TheBeyond","TheEnding"],"potions_floor_usage":[47,50],"damage_taken":[{"damage":0.0,"enemies":"Cultist","floor":1.0,"turns":2.0},{"damage":0.0,"enemies":"2 Louse","floor":2.0,"turns":3.0},{"damage":8.0,"enemies":"Jaw Worm","floor":3.0,"turns":2.0},{"damage":1.0,"enemies":"Lots of Slimes","floor":5.0,"turns":4.0},{"damage":0.0,"enemies":"Gremlin Nob","floor":8.0,"turns":4.0},{"damage":0.0,"enemies":"3 Sentries","floor":12.0,"turns":5.0},{"damage":0.0,"enemies":"conspire:2 RoseBushes","floor":13.0,"turns":4.0},{"damage":10.0,"enemies":"Lagavulin","floor":14.0,"turns":5.0},{"damage":0.0,"enemies":"The Guardian","floor":16.0,"turns":8.0},{"damage":1.0,"enemies":"Shell Parasite","floor":18.0,"turns":3.0},{"damage":1.0,"enemies":"Snake Plant","floor":19.0,"turns":3.0},{"damage":0.0,"enemies":"Sentry and Sphere","floor":20.0,"turns":4.0},{"damage":0.0,"enemies":"conspire:HollyBat","floor":21.0,"turns":5.0},{"damage":20.0,"enemies":"Shelled Parasite and Fungi","floor":22.0,"turns":3.0},{"damage":2.0,"enemies":"Slavers","floor":23.0,"turns":4.0},{"damage":0.0,"enemies":"Sentry and Sphere","floor":24.0,"turns":4.0},{"damage":6.0,"enemies":"Replay:Snechameleon","floor":25.0,"turns":4.0},{"damage":0.0,"enemies":"Snake Plant","floor":30.0,"turns":3.0},{"damage":1.0,"enemies":"conspire:Head Lice","floor":31.0,"turns":4.0},{"damage":1.0,"enemies":"Champ","floor":33.0,"turns":8.0},{"damage":0,"enemies":"Orb Walker","floor":35,"turns":3},{"damage":0,"enemies":"Mind Bloom Boss Battle","floor":36,"turns":5},{"damage":7,"enemies":"2 Orb Walkers","floor":38,"turns":4},{"damage":0,"enemies":"R_Hoarder","floor":40,"turns":6},{"damage":1,"enemies":"Giant Head","floor":44,"turns":6},{"damage":1,"enemies":"3 Darklings","floor":45,"turns":2},{"damage":0,"enemies":"Writhing Mass","floor":46,"turns":4},{"damage":12,"enemies":"4 Shapes","floor":47,"turns":4},{"damage":0,"enemies":"Nemesis","floor":48,"turns":4},{"damage":55,"enemies":"Awakened One","floor":50,"turns":7},{"damage":0,"enemies":"Donu and Deca","floor":51,"turns":7},{"damage":29,"enemies":"Shield and Spear","floor":55,"turns":8},{"damage":0,"enemies":"The Heart","floor":56,"turns":9}],"seed_played":"3408136146642688745","potions_obtained":[{"floor":3.0,"key":"Explosive Potion"},{"floor":6.0,"key":"EssenceOfSteel"},{"floor":22.0,"key":"Fire Potion"},{"floor":25.0,"key":"Strength Potion"},{"floor":30.0,"key":"Regen Potion"}],"is_trial":false,"path_per_floor":["M","M","M","T","M","?","R","E","T","R","$","E","M","E","R","B",null,"M","M","M","M","M","E","M","E","T","R","T","?","M","E","R","B",null,"M","?","?","?","?","E","$","R","T","E","M","M","M","E","R","B","B",null,"R","$","E","B",null],"character_chosen":"DEFECT","items_purchased":["BargainBundle","Boot","Energy Potion","PotionOfCapacity","Hello World","Ball Lightning","HollowMod:StagPassRelic","Oddly Smooth Stone","ClockworkSouvenir","Storm","Torii","Turbo+1","Coolheaded","Thread and Needle","Bag of Marbles","Art of War","Go for the Eyes","ColorlessPotion","Machine Learning+1","Go for the Eyes+1","Mango","conspire:DeflatedDodgeball","Self Repair+1","Replay:Rubber Ducky"],"campfire_rested":3,"item_purchase_floors":[0,0,0,0,0,0,0,0,0,0,0,0,0,0,0,0,0,0,11,11,41,41,41,54],"current_hp_per_floor":[22,22,14,14,13,13,34,34,34,55,55,55,55,45,45,45,65,64,63,63,63,43,41,41,35,35,56,56,61,61,67,67,76,76,76,76,76,69,69,76,90,90,90,90,90,90,88,90,90,82,90,90,90,90,78,90],"gold":57,"neow_bonus":"","is_daily":false,"chose_seed":false,"campfire_upgraded":1,"win_rate":0.0,"timestamp":1613504330,"path_taken":["M","M","M","?","M","?","R","E","T","R","$","E","M","E","R","BOSS","M","M","M","M","M","E","M","E","T","R","?","?","M","E","R","BOSS","M","?","?","?","?","E","$","R","T","E","M","M","?","E","R","BOSS","BOSS","R","$","E","BOSS"],"items_purchased_type":["Relic","Relic","Potion","Potion","Card","Card","Relic","Relic","Relic","Card","Relic","Card","Card","Relic","Relic","Relic","Card","Potion","Card","Card","Relic","Relic","Card","Relic"],"build_version":"2020-12-22","purchased_purges":0,"victory":true,"max_hp_per_floor":[71,71,71,71,71,71,71,71,71,71,71,71,71,71,71,71,71,71,71,71,71,71,71,71,71,71,71,71,76,76,76,76,76,76,76,76,76,76,76,76,90,90,90,90,90,90,90,90,90,90,90,90,90,90,90,90],"card_choices":[{"not_picked":["Turbo","Cold Snap"],"picked":"Capacitor","floor":1.0},{"not_picked":["Steam","Barrage"],"picked":"Stack","floor":2.0},{"not_picked":["Beam Cell","Redo"],"picked":"Cold Snap","floor":3.0},{"not_picked":["Glacier","Ball Lightning"],"picked":"Defragment","floor":5.0},{"not_picked":["Coolheaded","Panic Button"],"picked":"Leap","floor":6.0},{"not_picked":["Go for the Eyes","conspire:Rain"],"picked":"Ball Lightning","floor":8.0},{"not_picked":["Sweeping Beam+1","Cold Snap+1"],"picked":"Echo Form","floor":12.0},{"not_picked":["ReplayGash","ReplayTheSpireMod:System Scan"],"picked":"Cold Snap+1","floor":13.0},{"not_picked":["Heatsinks","ReplaySort"],"picked":"Stack+1","floor":14.0},{"not_picked":["Amplify","Machine Learning"],"picked":"ReplayTheSpireMod:Fabricate Wheel","floor":16.0},{"not_picked":["Sweeping Beam+1","Barrage+1"],"picked":"Redo+1","floor":18.0},{"not_picked":["Scrape","ReplayTheSpireMod:Reroute Power"],"picked":"Coolheaded+1","floor":19.0},{"not_picked":["Blizzard","Ball Lightning+1"],"picked":"Hologram+1","floor":19.0},{"not_picked":["Streamline+1","Steam+1"],"picked":"ReplayTheSpireMod:Calculation Training","floor":20.0},{"not_picked":["Heatsinks","Rainbow"],"picked":"Coolheaded+1","floor":20.0},{"not_picked":["Recycle","Gash+1"],"picked":"Leap+1","floor":21.0},{"not_picked":["Compile Driver+1","Sweeping Beam+1"],"picked":"Stack+1","floor":21.0},{"not_picked":["Fission","Rebound+1"],"picked":"Go for the Eyes+1","floor":22.0},{"not_picked":["Tempest+1","Rebound+1","Streamline+1"],"picked":"SKIP","floor":22.0},{"not_picked":["Sweeping Beam+1","Steam+1","Barrage+1"],"picked":"SKIP","floor":23.0},{"not_picked":["Leap+1","Panic Button+1"],"picked":"Coolheaded+1","floor":24.0},{"not_picked":["Reinforced Body","Undo"],"picked":"Conserve Battery+1","floor":24.0},{"not_picked":["ReplayTheSpireMod:Repulse","Cold Snap+1"],"picked":"Hologram+1","floor":25.0},{"not_picked":["Panic Button+1","Go for the Eyes+1"],"picked":"Self Repair","floor":30.0},{"not_picked":["Undo","Cold Snap+1"],"picked":"Lockon+1","floor":30.0},{"not_picked":["Stack+1","Rip and Tear"],"picked":"White Noise","floor":31.0},{"not_picked":["Thunder Strike","Meteor Strike"],"picked":"Electrodynamics","floor":33.0},{"not_picked":["BasicCrystalCard+1","Stack+1"],"picked":"Conserve Battery+1","floor":35},{"not_picked":["Scrape","Compile Driver+1","Melter+1"],"picked":"Singing Bowl","floor":35},{"not_picked":["Darkness+1","BasicCrystalCard+1"],"picked":"Barrage+1","floor":38},{"not_picked":["Consume","Cold Snap+1"],"picked":"Conserve Battery+1","floor":40},{"not_picked":["Darkness","Steam+1"],"picked":"ReplayTheSpireMod:Calculation Training","floor":44},{"not_picked":["Turbo+1","Gash+1"],"picked":"Barrage+1","floor":45},{"not_picked":["Rebound+1","Compile Driver+1","Streamline+1"],"picked":"SKIP","floor":45},{"not_picked":["Redo+1","ReplayTheSpireMod:Reroute Power"],"picked":"White Noise","floor":46},{"not_picked":["Mirror Shield","Panic Button+1"],"picked":"Stack+1","floor":46},{"not_picked":["Melter+1","ReplayTheSpireMod:Repulse"],"picked":"Redo+1","floor":47},{"not_picked":["Ball Lightning+1","Lockon"],"picked":"Chill","floor":47},{"not_picked":["Hologram+1","Steam+1"],"picked":"Aggregate","floor":48},{"not_picked":["Beam Cell+1","Conserve Battery+1"],"picked":"Buffer","floor":55}],"player_experience":499622,"relics_obtained":[{"floor":4.0,"key":"sagemod:Singing_Vial"},{"floor":8.0,"key":"Emotion Chip"},{"floor":9.0,"key":"theForsaken:HumbleEgg"},{"floor":12.0,"key":"HollowMod:PaleOreRelic"},{"floor":14.0,"key":"ReplayTheSpireMod:Shallot"},{"floor":23.0,"key":"conspire:Flyswatter"},{"floor":25.0,"key":"Bronze Scales"},{"floor":28.0,"key":"Blue Doll"},{"floor":31.0,"key":"Girya"},{"floor":36,"key":"construct:BoolHorns"},{"floor":38,"key":"construct:RocketBooster"},{"floor":40,"key":"Omamori"},{"floor":43,"key":"Replay:Baseball"},{"floor":44,"key":"Pantograph"},{"floor":48,"key":"Mercury Hourglass"},{"floor":55,"key":"Chameleon Ring"}],"event_choices":[{"damage_healed":0,"gold_gain":0,"player_choice":"Fight","damage_taken":0,"max_hp_gain":0,"max_hp_loss":0,"event_name":"MindBloom","floor":36,"gold_loss":0},{"damage_healed":0,"gold_gain":0,"player_choice":"Memory 1","damage_taken":0,"max_hp_gain":0,"max_hp_loss":0,"event_name":"SensoryStone","floor":37,"gold_loss":0},{"damage_healed":0,"gold_gain":0,"player_choice":"Fight","damage_taken":0,"max_hp_gain":0,"max_hp_loss":0,"event_name":"Mysterious Sphere","floor":38,"gold_loss":0},{"damage_healed":0,"gold_gain":0,"player_choice":"Ignored","damage_taken":0,"max_hp_gain":0,"max_hp_loss":0,"event_name":"Tomb of Lord Red Mask","floor":39,"gold_loss":0}],"is_beta":false,"boss_relics":[{"not_picked":["Kintsugi","construct:ClawGrip"],"picked":"conspire:SpecialSausage"},{"not_picked":["construct:WeddingRing","Ring of Chaos"],"picked":"ChewingGum"}],"items_purged_floors":[],"is_endless":false,"potions_floor_spawned":[1,3,5,19,22,25,30,35,38,40,45],"ascension_level":20}}