{"host":"ufl0k2so27eic2iy","time":1613512532,"event":{"mods":["BaseMod","Downfall","Minty Spire (QoL Compilation)","StSLib","The Animator"],"gold_per_floor":[99,112,129,39,139,155,155,40,40,65,15,15,43,53,73,172,172,72,82,96,108,119,19,101,101,86,86,100,100,297,326,341,341,341,341],"floor_reached":33,"language":"ENG","playtime":1941,"items_purged":["bronze:Strike","bronze:Strike","bronze:Strike"],"score":458,"play_id":"4ed6ae47-353c-402a-9c9d-50e464c99ab4","local_time":"20210216215532","is_ascension_mode":true,"campfire_choices":[{"data":"bronze:Replicate","floor":1.0,"key":"SMITH"},{"data":"bronze:Flail","floor":9.0,"key":"SMITH"},{"floor":12.0,"key":"RECALL"},{"data":"bronze:AlphaBuild","floor":18,"key":"SMITH"},{"floor":23,"key":"REST"},{"data":"bronze:Frontload","floor":27,"key":"SMITH"}],"circlet_count":0,"master_deck":["bronze:Defend","bronze:Defend","bronze:Defend","bronze:Defend","bronze:Replicate+1","bronze:Goto","bronze:FollowUp","bronze:Flail+1","bronze:Branch","bronze:FineTuning","bronze:Overload","bronze:Branch","bronze:MaxOutput","bronze:Shell","bronze:DelayedSlice","bronze:ItsAFeature","bronze:AlphaBuild+1","bronze:Return","bronze:FindAndReplace","bronze:WhirlingStrike+1","bronze:Frontload+1","bronze:Separator","bronze:ForLoop+1","bronze:ClassDefault+1","bronze:Constructor","bronze:Repulsor","bronze:DelayedSlice+1"],"relics":["bronze:BronzeCore","Toy Ornithopter","bronze:DecasWashers","Question Card","Blue Candle","bronze:ElectromagneticCoil","downfall:HeartBlessingGreen","downfall:HeartBlessingRed","Lantern"],"acts_visited":["Exordium","TheCity"],"potions_floor_usage":[16,30,32,32,33,33],"damage_taken":[{"damage":0.0,"enemies":"Cultist","floor":2.0,"turns":3.0},{"damage":0.0,"enemies":"2 Louse","floor":3.0,"turns":3.0},{"damage":6.0,"enemies":"downfall:FleeingMerchant","floor":4.0,"turns":4.0},{"damage":25.0,"enemies":"downfall:LadyInBlue","floor":5.0,"turns":11.0},{"damage":0.0,"enemies":"Jaw Worm","floor":6.0,"turns":3.0},{"damage":0.0,"enemies":"downfall:FleeingMerchant","floor":8.0,"turns":4.0},{"damage":5.0,"enemies":"3 Sentries","floor":10.0,"turns":5.0},{"damage":5.0,"enemies":"downfall:FleeingMerchant","floor":11.0,"turns":4.0},{"damage":0.0,"enemies":"Lagavulin","floor":13.0,"turns":6.0},{"damage":0.0,"enemies":"3 Louse","floor":14.0,"turns":1.0},{"damage":0,"enemies":"Blue Slaver","floor":15,"turns":2},{"damage":0,"enemies":"DF_ARCHETYPE_STREAMLINE","floor":16,"turns":9},{"damage":18,"enemies":"downfall:LooterAlt2","floor":19,"turns":3},{"damage":4,"enemies":"Shell Parasite","floor":20,"turns":3},{"damage":0,"enemies":"Snake Plant","floor":21,"turns":5},{"damage":0,"enemies":"Cultist and Chosen","floor":22,"turns":6},{"damage":0,"enemies":"downfall:FleeingMerchant","floor":26,"turns":4},{"damage":12,"enemies":"Shelled Parasite and Fungi","floor":28,"turns":2},{"damage":0,"enemies":"downfall:FleeingMerchant","floor":30,"turns":2},{"damage":47,"enemies":"Gremlin Leader","floor":31,"turns":10},{"damage":18,"enemies":"Snake Plant","floor":32,"turns":3},{"damage":48,"enemies":"SI_MIRROR_ARCHETYPE","floor":33,"turns":12}],"seed_played":"8701240504882919951","potions_obtained":[{"floor":2.0,"key":"LiquidBronze"},{"floor":3.0,"key":"SpeedPotion"},{"floor":5.0,"key":"EntropicBrew"},{"floor":5.0,"key":"DistilledChaos"},{"floor":5.0,"key":"CultistPotion"},{"floor":14.0,"key":"bronze:BuildAFunctionPotion"},{"floor":20,"key":"Regen Potion"}],"is_trial":false,"path_per_floor":["R","M","M","$","?","M","T","$","R","E","$","R","E","M","M","B",null,"R","M","M","M","M","R","T","?","$","R","M","?","$","E","M","B"],"character_chosen":"THE_AUTOMATON","items_purchased":["bronze:ItsAFeature","bronze:Repulsor"],"campfire_rested":1,"item_purchase_floors":[11,30],"current_hp_per_floor":[63,63,63,57,32,32,32,32,32,27,27,27,27,27,27,32,61,61,43,39,39,39,60,60,60,60,60,48,48,58,11,3,0,0,0],"gold":341,"neow_bonus":"TRANSFORM_CARD","is_daily":false,"chose_seed":false,"campfire_upgraded":4,"win_rate":0.0,"timestamp":1613512532,"path_taken":["R","M","M","?","?","?","T","$","R","E","?","R","E","?","M","BOSS","R","M","M","M","M","R","T","?","$","R","M","?","$","E","M","BOSS"],"items_purchased_type":["Card","Card"],"build_version":"2020-12-22","purchased_purges":3,"victory":false,"max_hp_per_floor":[70,70,70,70,70,70,70,70,70,70,70,70,70,70,70,70,70,70,70,70,70,70,70,70,70,70,70,70,70,70,70,70,70,70,70],"card_choices":[{"not_picked":["bronze:BuggyMess","bronze:BugBarrage"],"picked":"bronze:Flail","floor":2.0},{"not_picked":["bronze:ItsAFeature","bronze:CutThrough"],"picked":"bronze:Branch","floor":3.0},{"not_picked":["bronze:BugBarrage","bronze:ThunderWave"],"picked":"bronze:FineTuning","floor":4.0},{"not_picked":["bronze:Allocate","bronze:Philosophize"],"picked":"bronze:Overload","floor":5.0},{"not_picked":["bronze:WhirlingStrike","bronze:Refactor"],"picked":"bronze:Branch","floor":6.0},{"not_picked":["bronze:BitShift","bronze:Refactor"],"picked":"bronze:MaxOutput","floor":8.0},{"not_picked":["bronze:Shield","bronze:ForLoop"],"picked":"bronze:Shell","floor":10.0},{"not_picked":["bronze:Frontload","bronze:WhirlingStrike","bronze:Iterate"],"picked":"bronze:DelayedSlice","floor":11.0},{"not_picked":["bronze:BuggyMess","bronze:DigitalCarnage","bronze:Philosophize"],"picked":"bronze:AlphaBuild","floor":13.0},{"not_picked":["bronze:ItsAFeature","bronze:BugBarrage","bronze:CutThrough","bronze:BitShift"],"picked":"SKIP","floor":14.0},{"not_picked":["bronze:Allocate","bronze:Branch","bronze:Shell"],"picked":"bronze:Return","floor":15},{"not_picked":["bronze:AlphaBuild","bronze:Library","bronze:SpaghettiCode"],"picked":"bronze:FindAndReplace","floor":16},{"not_picked":["bronze:MaxOutput","bronze:Separator","bronze:Shield"],"picked":"bronze:WhirlingStrike+1","floor":19},{"not_picked":["bronze:Backtrace+1","bronze:DigitalCarnage","bronze:Turbo"],"picked":"bronze:Frontload","floor":20},{"not_picked":["bronze:Terminator","bronze:Shield","bronze:Iterate","bronze:OilSpill"],"picked":"SKIP","floor":21},{"not_picked":["bronze:BuggyMess+1","bronze:BugBarrage","bronze:DelayedSlice"],"picked":"bronze:Separator","floor":22},{"not_picked":["bronze:Allocate","bronze:DelayedGuard","bronze:Deprecate"],"picked":"bronze:ForLoop+1","floor":26},{"not_picked":["bronze:Shield","bronze:Separator","bronze:GetLatest"],"picked":"bronze:ClassDefault+1","floor":28},{"not_picked":["bronze:Branch","bronze:Overheat+1","bronze:Philosophize"],"picked":"bronze:Constructor","floor":30},{"not_picked":["bronze:BitShift","bronze:Separator+1","bronze:ForLoop+1"],"picked":"bronze:DelayedSlice+1","floor":31},{"not_picked":["bronze:Iterate+1","bronze:Invalidate","bronze:ForLoop+1","bronze:Repulsor"],"picked":"SKIP","floor":32}],"player_experience":2818719,"relics_obtained":[{"floor":5.0,"key":"Toy Ornithopter"},{"floor":7.0,"key":"bronze:DecasWashers"},{"floor":10.0,"key":"Question Card"},{"floor":13.0,"key":"Blue Candle"},{"floor":31,"key":"Lantern"}],"event_choices":[{"damage_healed":0,"gold_gain":0,"player_choice":"Ignored","damage_taken":0,"max_hp_gain":0,"max_hp_loss":0,"event_name":"Vampires","floor":25,"gold_loss":0}],"is_beta":false,"boss_relics":[{"not_picked":["SacredBark","sneckomod:SneckoTalon"],"picked":"bronze:ElectromagneticCoil"}],"items_purged_floors":[4,8,30],"is_endless":false,"potions_floor_spawned":[2,3,10,14,20,22,28,32],"killed_by":"SI_MIRROR_ARCHETYPE","ascension_level":6}}