{"host":"97k3n5kp0psabqmo","time":1613500312,"event":{"mods":["BaseMod","Colored Powertips","Hubris","Minty Spire (QoL Compilation)","Replay The Spire","StSLib"],"gold_per_floor":[117,166,166,166,180,180,207,207,287,83,100,134,152,102,102,198,198,213,223,241,256,316,347,365,365,390,390,405,505,505,79,178,274,274,292,306,12,27,27,53,53,66,66,77,92,17,17,34,34,34],"floor_reached":51,"language":"ENG","playtime":2369,"items_purged":["Strike_B","Strike_B","Defend_B","Strike_B"],"score":784,"play_id":"538ae80b-41e9-458c-94c1-faa6b2282c67","local_time":"20210216133152","is_ascension_mode":false,"campfire_choices":[{"data":"White Noise","floor":6,"key":"SMITH"},{"data":"Seek","floor":8,"key":"SMITH"},{"data":"Beam Cell","floor":15,"key":"SMITH"},{"floor":27,"key":"REST"},{"data":"Madness","floor":41,"key":"SMITH"},{"data":"FIFO Queue","floor":47,"key":"SMITH"},{"floor":49,"key":"REST"}],"circlet_count":0,"master_deck":["Strike_B","Zap+1","Dualcast","Leap","Seek+1","White Noise+1","Storm+1","Melter","Leap","Beam Cell+1","Thunder Strike","Conserve Battery+1","Sweeping Beam+1","Conserve Battery+1","Barrage+1","ReplayTheSpireMod:Splinters","Sunder","Hologram+1","Stack+1","Leap","Redo+1","Time Bomb","Madness+1","Meteor Strike","Lockon","Conserve Battery+1","FIFO Queue+1","Defragment","Cold Snap","Double Energy+1","Conserve Battery+1","Redo+1"],"relics":["Cracked Core","NeowsBlessing","ReplayFunnel","Calipers","InkBottle","hubris:TenFootPole","hubris:ScarierMask","Toy Ornithopter","Happy Flower","MealTicket","Ice Cream","Mercury Hourglass","Darkstone Periapt","Strange Spoon","Ring of Chaos","Membership Card","Bag of Marbles","Ginger"],"acts_visited":["Exordium","TheCity","TheBeyond"],"potions_floor_usage":[16,23,24,29,33,50,50,50],"damage_taken":[{"damage":0,"enemies":"Cultist","floor":1,"turns":1},{"damage":0,"enemies":"Jaw Worm","floor":5,"turns":1},{"damage":0,"enemies":"Gremlin Nob","floor":7,"turns":1},{"damage":0,"enemies":"2 Louse","floor":11,"turns":1},{"damage":12,"enemies":"Lagavulin","floor":12,"turns":7},{"damage":3,"enemies":"Blue Slaver","floor":13,"turns":3},{"damage":4,"enemies":"Slime Boss","floor":16,"turns":5},{"damage":11,"enemies":"Spheric Guardian","floor":18,"turns":4},{"damage":0,"enemies":"2 Thieves","floor":19,"turns":2},{"damage":14,"enemies":"Snake Plant","floor":20,"turns":3},{"damage":25,"enemies":"Snecko","floor":21,"turns":7},{"damage":14,"enemies":"Slavers","floor":23,"turns":4},{"damage":7,"enemies":"Cultist and Chosen","floor":24,"turns":4},{"damage":0,"enemies":"Shelled Parasite and Fungi","floor":28,"turns":4},{"damage":0,"enemies":"Colosseum Slavers","floor":29,"turns":4},{"damage":3,"enemies":"Colosseum Nobs","floor":29,"turns":3},{"damage":48,"enemies":"Pondfish","floor":33,"turns":11},{"damage":4,"enemies":"Orb Walker","floor":35,"turns":3},{"damage":7,"enemies":"3 Shapes","floor":36,"turns":4},{"damage":9,"enemies":"Sphere and 2 Shapes","floor":38,"turns":3},{"damage":18,"enemies":"Nemesis","floor":40,"turns":7},{"damage":0,"enemies":"Maw","floor":42,"turns":5},{"damage":22,"enemies":"Spire Growth","floor":44,"turns":4},{"damage":2,"enemies":"3 Darklings","floor":45,"turns":4},{"damage":10,"enemies":"Writhing Mass","floor":48,"turns":4},{"damage":31,"enemies":"hubris:GrandSnecko","floor":50,"turns":11}],"seed_played":"-5676736134747988443","potions_obtained":[{"floor":7,"key":"Dexterity Potion"},{"floor":11,"key":"SteroidPotion"},{"floor":12,"key":"Fire Potion"},{"floor":20,"key":"Explosive Potion"},{"floor":21,"key":"AttackPotion"},{"floor":24,"key":"BlessingOfTheForge"},{"floor":25,"key":"LifebloodPotion"},{"floor":28,"key":"Languid Potion"},{"floor":36,"key":"Regen Potion"},{"floor":40,"key":"LiquidMemories"},{"floor":45,"key":"Toxic Potion"}],"is_trial":false,"path_per_floor":["M","T","?","?","M","R","E","R","T","$","M","E","M","?","R","B",null,"M","M","M","M","?","E","M","?","T","R","M","?","?","$","R","B",null,"M","M","$","M","?","E","R","M","T","M","M","$","R","M","R","B",null],"character_chosen":"DEFECT","items_purchased":["Storm+1","Melter","Time Bomb","Madness","Strange Spoon","FIFO Queue","Membership Card"],"campfire_rested":2,"item_purchase_floors":[10,10,31,31,31,37,37],"current_hp_per_floor":[75,75,75,75,75,75,75,75,75,75,75,63,60,60,60,56,75,64,64,50,25,25,16,14,14,14,36,36,38,38,53,53,10,75,71,64,75,66,66,48,48,48,48,26,24,39,39,29,51,50],"gold":34,"neow_bonus":"THREE_ENEMY_KILL","is_daily":false,"chose_seed":false,"campfire_upgraded":5,"win_rate":0.0,"timestamp":1613500312,"path_taken":["M","?","?","?","?","R","E","R","T","$","M","E","M","?","R","BOSS","M","M","M","M","?","E","?","?","T","R","?","?","?","$","R","BOSS","M","M","$","M","?","E","R","?","T","?","M","?","R","M","R","BOSS"],"items_purchased_type":["Card","Card","Card","Card","Relic","Card","Relic"],"build_version":"2020-12-22","purchased_purges":4,"victory":true,"max_hp_per_floor":[75,75,75,75,75,75,75,75,75,75,75,75,75,75,75,75,75,75,75,75,75,75,75,75,75,75,75,75,75,75,75,75,75,75,75,75,75,75,75,75,75,75,75,75,75,75,75,75,75,75],"card_choices":[{"not_picked":["Scrape","Steam"],"picked":"Leap","floor":1},{"not_picked":["Steam","Sweeping Beam"],"picked":"White Noise","floor":5},{"not_picked":["Blizzard","ReplayTheSpireMod:GoodbyeWorld","Reprogram"],"picked":"SKIP","floor":7},{"not_picked":["Beam Cell","Recycle"],"picked":"Leap","floor":11},{"not_picked":["Melter","Compile Driver","BasicCrystalCard"],"picked":"SKIP","floor":12},{"not_picked":["Rip and Tear","Seek"],"picked":"Beam Cell","floor":13},{"not_picked":["Rainbow","Echo Form"],"picked":"Thunder Strike","floor":16},{"not_picked":["Steam","FTL"],"picked":"Conserve Battery+1","floor":18},{"not_picked":["Undo+1","Compile Driver"],"picked":"Sweeping Beam+1","floor":19},{"not_picked":["Streamline","Undo"],"picked":"Conserve Battery+1","floor":20},{"not_picked":["Compile Driver","Gash+1"],"picked":"Barrage+1","floor":21},{"not_picked":["Blizzard","Gash"],"picked":"Sunder","floor":22},{"not_picked":["Conserve Battery","Beam Cell"],"picked":"Hologram+1","floor":23},{"not_picked":["hubris:SpecializedCircuitry","Barrage"],"picked":"Stack+1","floor":24},{"not_picked":["Conserve Battery","BasicCrystalCard+1"],"picked":"Leap","floor":28},{"not_picked":["BootSequence","Rebound"],"picked":"Redo+1","floor":29},{"not_picked":["Mirror Shield","hubris:DoWhile"],"picked":"Meteor Strike","floor":33},{"not_picked":["Auto Shields+1","Scrape"],"picked":"Lockon","floor":35},{"not_picked":["Rebound+1","Sweeping Beam+1"],"picked":"Conserve Battery+1","floor":36},{"not_picked":["FTL","Coolheaded","Turbo+1"],"picked":"SKIP","floor":38},{"not_picked":["hubris:Prefetch","Beam Cell+1"],"picked":"Cold Snap","floor":40},{"not_picked":["hubris:PowerSurge+1","Fusion+1","Beam Cell+1"],"picked":"SKIP","floor":42},{"not_picked":["Aggregate","Redo+1"],"picked":"Double Energy+1","floor":44},{"not_picked":["Crystallizer","Leap"],"picked":"Conserve Battery+1","floor":45},{"not_picked":["Go for the Eyes","Doom and Gloom+1"],"picked":"Redo+1","floor":48}],"player_experience":81245,"relics_obtained":[{"floor":2,"key":"ReplayFunnel"},{"floor":7,"key":"Calipers"},{"floor":9,"key":"InkBottle"},{"floor":12,"key":"hubris:TenFootPole"},{"floor":22,"key":"Toy Ornithopter"},{"floor":23,"key":"Happy Flower"},{"floor":26,"key":"MealTicket"},{"floor":29,"key":"Ice Cream"},{"floor":29,"key":"Mercury Hourglass"},{"floor":40,"key":"Bag of Marbles"},{"floor":43,"key":"Ginger"}],"event_choices":[{"damage_healed":0,"gold_gain":0,"cards_transformed":["Defend_B"],"player_choice":"Change","damage_taken":0,"max_hp_gain":0,"max_hp_loss":0,"event_name":"Living Wall","floor":4,"gold_loss":0,"cards_obtained":["Seek"]},{"cards_removed":["Defend_B"],"damage_healed":0,"gold_gain":0,"player_choice":"Card Removal","damage_taken":0,"max_hp_gain":0,"max_hp_loss":0,"event_name":"The Cleric","floor":14,"gold_loss":50},{"damage_healed":0,"gold_gain":0,"player_choice":"Got Potions","damage_taken":0,"max_hp_gain":0,"max_hp_loss":0,"event_name":"Lab","floor":25,"gold_loss":0},{"damage_healed":0,"gold_gain":0,"player_choice":"Fight","damage_taken":0,"max_hp_gain":0,"max_hp_loss":0,"event_name":"Colosseum","floor":29,"gold_loss":0},{"damage_healed":0,"gold_gain":0,"player_choice":"Fought Nobs","damage_taken":0,"max_hp_gain":0,"max_hp_loss":0,"event_name":"Colosseum","floor":29,"gold_loss":0},{"damage_healed":0,"gold_gain":0,"player_choice":"Opened","damage_taken":0,"relics_obtained":["Darkstone Periapt"],"max_hp_gain":0,"max_hp_loss":0,"event_name":"The Mausoleum","floor":30,"gold_loss":0},{"damage_healed":0,"gold_gain":99,"player_choice":"Stole From Cult","damage_taken":0,"max_hp_gain":0,"max_hp_loss":0,"event_name":"Nest","floor":32,"gold_loss":0},{"damage_healed":0,"gold_gain":0,"cards_transformed":["Defend_B"],"player_choice":"Transformed","damage_taken":0,"max_hp_gain":0,"max_hp_loss":0,"event_name":"Transmorgrifier","floor":39,"gold_loss":0,"cards_obtained":["Defragment"]}],"is_beta":false,"boss_relics":[{"not_picked":["Kintsugi","Fusion Hammer"],"picked":"hubris:ScarierMask"},{"not_picked":["hubris:Stopwatch","SacredBark"],"picked":"Ring of Chaos"}],"items_purged_floors":[10,31,37,46],"is_endless":false,"potions_floor_spawned":[7,11,12,20,21,24,28,29,36,40,42,45],"ascension_level":0}}