{"host":"ofd963fi3mpcjyzv","time":1613505681,"event":{"mods":["BaseMod","Duelist Mod","Minty Spire (QoL Compilation)","Quick Restart","READ ME - Guardian Mod","StSLib","The Cursed","The Disciple","The Servant 0.9.4"],"gold_per_floor":[136,156,156,14,14,31,31,31],"floor_reached":7,"language":"ENG","playtime":1134,"items_purged":[],"score":41,"play_id":"5acef570-d581-4973-962e-7e02780495d8","local_time":"20210216150121","is_ascension_mode":false,"campfire_choices":[],"circlet_count":0,"master_deck":["theDuelist:CyberDragonNachster","theDuelist:CyberValley","theDuelist:CyberneticRevolution+1","theDuelist:Duoterion","theDuelist:DupeFrog","theDuelist:GamecieltheSeaTurtleKaiju","theDuelist:GiantOrc+1","theDuelist:JunkKuriboh","theDuelist:NaturiaRagweed","theDuelist:ParallelWorldFusion","theDuelist:SpiritHarp","theDuelist:OjamaCountry","theDuelist:TheCreator","theDuelist:ToonSummonedSkull"],"relics":["theDuelist:MillenniumPuzzle","theDuelist:CardPoolRelic","theDuelist:CardPoolBasicRelic","theDuelist:BoosterPackPoolRelic","theDuelist:CardPoolAddRelic","theDuelist:CardPoolMinusRelic","theDuelist:CardPoolSaveRelic","theDuelist:CardPoolOptionsRelic","NeowsBlessing"],"acts_visited":["Exordium"],"potions_floor_usage":[7],"damage_taken":[{"damage":5,"enemies":"Small Slimes","floor":1,"turns":2},{"damage":0,"enemies":"2 Louse","floor":2,"turns":2},{"damage":0,"enemies":"Jaw Worm","floor":6,"turns":1},{"damage":33,"enemies":"3 Sentries","floor":7,"turns":7}],"seed_played":"-9098991868386000527","potions_obtained":[{"floor":1,"key":"SkillPotion"}],"is_trial":false,"path_per_floor":["M","M","?","$","?","M","E"],"character_chosen":"THE_DUELIST","items_purchased":["theDuelist:TheCreator"],"campfire_rested":0,"item_purchase_floors":[4],"current_hp_per_floor":[75,75,59,59,59,59,26,26],"gold":31,"neow_bonus":"THREE_ENEMY_KILL","is_daily":false,"chose_seed":false,"campfire_upgraded":0,"win_rate":0.0,"timestamp":1613505681,"path_taken":["M","M","?","$","?","?","E"],"items_purchased_type":["Card"],"build_version":"2020-12-22","purchased_purges":0,"victory":false,"max_hp_per_floor":[80,80,80,80,80,80,80,80],"card_choices":[{"not_picked":["theDuelist:Beatraptor","theDuelist:BotanicalLion","theDuelist:BoneMouse","theDuelist:DummyGolem"],"picked":"theDuelist:SpiritHarp","floor":1},{"not_picked":["theDuelist:TwinHeadedWolf","theDuelist:SpiritHarp","theDuelist:FeedbackWarrior","theDuelist:PortableBatteryPack"],"picked":"theDuelist:OjamaCountry","floor":2},{"not_picked":["theDuelist:Hydrogeddon","theDuelist:TwinHeadedWolf","theDuelist:RedRisingDragon","theDuelist:DoubleCoston"],"picked":"theDuelist:ToonSummonedSkull","floor":6}],"player_experience":676537,"relics_obtained":[],"event_choices":[{"damage_healed":0,"gold_gain":0,"player_choice":"Entered Light","damage_taken":16,"max_hp_gain":0,"max_hp_loss":0,"event_name":"Shining Light","floor":3,"gold_loss":0,"cards_upgraded":["theDuelist:CyberneticRevolution","theDuelist:GiantOrc"]},{"damage_healed":0,"gold_gain":0,"player_choice":"Ignored","damage_taken":0,"max_hp_gain":0,"max_hp_loss":0,"event_name":"Golden Idol","floor":5,"gold_loss":0}],"is_beta":false,"boss_relics":[],"items_purged_floors":[],"is_endless":false,"potions_floor_spawned":[1],"killed_by":"3 Sentries","ascension_level":0}}