{"host":"raaimkojny05jekw","time":1613485612,"event":{"mods":["AchievementEnabler","BaseMod","Colored Map","Colored Powertips","DeckTracker","Minty Spire (QoL Compilation)","Quick Restart","Rare Cards Sparkle","everything is the same but u backflip on backflip"],"gold_per_floor":[19,38,49,149,3,3,20,20,44,76,76,91,91,137,137,242,242,252,352,207,224,244,244,244,244,244,244,194,207,31,31,31,130,130,142,192,1,18,31,31,61,416,439,439,464,464,464],"floor_reached":46,"language":"KOR","playtime":1593,"items_purged":["Strike_R","Regret"],"score":774,"play_id":"e206fe10-5c44-4688-aaec-70c98e17f3be","local_time":"20210216232652","is_ascension_mode":true,"campfire_choices":[{"data":"Bludgeon","floor":6,"key":"SMITH"},{"data":"Havoc","floor":8,"key":"SMITH"},{"data":"Evolve","floor":11,"key":"SMITH"},{"data":"Whirlwind","floor":13,"key":"SMITH"},{"data":"Shockwave","floor":15,"key":"SMITH"},{"data":"Berserk","floor":23,"key":"SMITH"},{"data":"Seeing Red","floor":25,"key":"SMITH"},{"data":"Brutality","floor":27,"key":"SMITH"},{"data":"Shrug It Off","floor":32,"key":"SMITH"},{"floor":40,"key":"RECALL"}],"circlet_count":0,"master_deck":["AscendersBane","Strike_R","Strike_R","Defend_R","Defend_R","Defend_R","Defend_R","Bash","Evolve+1","Brutality+1","Whirlwind+1","Carnage","Shockwave+1","Bludgeon+1","Havoc+1","Power Through","Seeing Red+1","Berserk+1","Warcry+1","Reckless Charge","Shrug It Off+1","Armaments+1","Power Through","Offering","Flame Barrier","Metamorphosis","Entrench+1","Double Tap"],"relics":["Burning Blood","Oddly Smooth Stone","Lantern","Pen Nib","Cursed Key","Blood Vial","Pantograph","Fusion Hammer","StoneCalendar","Dream Catcher","Old Coin","Ornamental Fan"],"acts_visited":["Exordium","TheCity","TheBeyond"],"potions_floor_usage":[7,16,33,39,41,42,45,46],"damage_taken":[{"damage":10,"enemies":"Small Slimes","floor":1,"turns":7},{"damage":8,"enemies":"Cultist","floor":2,"turns":4},{"damage":16,"enemies":"Jaw Worm","floor":3,"turns":3},{"damage":3,"enemies":"Looter","floor":7,"turns":2},{"damage":22,"enemies":"3 Sentries","floor":10,"turns":5},{"damage":0,"enemies":"Lots of Slimes","floor":12,"turns":4},{"damage":32,"enemies":"The Guardian","floor":16,"turns":7},{"damage":0,"enemies":"Chosen","floor":18,"turns":3},{"damage":15,"enemies":"3 Byrds","floor":21,"turns":4},{"damage":8,"enemies":"3 Cultists","floor":22,"turns":4},{"damage":4,"enemies":"Cultist and Chosen","floor":29,"turns":3},{"damage":43,"enemies":"Collector","floor":33,"turns":6},{"damage":15,"enemies":"3 Darklings","floor":35,"turns":4},{"damage":9,"enemies":"Mind Bloom Boss Battle","floor":36,"turns":4},{"damage":8,"enemies":"Orb Walker","floor":38,"turns":3},{"damage":21,"enemies":"Writhing Mass","floor":39,"turns":4},{"damage":31,"enemies":"Nemesis","floor":41,"turns":5},{"damage":25,"enemies":"2 Orb Walkers","floor":42,"turns":4},{"damage":46,"enemies":"Giant Head","floor":45,"turns":9},{"damage":34,"enemies":"4 Shapes","floor":46,"turns":3}],"seed_played":"-3888502806921878944","potions_obtained":[{"floor":1,"key":"ElixirPotion"},{"floor":2,"key":"Energy Potion"},{"floor":7,"key":"FearPotion"},{"floor":16,"key":"CultistPotion"},{"floor":24,"key":"EntropicBrew"},{"floor":24,"key":"EssenceOfSteel"},{"floor":29,"key":"BloodPotion"},{"floor":33,"key":"SkillPotion"},{"floor":38,"key":"DistilledChaos"},{"floor":39,"key":"FairyPotion"},{"floor":41,"key":"DistilledChaos"}],"is_trial":false,"path_per_floor":["M","M","M","?","$","R","M","R","T","E","R","M","R","T","R","B",null,"M","?","$","M","M","R","?","R","T","R","$","M","$","?","R","B",null,"M","?","$","M","M","R","E","?","T","?","E","M"],"character_chosen":"IRONCLAD","items_purchased":["Bludgeon","Blood Vial","Shrug It Off","Power Through","Metamorphosis"],"campfire_rested":0,"item_purchase_floors":[5,20,28,30,37],"current_hp_per_floor":[68,66,56,56,56,56,59,59,59,43,43,49,49,49,49,23,66,72,72,72,65,65,65,65,65,65,65,65,69,69,54,54,44,75,68,82,82,82,85,85,60,43,43,43,30,0,0],"gold":464,"neow_bonus":"TRANSFORM_TWO_CARDS","is_daily":false,"chose_seed":false,"campfire_upgraded":9,"win_rate":0.0,"timestamp":1613485612,"path_taken":["M","M","M","?","?","R","M","R","T","E","R","M","R","?","R","BOSS","M","?","$","?","M","R","?","R","T","R","?","M","$","?","R","BOSS","M","?","$","M","M","R","E","?","T","?","E","?"],"items_purchased_type":["Card","Relic","Card","Card","Card"],"build_version":"2020-12-22","purchased_purges":2,"victory":false,"max_hp_per_floor":[80,80,80,80,80,80,80,80,80,80,80,80,80,80,80,80,80,80,80,80,80,80,80,80,80,80,80,80,80,80,85,85,85,85,85,85,85,85,85,85,85,85,85,85,85,85,85],"card_choices":[{"not_picked":["Shrug It Off","Disarm"],"picked":"Whirlwind","floor":1},{"not_picked":["Flex","Second Wind"],"picked":"Carnage","floor":2},{"not_picked":["Sword Boomerang","Spot Weakness"],"picked":"Shockwave","floor":3},{"not_picked":["Body Slam","Warcry"],"picked":"Havoc","floor":7},{"not_picked":["Infernal Blade","Dark Embrace"],"picked":"Power Through","floor":10},{"not_picked":["Twin Strike","Shrug It Off"],"picked":"Seeing Red","floor":12},{"not_picked":["Offering","Brutality"],"picked":"Berserk","floor":16},{"not_picked":["Clash+1","Sword Boomerang","Cleave"],"picked":"SKIP","floor":18},{"not_picked":["Blood for Blood+1","Flex"],"picked":"Warcry+1","floor":21},{"not_picked":["Uppercut","Wild Strike"],"picked":"Reckless Charge","floor":22},{"not_picked":["Whirlwind","Wild Strike"],"picked":"Armaments+1","floor":29},{"not_picked":["Bludgeon","Impervious"],"picked":"Offering","floor":33},{"not_picked":["Clothesline","Uppercut+1"],"picked":"Flame Barrier","floor":35},{"not_picked":["Shrug It Off+1","Dark Embrace+1"],"picked":"Entrench+1","floor":38},{"not_picked":["Clothesline+1","Body Slam","Wild Strike+1"],"picked":"SKIP","floor":39},{"not_picked":["Pommel Strike+1","Clash+1","Havoc+1"],"picked":"SKIP","floor":41},{"not_picked":["Warcry","Metallicize+1"],"picked":"Double Tap","floor":45}],"player_experience":763807,"relics_obtained":[{"floor":9,"key":"Oddly Smooth Stone"},{"floor":10,"key":"Lantern"},{"floor":14,"key":"Pen Nib"},{"floor":26,"key":"Pantograph"},{"floor":36,"key":"StoneCalendar"},{"floor":41,"key":"Dream Catcher"},{"floor":42,"key":"Old Coin"},{"floor":45,"key":"Ornamental Fan"}],"event_choices":[{"damage_healed":0,"gold_gain":100,"player_choice":"Pray","damage_taken":0,"max_hp_gain":0,"max_hp_loss":0,"event_name":"Golden Shrine","floor":4,"gold_loss":0},{"damage_healed":0,"gold_gain":100,"player_choice":"Pray","damage_taken":0,"max_hp_gain":0,"max_hp_loss":0,"event_name":"Golden Shrine","floor":19,"gold_loss":0},{"damage_healed":0,"gold_gain":0,"player_choice":"Got Potions","damage_taken":0,"max_hp_gain":0,"max_hp_loss":0,"event_name":"Lab","floor":24,"gold_loss":0},{"damage_healed":0,"gold_gain":0,"player_choice":"Shed Blood","damage_taken":20,"max_hp_gain":5,"max_hp_loss":0,"event_name":"Forgotten Altar","floor":31,"gold_loss":0},{"damage_healed":0,"gold_gain":0,"player_choice":"Fight","damage_taken":0,"max_hp_gain":0,"max_hp_loss":0,"event_name":"MindBloom","floor":36,"gold_loss":0},{"damage_healed":0,"gold_gain":0,"player_choice":"Fight","damage_taken":0,"max_hp_gain":0,"max_hp_loss":0,"event_name":"Mysterious Sphere","floor":42,"gold_loss":0},{"cards_removed":["Normality"],"damage_healed":0,"gold_gain":0,"player_choice":"Removed Curses","damage_taken":0,"max_hp_gain":0,"max_hp_loss":0,"event_name":"Fountain of Cleansing","floor":44,"gold_loss":0}],"is_beta":false,"boss_relics":[{"not_picked":["Coffee Dripper","Runic Dome"],"picked":"Cursed Key"},{"not_picked":["SacredBark","Tiny House"],"picked":"Fusion Hammer"}],"items_purged_floors":[5,30],"is_endless":false,"potions_floor_spawned":[1,2,7,16,29,33,38,39,41],"killed_by":"4 Shapes","ascension_level":10}}