{"host":"ox77rn1xcurm2t5a","time":1613509870,"event":{"mods":["2.2 Compatiblity","AchievementEnabler","Act Like it!","Aspiration","BaseMod","Best Route Mod","Better Match","Better Note","Better Sensory Stone","Block Reminder","Colored Map","Colored Powertips","Conjunction","Conspire","Custom Start","Energized Spire","GifTheSpireLib","Gold Saver","Gremlin Skip","Halation","Highlight Path","Hubris","Infinite Spire","Minty Spire (QoL Compilation)","Pale of the Ancients","Quick Restart","Replay The Spire","Reworked Bosses","ShortenTheSpire","Spire Exporter","StSLib","Stuff the Spire","Wandering Minibosses"],"gold_per_floor":[623,637,637,223,233,233,263,263,263,295,295,13,13,45,45,144,144,155,173,173,185,3,38,38,38,65,79,91,91,91,91],"floor_reached":30,"language":"ENG","playtime":660,"items_purged":["Defend_R","Defend_R"],"score":344,"play_id":"1a380470-bc35-42fb-adc7-d8d97ebdd2f4","local_time":"20210216231110","is_ascension_mode":true,"campfire_choices":[{"floor":6,"key":"RECALL"},{"data":"Bash","floor":13,"key":"SMITH"},{"data":"Cleave","floor":15,"key":"SMITH"},{"data":"Inflame","floor":25,"key":"SMITH"},{"data":"Anger","floor":29,"key":"SMITH"}],"circlet_count":0,"master_deck":["Strike_R","Strike_R","Strike_R","Strike_R","Strike_R","Defend_R","Defend_R","Bash+1","Heavy Blade+1","Pommel Strike","Cleave+1","Pommel Strike","Shrug It Off+1","Inflame+1","Pommel Strike","Anger+1"],"relics":["Burning Blood","Orichalcum","Pear","ReplayTheSpireMod:Spearhead","aspiration:SeaSaltIceCream","Burning Blood","conspire:TopHat","halation:AfternoonTea","Replay:Accelerometer","conspire:SpecialSausage","MealTicket","ReplayTheSpireMod:EnergyBall"],"acts_visited":["Exordium","TheCity"],"potions_floor_usage":[7,10,14,18,23,27,28],"damage_taken":[{"damage":6,"enemies":"Cultist","floor":1,"turns":3},{"damage":8,"enemies":"Small Slimes","floor":2,"turns":3},{"damage":6,"enemies":"Jaw Worm","floor":5,"turns":2},{"damage":8,"enemies":"Gremlin Nob","floor":7,"turns":4},{"damage":30,"enemies":"3 Sentries","floor":10,"turns":10},{"damage":10,"enemies":"Gremlin Nob","floor":14,"turns":3},{"damage":52,"enemies":"Slime Boss","floor":16,"turns":12},{"damage":10,"enemies":"2 Thieves","floor":18,"turns":3},{"damage":3,"enemies":"3 Byrds","floor":19,"turns":4},{"damage":36,"enemies":"Snake Plant","floor":21,"turns":4},{"damage":47,"enemies":"Gremlin Leader","floor":23,"turns":7},{"damage":33,"enemies":"Centurion and Healer","floor":27,"turns":4},{"damage":21,"enemies":"Sentry and Sphere","floor":28,"turns":4},{"damage":32,"enemies":"Slavers","floor":30,"turns":1}],"seed_played":"-1930083337527544692","potions_obtained":[{"floor":5,"key":"Adrenaline Potion"},{"floor":7,"key":"SpeedPotion"},{"floor":10,"key":"Adrenaline Potion"},{"floor":16,"key":"Adrenaline Potion"},{"floor":21,"key":"Weak Potion"},{"floor":23,"key":"Swift Potion"},{"floor":27,"key":"BloodPotion"}],"is_trial":false,"path_per_floor":["M","M","?","$","M","R","E","?","T","E","?","$","R","E","R","B",null,"M","M","?","M","$","E","AVR","R","T","M","M","R","E"],"character_chosen":"IRONCLAD","items_purchased":["Orichalcum","Pear","Cleave","halation:AfternoonTea","Inflame"],"campfire_rested":0,"item_purchase_floors":[4,4,12,12,22],"current_hp_per_floor":[85,83,83,93,93,93,91,91,91,73,73,73,73,75,75,35,95,95,95,95,71,71,36,36,36,36,15,25,25,0,0],"gold":91,"neow_bonus":"RANDOM_EVENT","is_daily":false,"chose_seed":false,"campfire_upgraded":4,"win_rate":0.0,"timestamp":1613509870,"path_taken":["M","M","?","$","M","R","E","?","T","E","?","$","R","E","R","BOSS","M","M","?","?","$","E","AVR","R","T","M","M","R","E"],"items_purchased_type":["Relic","Relic","Card","Relic","Card"],"build_version":"2020-12-22","purchased_purges":2,"victory":false,"max_hp_per_floor":[85,85,85,95,95,95,95,95,95,95,95,95,95,95,95,95,95,95,95,95,95,95,95,95,95,95,95,95,95,95,95],"card_choices":[{"not_picked":["Run Through","Armaments"],"picked":"Heavy Blade","floor":1},{"not_picked":["ReplayTheSpireMod:Muscle Training","Clothesline","Carnage"],"picked":"SKIP","floor":2},{"not_picked":["Warcry","Shrug It Off"],"picked":"Pommel Strike","floor":5},{"not_picked":["Armaments","StuffTheSpire:Pyroclast","StuffTheSpire:Incineration"],"picked":"SKIP","floor":7},{"not_picked":["ReplayTheSpireMod:Strike From Hell","Flame Barrier","Replay:Undeath\u0027s Touch"],"picked":"SKIP","floor":10},{"not_picked":["Dual Wield","Iron Wave"],"picked":"Pommel Strike","floor":14},{"not_picked":["Warcry+1","hubris:SharpeningStone+1","Headbutt"],"picked":"SKIP","floor":18},{"not_picked":["StuffTheSpire:RockThrow+1","hubris:CleavingFinish","Flame Barrier"],"picked":"SKIP","floor":19},{"not_picked":["StuffTheSpire:RockThrow+1","ReplayTheSpireMod:Strike From Hell"],"picked":"Shrug It Off+1","floor":21},{"not_picked":["Heavy Blade","StuffTheSpire:Incineration"],"picked":"Pommel Strike","floor":23},{"not_picked":["StuffTheSpire:BloodClot","conspire:HitWhereItHurts","Abandon"],"picked":"SKIP","floor":27},{"not_picked":["Infernal Blade","StuffTheSpire:RockThrow"],"picked":"Anger","floor":28}],"player_experience":3119618,"relics_obtained":[{"floor":7,"key":"ReplayTheSpireMod:Spearhead"},{"floor":9,"key":"aspiration:SeaSaltIceCream"},{"floor":10,"key":"conspire:TopHat"},{"floor":14,"key":"Replay:Accelerometer"},{"floor":23,"key":"MealTicket"}],"event_choices":[{"damage_healed":0,"gold_gain":0,"player_choice":"Donut","damage_taken":0,"max_hp_gain":5,"max_hp_loss":0,"event_name":"Big Fish","floor":0,"gold_loss":0},{"damage_healed":0,"gold_gain":0,"player_choice":"Ignored","damage_taken":0,"max_hp_gain":0,"max_hp_loss":0,"event_name":"Liars Game","floor":8,"gold_loss":0},{"damage_healed":0,"gold_gain":0,"player_choice":"Upgraded","damage_taken":0,"max_hp_gain":0,"max_hp_loss":0,"event_name":"Upgrade Shrine","floor":20,"gold_loss":0,"cards_upgraded":["Heavy Blade"]}],"is_beta":false,"boss_relics":[{"not_picked":["halation:Yufonium","hubris:CrackedHourglass"],"picked":"conspire:SpecialSausage"}],"items_purged_floors":[12,22],"is_endless":false,"potions_floor_spawned":[5,7,10,16,21,23,27],"killed_by":"Slavers","ascension_level":4}}