{"host":"61r95uy0hn86b9iu","time":1613442493,"event":{"mods":["AchievementEnabler","BaseMod","Better Vampires","BetterRewards","Colored Powertips","Hubris","Minty Spire (QoL Compilation)","Shop Mod","StSLib"],"gold_per_floor":[13,28,28,47,65,92,92,92,118,130,142,173,185,211,223,235,235],"floor_reached":16,"language":"ENG","playtime":462,"items_purged":[],"score":199,"play_id":"95fd460c-1166-4ea1-b1a1-f4d42184594f","local_time":"20210215202813","is_ascension_mode":true,"campfire_choices":[{"floor":7.0,"key":"REST"},{"floor":11.0,"key":"REST"},{"floor":13,"key":"REST"},{"floor":15,"key":"REST"}],"circlet_count":0,"master_deck":["AscendersBane","Strike_B","Strike_B","Strike_B","Defend_B","Defend_B","Defend_B","Zap","Dualcast","Coolheaded","Ball Lightning","Auto Shields","Self Repair"],"relics":["Cracked Core","hubris:Icosahedron","PreservedInsect","MawBank","hubris:EvacipatedBox","hubris:BundleOfHerbs"],"acts_visited":[],"potions_floor_usage":[16],"damage_taken":[{"damage":1.0,"enemies":"Cultist","floor":1.0,"turns":3.0},{"damage":14.0,"enemies":"Small Slimes","floor":2.0,"turns":2.0},{"damage":0.0,"enemies":"2 Louse","floor":4.0,"turns":4.0},{"damage":4.0,"enemies":"Exordium Wildlife","floor":5.0,"turns":3.0},{"damage":38.0,"enemies":"3 Sentries","floor":6.0,"turns":5.0},{"damage":13,"enemies":"Lots of Slimes","floor":12,"turns":3},{"damage":8,"enemies":"Red Slaver","floor":14,"turns":3},{"damage":105,"enemies":"Hexaghost","floor":16,"turns":11}],"seed_played":"2570905087663584298","potions_obtained":[{"floor":5.0,"key":"LiquidBronze"},{"floor":12,"key":"SkillPotion"}],"is_trial":false,"path_per_floor":["M","M","?","M","M","E","R","?","T","$","R","M","R","M","R","B"],"character_chosen":"DEFECT","items_purchased":["hubris:EvacipatedBox","hubris:BundleOfHerbs"],"campfire_rested":4,"item_purchase_floors":[10,10],"current_hp_per_floor":[63,49,49,49,67,29,50,50,50,12,33,25,46,38,59,0,0],"gold":235,"neow_bonus":"REMOVE_TWO","is_daily":false,"chose_seed":false,"campfire_upgraded":0,"win_rate":0.0,"timestamp":1613442493,"path_taken":["M","?","?","M","M","E","R","?","T","?","R","M","R","M","R","BOSS"],"items_purchased_type":["Relic","Relic"],"build_version":"2020-12-22","purchased_purges":0,"victory":false,"max_hp_per_floor":[71,71,71,71,71,71,71,71,71,71,71,71,71,71,71,71,71],"card_choices":[{"not_picked":["Steam","Stack","Compile Driver"],"picked":"SKIP","floor":1.0},{"not_picked":["Go for the Eyes","Steam"],"picked":"Coolheaded","floor":2.0},{"not_picked":["Rebound","Cold Snap","Fusion"],"picked":"SKIP","floor":4.0},{"not_picked":["Sweeping Beam","Heatsinks"],"picked":"Ball Lightning","floor":5.0},{"not_picked":["Steam Power","Rip and Tear","Scrape"],"picked":"SKIP","floor":6.0},{"not_picked":["Lockon","Force Field"],"picked":"Auto Shields","floor":12},{"not_picked":["Beam Cell","Cold Snap"],"picked":"Self Repair","floor":14}],"player_experience":3351129,"relics_obtained":[{"floor":6.0,"key":"PreservedInsect"},{"floor":9.0,"key":"MawBank"}],"event_choices":[{"damage_healed":0.0,"max_hp_gain":0.0,"max_hp_loss":0.0,"gold_gain":0.0,"event_name":"Scrap Ooze","player_choice":"Fled","floor":8.0,"gold_loss":0.0,"damage_taken":0.0}],"is_beta":false,"boss_relics":[],"items_purged_floors":[],"is_endless":false,"potions_floor_spawned":[5,12],"killed_by":"Hexaghost","ascension_level":19}}