{"host":"hf26dlu7397s98tc","time":1613494703,"event":{"mods":["100% Spire Juice","Act Like it!","Arknights","Astrologer","BaseMod","CapriCore","GifTheSpireLib","Hermit","Luminous","Minty Spire (QoL Compilation)","Pale of the Ancients","Quick Restart","Reliquary","Robot Space Explorer","StSLib","The Dragon Tamer","The Gatherer","TheWitcher","UnlockEverythingMod","°æ“≈ŒÔø®≈∆°øREMEMod","≤–¡Ù÷ÆŒÔ"],"gold_per_floor":[110,110,128,128,128,162,180,180,180,180],"floor_reached":8,"language":"ZHS","playtime":338,"items_purged":[],"score":81,"play_id":"bcc66249-eb6f-42f8-b0bb-998a406ba503","local_time":"20210217005823","is_ascension_mode":false,"metric_token":1365,"campfire_choices":[],"circlet_count":0,"master_deck":["Gatherer:Strike_Gatherer","Gatherer:Strike_Gatherer","Gatherer:Strike_Gatherer","Gatherer:Strike_Gatherer","Gatherer:Defend_Gatherer","Gatherer:Defend_Gatherer","Gatherer:Defend_Gatherer","Gatherer:Defend_Gatherer","Gatherer:Defend_Gatherer","Gatherer:Centralize","Gatherer:FlowerWhip","Master of Strategy","Gatherer:UpgradeBag","Gatherer:RecoveryHerb","Regret","Gatherer:BigPouch"],"relics":["Gatherer:AlchemyBag","REME_ComplimentaryCards","NeowsBlessing","reliquary:QuartzCube","Gatherer:Leftovers","reliquary:IridiumChain"],"acts_visited":["Exordium"],"potions_floor_usage":[8],"damage_taken":[{"damage":0.0,"enemies":"Small Slimes","floor":1.0,"turns":1.0},{"damage":0.0,"enemies":"Cultist","floor":3.0,"turns":1.0},{"damage":0.0,"enemies":"Gremlin Nob","floor":6.0,"turns":1.0},{"damage":8.0,"enemies":"2 Louse","floor":7.0,"turns":3.0},{"damage":43,"enemies":"Lagavulin","floor":8,"turns":10}],"seed_played":"-7767489270914231540","potions_obtained":[{"floor":1.0,"key":"Regen Potion"}],"is_trial":false,"path_per_floor":["M","?","M","?","?","E","M","E"],"character_chosen":"THE_GATHERER","items_purchased":[],"campfire_rested":0,"item_purchase_floors":[],"current_hp_per_floor":[72,72,72,54,54,54,49,23,23,23],"gold":180,"neow_bonus":"THREE_ENEMY_KILL","is_daily":false,"chose_seed":false,"campfire_upgraded":0,"win_rate":0.0,"timestamp":1613494703,"path_taken":["M","?","?","?","?","E","M","E"],"items_purchased_type":[],"build_version":"2020-12-22","purchased_purges":0,"victory":false,"max_hp_per_floor":[72,72,72,72,72,72,72,72,72,72],"card_choices":[{"not_picked":["Gatherer:EchoOfNature","Gatherer:WoolGloves"],"picked":"Gatherer:UpgradeBag","floor":1.0},{"not_picked":["Gatherer:WoolGloves","Gatherer:Polymorphism"],"picked":"Gatherer:RecoveryHerb","floor":3.0},{"not_picked":["Gatherer:FlowerShield","Gatherer:TacticalStrike"],"picked":"Gatherer:BigPouch","floor":6.0},{"not_picked":["Gatherer:PotentialSlash","Gatherer:Nutrients","Gatherer:FlowerBeam"],"picked":"SKIP","floor":7.0}],"player_experience":224807,"relics_obtained":[{"floor":6.0,"key":"reliquary:IridiumChain"}],"event_choices":[{"cards_removed":["Gatherer:Strike_Gatherer"],"damage_healed":0.0,"max_hp_gain":0.0,"max_hp_loss":0.0,"gold_gain":0.0,"event_name":"Wheel of Change","player_choice":"Card Removal","floor":2.0,"gold_loss":0.0,"damage_taken":0.0},{"damage_healed":0.0,"max_hp_gain":0.0,"max_hp_loss":0.0,"gold_gain":0.0,"event_name":"Scrap Ooze","player_choice":"Success","floor":4.0,"gold_loss":0.0,"damage_taken":18.0,"relics_obtained":["reliquary:QuartzCube"]},{"damage_healed":0.0,"max_hp_gain":0.0,"max_hp_loss":0.0,"gold_gain":0.0,"event_name":"Big Fish","player_choice":"Box","floor":5.0,"gold_loss":0.0,"damage_taken":0.0,"relics_obtained":["Gatherer:Leftovers"],"cards_obtained":["Regret"]}],"is_beta":false,"boss_relics":[],"items_purged_floors":[],"is_endless":false,"potions_floor_spawned":[1],"killed_by":"Lagavulin","ascension_level":0}}