{"host":"2n2g1vowfllvjtvi","time":1613478789,"event":{"mods":["AchievementEnabler","BaseMod","Custom Start","GifTheSpireLib","Keyboard Shortcuts","Minty Spire (QoL Compilation)","Permanent Neow","Quick Restart","StSLib","SuperFastMode"],"gold_per_floor":[111,111,123,192,192,192,207,242,267,285,53,53,66,86,86,158,158,177,195,95,0,10,10,10,10],"floor_reached":24,"language":"KOR","playtime":390,"items_purged":["Pain","Strike_P"],"score":337,"play_id":"02daaaae-0101-4e31-8243-a7e441b3e757","local_time":"20210216213309","is_ascension_mode":true,"campfire_choices":[{"data":"Eruption","floor":6,"key":"SMITH"},{"data":"Alpha","floor":12,"key":"SMITH"},{"data":"Adaptation","floor":15,"key":"SMITH"},{"data":"MasterReality","floor":23,"key":"SMITH"}],"circlet_count":0,"master_deck":["AscendersBane","Strike_P","Strike_P","Defend_P","Defend_P","Defend_P","Defend_P","Eruption+1","Vigilance","Adaptation+1","EmptyMind","Halt","FearNoEvil","Alpha+1","MasterReality+1"],"relics":["PureWater","NeowsBlessing","Question Card","WarpedTongs","Anchor","Dream Catcher","Lantern","Coffee Dripper"],"acts_visited":["Exordium","TheCity"],"potions_floor_usage":[8,16,19,24],"damage_taken":[{"damage":0,"enemies":"Small Slimes","floor":1,"turns":1},{"damage":0,"enemies":"Cultist","floor":3,"turns":1},{"damage":0,"enemies":"2 Louse","floor":7,"turns":1},{"damage":35,"enemies":"3 Sentries","floor":8,"turns":13},{"damage":23,"enemies":"Lots of Slimes","floor":10,"turns":5},{"damage":1,"enemies":"Looter","floor":13,"turns":3},{"damage":0,"enemies":"Exordium Wildlife","floor":14,"turns":3},{"damage":76,"enemies":"Slime Boss","floor":16,"turns":6},{"damage":20,"enemies":"Shell Parasite","floor":18,"turns":5},{"damage":13,"enemies":"Spheric Guardian","floor":19,"turns":4},{"damage":17,"enemies":"Shelled Parasite and Fungi","floor":22,"turns":4},{"damage":10,"enemies":"Gremlin Leader","floor":24,"turns":2}],"seed_played":"-8806091221859972978","potions_obtained":[{"floor":1,"key":"FairyPotion"},{"floor":3,"key":"GamblersBrew"},{"floor":10,"key":"LiquidMemories"},{"floor":16,"key":"Ambrosia"},{"floor":18,"key":"Explosive Potion"},{"floor":22,"key":"BottledMiracle"}],"is_trial":false,"path_per_floor":["M","?","M","T","?","R","M","E","T","M","$","R","M","M","R","B",null,"M","M","$","?","M","R","E"],"character_chosen":"WATCHER","items_purchased":["Lantern"],"campfire_rested":0,"item_purchase_floors":[11],"current_hp_per_floor":[61,61,61,61,61,61,61,26,26,3,3,3,2,2,2,20,56,36,23,23,23,6,6,0,0],"gold":10,"neow_bonus":"THREE_ENEMY_KILL","is_daily":false,"chose_seed":false,"campfire_upgraded":4,"win_rate":0.0,"timestamp":1613478789,"path_taken":["M","?","?","?","?","R","M","E","T","M","$","R","?","M","R","BOSS","M","M","$","?","M","R","E"],"items_purchased_type":["Relic"],"build_version":"2020-12-22","purchased_purges":2,"victory":false,"max_hp_per_floor":[68,68,68,68,68,68,68,68,68,68,68,68,68,68,68,68,68,68,68,68,68,68,68,68,68],"card_choices":[{"not_picked":["Study","Evaluate"],"picked":"Adaptation","floor":1},{"not_picked":["ThirdEye","WreathOfFlame","FollowUp"],"picked":"SKIP","floor":3},{"not_picked":["Perseverance","ThirdEye","EmptyBody"],"picked":"Halt","floor":7},{"not_picked":["PathToVictory","CarveReality","Meditate"],"picked":"FearNoEvil","floor":8},{"not_picked":["FollowUp","Sanctity","WindmillStrike"],"picked":"Alpha","floor":10},{"not_picked":["JustLucky","CutThroughFate","EmptyFist","Vengeance"],"picked":"SKIP","floor":13},{"not_picked":["JustLucky","CutThroughFate","EmptyFist","Vengeance"],"picked":"SKIP","floor":13},{"not_picked":["Protect","Weave","LikeWater","WaveOfTheHand"],"picked":"SKIP","floor":14},{"not_picked":["DevaForm","Alpha","ConjureBlade"],"picked":"MasterReality","floor":16},{"not_picked":["Prostrate","CrushJoints","ForeignInfluence","FlurryOfBlows"],"picked":"SKIP","floor":18},{"not_picked":["ThirdEye","SashWhip","EmptyBody","Ragnarok"],"picked":"SKIP","floor":19},{"not_picked":["Protect","JustLucky","LikeWater","EmptyFist"],"picked":"SKIP","floor":22}],"player_experience":238290,"relics_obtained":[{"floor":4,"key":"Question Card"},{"floor":8,"key":"Anchor"},{"floor":9,"key":"Dream Catcher"}],"event_choices":[{"damage_healed":0,"gold_gain":0,"cards_transformed":["Strike_P"],"player_choice":"Transformed","damage_taken":0,"max_hp_gain":0,"max_hp_loss":0,"event_name":"Transmorgrifier","floor":2,"gold_loss":0,"cards_obtained":["EmptyMind"]},{"damage_healed":0,"gold_gain":0,"player_choice":"Rummage","damage_taken":0,"relics_obtained":["WarpedTongs"],"max_hp_gain":0,"max_hp_loss":0,"event_name":"Accursed Blacksmith","floor":5,"gold_loss":0,"cards_obtained":["Pain"]},{"damage_healed":0,"gold_gain":0,"player_choice":"Paid Fearfully","damage_taken":0,"max_hp_gain":0,"max_hp_loss":0,"event_name":"Masked Bandits","floor":21,"gold_loss":95}],"is_beta":false,"boss_relics":[{"not_picked":["Tiny House","Calling Bell"],"picked":"Coffee Dripper"}],"items_purged_floors":[11,20],"is_endless":false,"potions_floor_spawned":[1,3,10,13,14,16,18,22],"killed_by":"Gremlin Leader","ascension_level":14}}