{"host":"c6xy0a74zz7y4nf6","time":1613454462,"event":{"mods":["BaseMod","Minty Spire (QoL Compilation)","StSLib","The Death Knight","The Exalted"],"gold_per_floor":[110,120,139,89,14,46,46,46,46,57,77,90,132,132,132,230,230,244,244,264,277,277,277],"floor_reached":22,"language":"ENG","playtime":797,"items_purged":["DeathKnight:Strike_DeathKnight"],"score":224,"play_id":"717268e1-ead4-45fb-8316-0d4e3e084d5d","local_time":"20210215234742","is_ascension_mode":true,"campfire_choices":[{"data":"DeathKnight:RuneStrike","floor":7,"key":"SMITH"},{"floor":15,"key":"REST"}],"circlet_count":0,"master_deck":["DeathKnight:Strike_DeathKnight","DeathKnight:Strike_DeathKnight","DeathKnight:Strike_DeathKnight","DeathKnight:Defend_DeathKnight","DeathKnight:Defend_DeathKnight","DeathKnight:Defend_DeathKnight","DeathKnight:Defend_DeathKnight","DeathKnight:Defend_DeathKnight","DeathKnight:RuneTap","DeathKnight:RuneStrike+1","DeathKnight:Pestilence","DeathKnight:HowlingBlast","DeathKnight:UnholyExperiment","DeathKnight:WraithWalk+1","DeathKnight:Contagion+1","DeathKnight:Outbreak+1","DeathKnight:AntiMagicShell+1"],"relics":["DeathKnight:BrokenRuneblade","NeowsBlessing","Bromod:ArcaneVictory","DeathKnight:TomeOfUnholySpecialization","Black Star","Nloth\u0027s Gift"],"acts_visited":["Exordium","TheCity"],"potions_floor_usage":[11,12,13,13,16,20,20,21],"damage_taken":[{"damage":0,"enemies":"2 Louse","floor":1,"turns":1},{"damage":0,"enemies":"Small Slimes","floor":2,"turns":1},{"damage":0,"enemies":"Cultist","floor":3,"turns":1},{"damage":29,"enemies":"Gremlin Nob","floor":6,"turns":5},{"damage":0,"enemies":"3 Louse","floor":10,"turns":1},{"damage":4,"enemies":"Red Slaver","floor":11,"turns":4},{"damage":2,"enemies":"Large Slime","floor":12,"turns":5},{"damage":9,"enemies":"The Mushroom Lair","floor":13,"turns":2},{"damage":7,"enemies":"The Guardian","floor":16,"turns":7},{"damage":17,"enemies":"Spheric Guardian","floor":18,"turns":4},{"damage":32,"enemies":"2 Thieves","floor":20,"turns":4},{"damage":29,"enemies":"Chosen and Byrds","floor":21,"turns":5},{"damage":2,"enemies":"Snake Plant","floor":22,"turns":1}],"seed_played":"-4650192461404885715","potions_obtained":[{"floor":3,"key":"SpeedPotion"},{"floor":6,"key":"SkillPotion"},{"floor":11,"key":"Energy Potion"},{"floor":12,"key":"ColorlessPotion"},{"floor":16,"key":"PowerPotion"}],"is_trial":false,"path_per_floor":["M","M","M","?","$","E","R","$","T","M","M","M","?","?","R","B",null,"M","?","M","M","M"],"character_chosen":"DEATH_KNIGHT","items_purchased":[],"campfire_rested":1,"item_purchase_floors":[],"current_hp_per_floor":[75,75,75,75,75,46,46,46,46,49,46,46,40,40,62,56,75,59,59,29,2,0,0],"gold":277,"neow_bonus":"THREE_ENEMY_KILL","is_daily":false,"chose_seed":false,"campfire_upgraded":1,"win_rate":0.0,"timestamp":1613454462,"path_taken":["M","M","M","?","$","E","R","$","T","M","M","M","?","?","R","BOSS","M","?","M","?","M"],"items_purchased_type":[],"build_version":"2020-12-22","purchased_purges":1,"victory":false,"max_hp_per_floor":[75,75,75,75,75,75,75,75,75,75,75,75,75,75,75,75,75,75,75,75,75,75,75],"card_choices":[{"not_picked":["DeathKnight:Hysteria","DeathKnight:WraithWalk"],"picked":"DeathKnight:Pestilence","floor":1},{"not_picked":["DeathKnight:BloodBoil","DeathKnight:PathOfFrost"],"picked":"DeathKnight:HowlingBlast","floor":2},{"not_picked":["DeathKnight:PathOfFrost","DeathKnight:BloodEchoes","DeathKnight:DreadStrike"],"picked":"SKIP","floor":3},{"not_picked":["DeathKnight:FesteringStrike","DeathKnight:FoulBulwark"],"picked":"DeathKnight:UnholyExperiment","floor":6},{"not_picked":["DeathKnight:HowlingBlast","DeathKnight:DarkSuccor"],"picked":"DeathKnight:WraithWalk+1","floor":10},{"not_picked":["DeathKnight:ChainsOfIce","DeathKnight:FoulBulwark+1"],"picked":"DeathKnight:Contagion","floor":11},{"not_picked":["DeathKnight:BladedArmor","DeathKnight:DarkSuccor","DeathKnight:FrosPresence"],"picked":"SKIP","floor":12},{"not_picked":["DeathKnight:MarkOfBlood","DeathKnight:BoneStorm"],"picked":"DeathKnight:Outbreak+1","floor":16},{"not_picked":["DeathKnight:WraithWalk+1","DeathKnight:MutagenicPlague+1","DeathKnight:DreadStrike"],"picked":"SKIP","floor":18},{"not_picked":["DeathKnight:IceboundArmor","DeathKnight:BoneShield+1","DeathKnight:HornOfWinter+1"],"picked":"SKIP","floor":20},{"not_picked":["DeathKnight:FoulBulwark+1","DeathKnight:IcyTouch"],"picked":"DeathKnight:AntiMagicShell+1","floor":21}],"player_experience":116359,"relics_obtained":[{"floor":6,"key":"Bromod:ArcaneVictory"},{"floor":9,"key":"DeathKnight:TomeOfUnholySpecialization"},{"floor":13,"key":"Odd Mushroom"}],"event_choices":[{"cards_removed":["DeathKnight:Strike_DeathKnight"],"damage_healed":0,"gold_gain":0,"player_choice":"Card Removal","damage_taken":0,"max_hp_gain":0,"max_hp_loss":0,"event_name":"The Cleric","floor":4,"gold_loss":50},{"damage_healed":0,"gold_gain":0,"player_choice":"Fought Mushrooms","damage_taken":0,"max_hp_gain":0,"max_hp_loss":0,"event_name":"Mushrooms","floor":13,"gold_loss":0},{"damage_healed":0,"gold_gain":0,"player_choice":"Grow","damage_taken":0,"max_hp_gain":0,"max_hp_loss":0,"event_name":"Living Wall","floor":14,"gold_loss":0,"cards_upgraded":["DeathKnight:Contagion"]},{"damage_healed":0,"gold_gain":0,"player_choice":"Traded Relic","damage_taken":0,"relics_obtained":["Nloth\u0027s Gift"],"max_hp_gain":0,"max_hp_loss":0,"event_name":"N\u0027loth","floor":19,"relics_lost":["Odd Mushroom"],"gold_loss":0}],"is_beta":false,"boss_relics":[{"not_picked":["SacredBark","Fusion Hammer"],"picked":"Black Star"}],"items_purged_floors":[5],"is_endless":false,"potions_floor_spawned":[3,6,11,12,16],"killed_by":"Snake Plant","ascension_level":1}}