{"host":"1eshbq9n813iloto","time":1613487261,"event":{"mods":["Astrologer","BaseMod","Better Third Choice","Hermit","Hubris","Infinite Spire","Minty Spire (QoL Compilation)","StSLib","The Cursed","TheBandit"],"gold_per_floor":[114,114,127,127,48,48,48,48,48,48,48,48,11,41,41,143,143,155,155,166,186,286,286,286,286],"floor_reached":24,"language":"ENG","playtime":4627,"items_purged":["astrologer:Strike"],"score":190,"play_id":"377d00fa-da4f-4c10-9a71-99c8f97e5982","local_time":"20210216095421","is_ascension_mode":false,"campfire_choices":[{"data":"astrologer:Eclipse","floor":6,"key":"SMITH"},{"floor":8,"key":"REST"},{"floor":10,"key":"REST"},{"data":"astrologer:NorthStar","floor":12,"key":"SMITH"},{"floor":15,"key":"REST"},{"floor":23,"key":"REST"}],"circlet_count":0,"master_deck":["astrologer:Defend","astrologer:Defend","astrologer:Defend","astrologer:Defend","astrologer:NorthStar+1","astrologer:TheFool","astrologer:TheMoon","astrologer:Eclipse+1","infinitespire:Fortify","astrologer:StarOfRegret","astrologer:Judgement","astrologer:ShootingStar","astrologer:Trine","astrologer:MeteorShower","infinitespire:TheBestDefense","astrologer:Moonlight+1","astrologer:SpaceDust+1"],"relics":["astrologer:SkyMirror","MealTicket","hubris:Towel","Kunai","Matryoshka"],"acts_visited":["Exordium","TheCity"],"potions_floor_usage":[16,21],"damage_taken":[{"damage":5,"enemies":"Small Slimes","floor":1,"turns":4},{"damage":0,"enemies":"Cultist","floor":3,"turns":3},{"damage":32,"enemies":"3 Sentries","floor":14,"turns":12},{"damage":49,"enemies":"Slime Boss","floor":16,"turns":24},{"damage":41,"enemies":"Spheric Guardian","floor":18,"turns":8},{"damage":0,"enemies":"Chosen","floor":20,"turns":7},{"damage":8,"enemies":"Snake Plant","floor":21,"turns":4},{"damage":43,"enemies":"Chosen and Byrds","floor":24,"turns":12}],"seed_played":"-4622834725157696926","potions_obtained":[{"floor":1,"key":"Energy Potion"},{"floor":16,"key":"LiquidBronze"},{"floor":20,"key":"Fire Potion"},{"floor":21,"key":"Fire Potion"}],"is_trial":false,"path_per_floor":["M","?","M","?","$","R","?","R","T","R","?","R","$","E","R","B",null,"M","AVR","M","M","?","R","M"],"character_chosen":"ASTROLOGER","items_purchased":["astrologer:StarOfRegret","astrologer:Judgement"],"campfire_rested":4,"item_purchase_floors":[5,13],"current_hp_per_floor":[65,65,65,48,48,48,48,69,69,70,70,70,70,38,59,10,70,29,29,29,21,21,42,0,0],"gold":286,"neow_bonus":"TRANSFORM_CARD","is_daily":false,"chose_seed":false,"campfire_upgraded":2,"win_rate":0.0,"timestamp":1613487261,"path_taken":["M","?","?","?","$","R","?","R","T","R","?","R","?","E","R","BOSS","M","AVR","M","M","?","R","M"],"items_purchased_type":["Card","Card"],"build_version":"2020-12-13","purchased_purges":1,"victory":false,"max_hp_per_floor":[70,70,70,70,70,70,70,70,70,70,70,70,70,70,70,70,70,70,70,70,70,70,70,70,70],"card_choices":[{"not_picked":["astrologer:NeutronStar","astrologer:Strength"],"picked":"astrologer:Eclipse","floor":1},{"not_picked":["astrologer:SpaceDust","astrologer:Eclipse","astrologer:TheHangedMan"],"picked":"SKIP","floor":3},{"not_picked":["infinitespire:TheBestDefense","infinitespire:Starlight"],"picked":"infinitespire:Fortify","floor":4},{"not_picked":["astrologer:TheHierophant","astrologer:Radiance"],"picked":"astrologer:ShootingStar","floor":14},{"not_picked":["astrologer:TheMagician","astrologer:Wish"],"picked":"astrologer:Trine","floor":16},{"not_picked":["astrologer:Observe","astrologer:Eclipse"],"picked":"astrologer:MeteorShower","floor":18},{"not_picked":["astrologer:MeteorShower","astrologer:SolarFlare"],"picked":"astrologer:Moonlight+1","floor":20},{"not_picked":["astrologer:Stardust+1","astrologer:SolarFlare"],"picked":"astrologer:SpaceDust+1","floor":21}],"player_experience":18443,"relics_obtained":[{"floor":9,"key":"MealTicket"},{"floor":14,"key":"Kunai"}],"event_choices":[{"cards_removed":["astrologer:Strike"],"damage_healed":0,"gold_gain":0,"player_choice":"Purged","damage_taken":0,"max_hp_gain":0,"max_hp_loss":0,"event_name":"Purifier","floor":2,"gold_loss":0},{"cards_removed":["astrologer:Strike"],"damage_healed":0,"gold_gain":0,"player_choice":"Forget","damage_taken":0,"max_hp_gain":0,"max_hp_loss":0,"event_name":"Living Wall","floor":7,"gold_loss":0},{"damage_healed":0,"gold_gain":100,"player_choice":"Pray","damage_taken":0,"max_hp_gain":0,"max_hp_loss":0,"event_name":"Golden Shrine","floor":22,"gold_loss":0}],"is_beta":false,"boss_relics":[{"not_picked":["Runic Pyramid","Coffee Dripper","hubris:GrandSneckoEye"]}],"items_purged_floors":[19],"is_endless":false,"potions_floor_spawned":[1,16,20,21],"killed_by":"Chosen and Byrds","ascension_level":0}}