{"host":"yhipfp2q5jnlph7f","time":1613472413,"event":{"mods":["BaseMod","Minty Spire (QoL Compilation)","Quick Restart"],"gold_per_floor":[19,37,37,50,50,94,107,107,107],"floor_reached":8,"language":"JPN","playtime":431,"items_purged":[],"score":67,"play_id":"7bc6d6ba-40b1-4bce-84ac-d3075f09b355","local_time":"20210216194653","is_ascension_mode":true,"campfire_choices":[],"circlet_count":0,"master_deck":["Strike_P","Strike_P","Strike_P","Strike_P","Defend_P","Defend_P","Defend_P","Defend_P","Eruption","Vigilance","The Bomb","ThirdEye"],"relics":["PureWater","Golden Idol","Bronze Scales","Strawberry"],"acts_visited":["Exordium"],"potions_floor_usage":[8],"damage_taken":[{"damage":7,"enemies":"Small Slimes","floor":1,"turns":4},{"damage":7,"enemies":"Jaw Worm","floor":2,"turns":4},{"damage":4,"enemies":"2 Louse","floor":4,"turns":5},{"damage":8,"enemies":"3 Sentries","floor":6,"turns":4},{"damage":17,"enemies":"Lots of Slimes","floor":7,"turns":3},{"damage":6,"enemies":"Gremlin Nob","floor":8,"turns":3}],"seed_played":"-1994657369762466087","potions_obtained":[{"floor":2,"key":"FearPotion"},{"floor":6,"key":"CultistPotion"}],"is_trial":false,"path_per_floor":["M","M","?","M","?","E","M","E"],"character_chosen":"WATCHER","items_purchased":[],"campfire_rested":0,"item_purchase_floors":[],"current_hp_per_floor":[65,58,40,36,33,32,15,9,9],"gold":107,"neow_bonus":"RANDOM_COLORLESS_2","is_daily":false,"chose_seed":false,"campfire_upgraded":0,"win_rate":0.0,"timestamp":1613472413,"path_taken":["M","M","?","M","?","E","M","E"],"items_purchased_type":[],"build_version":"2020-12-22","purchased_purges":0,"victory":false,"max_hp_per_floor":[72,72,72,72,72,79,79,79,79],"card_choices":[{"not_picked":["Transmutation","Secret Weapon"],"picked":"The Bomb","floor":0},{"not_picked":["ClearTheMind","Halt","CrushJoints"],"picked":"SKIP","floor":1},{"not_picked":["CrushJoints","MentalFortress"],"picked":"ThirdEye","floor":2},{"not_picked":["Pray","EmptyFist","JustLucky"],"picked":"SKIP","floor":4},{"not_picked":["Meditate","FlurryOfBlows","EmptyBody"],"picked":"SKIP","floor":6},{"not_picked":["CrushJoints","CutThroughFate","Nirvana"],"picked":"SKIP","floor":7}],"player_experience":1908400,"relics_obtained":[{"floor":6,"key":"Strawberry"}],"event_choices":[{"damage_healed":0,"gold_gain":0,"player_choice":"Take Damage","damage_taken":18,"relics_obtained":["Golden Idol"],"max_hp_gain":0,"max_hp_loss":0,"event_name":"Golden Idol","floor":3,"gold_loss":0},{"damage_healed":0,"gold_gain":0,"player_choice":"Success","damage_taken":3,"relics_obtained":["Bronze Scales"],"max_hp_gain":0,"max_hp_loss":0,"event_name":"Scrap Ooze","floor":5,"gold_loss":0}],"is_beta":false,"boss_relics":[],"items_purged_floors":[],"is_endless":false,"potions_floor_spawned":[2,6],"killed_by":"Gremlin Nob","ascension_level":3}}