{"host":"9tei3k72ipos80hh","time":1613462030,"event":{"mods":["BaseMod","Colored Map","Conspire","Downfall","Googly Eyes","Halation","Hubris","Minty Spire (QoL Compilation)","Relic Sorter","Replay The Spire","Shop Mod","StSLib"],"gold_per_floor":[14,14,38,86,86,86,99,99,169,169,189,189,220,23,23,147,147,166,184,109,129,129,129],"floor_reached":22,"language":"ENG","playtime":1214,"items_purged":["Strike_B"],"score":212,"play_id":"6a17e279-4344-4f59-90e4-a6be3e1bd02e","local_time":"20210216025350","is_ascension_mode":true,"campfire_choices":[{"floor":6,"key":"REST"},{"data":"Ball Lightning","floor":8,"key":"SMITH"},{"data":"ReplayTheSpireMod:Calculation Training","floor":12,"key":"SMITH"},{"floor":15,"key":"REST"}],"circlet_count":0,"master_deck":["Strike_B","Strike_B","Defend_B","Defend_B","Defend_B","Defend_B","Zap","Dualcast","Amplify","ReplayTheSpireMod:Calculation Training+1","FIFO Queue","Ball Lightning+1","Stack+1","hubris:DoWhile+1","ReplayTheSpireMod:Calculation Training+1","Conserve Battery+1","Leap+1","Consume+1"],"relics":["Cracked Core","Golden Idol","hubris:DisguiseKit","Toxic Egg 2","Garlic","DollysMirror","conspire:SeveredTorchhead"],"acts_visited":["Exordium","TheCity"],"potions_floor_usage":[13,16,16,21],"damage_taken":[{"damage":2,"enemies":"2 Louse","floor":1,"turns":2},{"damage":7,"enemies":"Jaw Worm","floor":3,"turns":3},{"damage":0,"enemies":"conspire:RoseBush","floor":7,"turns":3},{"damage":14,"enemies":"Blue Slaver","floor":11,"turns":5},{"damage":7,"enemies":"3 Sentries","floor":13,"turns":6},{"damage":28,"enemies":"Hexaghost","floor":16,"turns":9},{"damage":8,"enemies":"3 Byrds","floor":18,"turns":5},{"damage":6,"enemies":"Chosen","floor":19,"turns":4},{"damage":50,"enemies":"Snecko","floor":21,"turns":5},{"damage":12,"enemies":"Snake Plant","floor":22,"turns":3}],"seed_played":"2307291409325174212","potions_obtained":[{"floor":1,"key":"EssenceOfSteel"},{"floor":4,"key":"Block Potion"},{"floor":4,"key":"bronze:BurnAndBuffPotion"},{"floor":4,"key":"DistilledChaos"},{"floor":13,"key":"ColorlessPotion"},{"floor":18,"key":"SteroidPotion"},{"floor":19,"key":"FocusPotion"}],"is_trial":false,"path_per_floor":["M","?","M","?","?","R","M","R","T","T","M","R","E","$","R","B",null,"M","M","$","M","M"],"character_chosen":"DEFECT","items_purchased":["DollysMirror","Conserve Battery+1"],"campfire_rested":2,"item_purchase_floors":[14,14],"current_hp_per_floor":[73,55,48,48,48,70,70,70,70,70,56,56,49,49,71,43,75,67,61,61,11,0,0],"gold":129,"neow_bonus":"THREE_RARE_CARDS","is_daily":false,"chose_seed":false,"campfire_upgraded":2,"win_rate":0.0,"timestamp":1613462030,"path_taken":["M","?","M","?","?","R","M","R","T","?","M","R","E","$","R","BOSS","M","M","$","M","M"],"items_purchased_type":["Relic","Card"],"build_version":"2020-12-22","purchased_purges":1,"victory":false,"max_hp_per_floor":[75,75,75,75,75,75,75,75,75,75,75,75,75,75,75,75,75,75,75,75,75,75,75],"card_choices":[{"not_picked":["Core Surge","Rainbow"],"picked":"Amplify","floor":0},{"not_picked":["BootSequence","Streamline"],"picked":"ReplayTheSpireMod:Calculation Training","floor":1},{"not_picked":["Go for the Eyes","Panic Button"],"picked":"FIFO Queue","floor":3},{"not_picked":["Beam Cell","Conserve Battery"],"picked":"Ball Lightning","floor":7},{"not_picked":["Turbo+1","BasicCrystalCard+1","Bane"],"picked":"Stack+1","floor":11},{"not_picked":["Turbo+1","Ball Lightning","hubris:SlightOfHand"],"picked":"hubris:DoWhile+1","floor":13},{"not_picked":["Redo+1","Rebound","Blade Dance"],"picked":"Leap+1","floor":18},{"not_picked":["Ball Lightning","Hologram+1","Cloak And Dagger"],"picked":"Consume+1","floor":19},{"not_picked":["Static Discharge+1","Cold Snap","Redo+1","Hidden Blade"],"picked":"SKIP","floor":21}],"player_experience":444580,"relics_obtained":[{"floor":9,"key":"hubris:DisguiseKit"},{"floor":10,"key":"Toxic Egg 2"},{"floor":13,"key":"Garlic"}],"event_choices":[{"damage_healed":0,"gold_gain":0,"player_choice":"Take Damage","damage_taken":18,"relics_obtained":["Golden Idol"],"max_hp_gain":0,"max_hp_loss":0,"event_name":"Golden Idol","floor":2,"gold_loss":0}],"is_beta":false,"boss_relics":[{"not_picked":["Snecko Eye","halation:Prosthetics"],"picked":"conspire:SeveredTorchhead"}],"items_purged_floors":[20],"is_endless":false,"potions_floor_spawned":[1,11,13,18,19],"killed_by":"Snake Plant","ascension_level":3}}