{"host":"373g0ui1bgeshz9m","time":1613516200,"event":{"mods":["Act Like it!","Aspiration","BaseMod","Beaked The Cultist","Better Third Choice","Colored Map","Conspire","Downfall","Halation","Hermit","Hubris","Infinite Spire","Jorbs\u0027s Wanderer Trilogy","Minty Spire (QoL Compilation)","Pale of the Ancients","Permanent Neow","Quick Restart","Replay The Spire","Shade Mod","Shop Mod","Spikes Relics","StSLib","The Animator","The Bladedancer","The Bug Knight","The Construct","The Cursed","The Florist","The Jungle","The Necromancer","The Sage","The Wild Card","Trackpad"],"gold_per_floor":[112,112,37,37,37,112,112,144,144,175,175,202,202,233,253,288,288,391,391,409,389,404,336,352,402,402,59,84,97,111,144,144,158,158,158,158],"floor_reached":35,"language":"ENG","playtime":1915,"items_purged":["Strike_W","Strike_W"],"score":403,"play_id":"ecea0ee4-8e39-4114-8d77-58e3bf919cab","local_time":"20210216175640","is_ascension_mode":true,"campfire_choices":[{"data":"Negative_Energy_Arrows","floor":9,"key":"SMITH"},{"floor":13,"key":"REST"},{"data":"Defend_W","floor":17,"key":"PURGE"},{"data":"Summon_Death_Knight","floor":32,"key":"SMITH"},{"data":"Slay_Living","floor":34,"key":"SMITH"}],"circlet_count":0,"master_deck":["Strike_W","Defend_W","Defend_W","Defend_W","Negative_Energy_Arrows+1","Bone_Wall","Blood_Is_Power","Negative_Energy_Burst","Summon_Undead","Life_Drain","Summon_Death_Knight+1","Negative_Energy_Sphere","Spectral_Walk+1","Slay_Living+1","Hellfire","Plague_Bolt"],"relics":["Vampire_Amulet","aspiration:Nostalgia","Burning Blood","SpikesRelics:ToyHorsey","trackpad:Compendium","aspiration:FetidBarrel","Replay:Wax Seal","trackpad:Mousetrap","aspiration:Lifesprig","SpikesRelics:DaevaFist","Nilry\u0027s Codex","trackpad:CultistFigurine","MiniBlackHole","Tiny Chest"],"acts_visited":["Exordium","TheCity"],"potions_floor_usage":[8,10,22,27,35],"damage_taken":[{"damage":6.0,"enemies":"Cultist","floor":1.0,"turns":4.0},{"damage":40,"enemies":"Lagavulin","floor":8,"turns":6},{"damage":16,"enemies":"Gremlin Nob","floor":10,"turns":3},{"damage":18,"enemies":"Lagavulin","floor":12,"turns":4},{"damage":10,"enemies":"3 Sentries","floor":14,"turns":5},{"damage":2,"enemies":"Jaw Worm","floor":15,"turns":2},{"damage":19,"enemies":"Gremlin Nob","floor":16,"turns":2},{"damage":41,"enemies":"Fading Forest","floor":18,"turns":11},{"damage":15,"enemies":"Spheric Guardian","floor":20,"turns":5},{"damage":15,"enemies":"conspire:FuzzyDice","floor":22,"turns":6},{"damage":19,"enemies":"Centurion and Healer","floor":24,"turns":5},{"damage":30,"enemies":"Shelled Parasite and Fungi","floor":29,"turns":5},{"damage":6,"enemies":"conspire:HollyBat","floor":30,"turns":7},{"damage":32,"enemies":"Slavers","floor":31,"turns":4},{"damage":22,"enemies":"Snake Plant","floor":33,"turns":4},{"damage":84,"enemies":"Collector","floor":35,"turns":6}],"seed_played":"5820908067220708695","potions_obtained":[{"floor":1.0,"key":"FearPotion"},{"floor":8,"key":"AttackPotion"},{"floor":15,"key":"Dexterity Potion"},{"floor":16,"key":"Milkshake"},{"floor":21,"key":"Regen Potion"},{"floor":29,"key":"conspire:TimeTravelPotion"}],"is_trial":false,"path_per_floor":["M","T","$","PTL","PTL","?","?","E","R","E","T","E","R","E","M","E","R_BF","B",null,"M","?","M","$","M","T","?","$","T","M","M","E","R","M","R","B"],"character_chosen":"NECROMANCER","items_purchased":["Slay_Living","trackpad:CultistFigurine","Fruit Juice"],"campfire_rested":1,"item_purchase_floors":[23,27,27],"current_hp_per_floor":[75,75,75,75,75,64,64,32,32,34,34,24,46,48,54,49,49,73,75,68,68,75,75,72,72,56,61,61,51,65,45,45,43,43,0,0],"gold":158,"neow_bonus":"NOSTALGIA","is_daily":false,"chose_seed":false,"campfire_upgraded":3,"win_rate":0.0,"timestamp":1613516200,"path_taken":["M","?","?","PTL","PTL","?","?","E","R","E","T","E","R","E","?","E","R_BF","BOSS","M","?","M","?","?","?","?","$","T","M","M","E","R","M","R","BOSS"],"items_purchased_type":["Card","Relic","Potion"],"build_version":"2020-12-22","purchased_purges":2,"victory":false,"max_hp_per_floor":[75,75,75,75,75,75,75,75,75,75,75,75,75,75,75,75,75,75,75,75,75,75,75,75,75,75,80,80,80,80,80,80,80,80,80,80],"card_choices":[{"not_picked":["Negative_Energy_Burst","Scare"],"picked":"Blood_Is_Power","floor":1.0},{"not_picked":["Negative_Energy_Mist","Epidemic","Bones_to_Steel"],"picked":"SKIP","floor":8},{"not_picked":["Scare","Bone_Spikes"],"picked":"Negative_Energy_Burst","floor":10},{"not_picked":["Whirlwind_of_Bones","Shade_Step","Corrupt"],"picked":"SKIP","floor":12},{"not_picked":["Scare","Death_Coil"],"picked":"Summon_Undead","floor":14},{"not_picked":["Skeleton_Dragon","Toxic_Smoke_Screen","Life_Tap"],"picked":"SKIP","floor":15},{"not_picked":["Bone_Shift","Scare"],"picked":"Life_Drain","floor":16},{"not_picked":["Blood_Magic","Summon_Vampire_Lady"],"picked":"Summon_Death_Knight","floor":18},{"not_picked":["Consume_Illness+1","Corrupt"],"picked":"Negative_Energy_Sphere","floor":20},{"not_picked":["Consume_Illness","Pandemic"],"picked":"Spectral_Walk+1","floor":22},{"not_picked":["Exploit","Death_March_Dance+1"],"picked":"Hellfire","floor":24},{"not_picked":["Consume_Illness","Death_March_Dance+1","Blood_Curse"],"picked":"SKIP","floor":29},{"not_picked":["Strike_from_Beyond+1","Flesh_Made_Foul"],"picked":"Plague_Bolt","floor":30},{"not_picked":["Negative_Energy_Mist","Blood_Whip","Death_March_Dance"],"picked":"SKIP","floor":31},{"not_picked":["Violent_Necrosis","Bones_to_Steel","Life_Drain+1"],"picked":"SKIP","floor":33}],"player_experience":355667,"relics_obtained":[{"floor":8,"key":"SpikesRelics:ToyHorsey"},{"floor":10,"key":"trackpad:Compendium"},{"floor":11,"key":"aspiration:FetidBarrel"},{"floor":12,"key":"Replay:Wax Seal"},{"floor":14,"key":"trackpad:Mousetrap"},{"floor":16,"key":"aspiration:Lifesprig"},{"floor":25,"key":"SpikesRelics:DaevaFist"},{"floor":26,"key":"Nilry\u0027s Codex"},{"floor":28,"key":"MiniBlackHole"},{"floor":31,"key":"Tiny Chest"}],"event_choices":[{"damage_healed":0.0,"max_hp_gain":0.0,"max_hp_loss":0.0,"gold_gain":75.0,"event_name":"betterThird:BetterGoop","player_choice":"Gold","floor":6.0,"gold_loss":0.0,"damage_taken":11.0},{"cards_removed":["Strike_W"],"damage_healed":0.0,"max_hp_gain":0.0,"max_hp_loss":0.0,"gold_gain":0.0,"event_name":"Purifier","player_choice":"Purged","floor":7.0,"gold_loss":0.0,"damage_taken":0.0},{"damage_healed":0,"gold_gain":0,"player_choice":"Bought 1 Potion","damage_taken":0,"max_hp_gain":0,"max_hp_loss":0,"event_name":"The Woman in Blue","floor":21,"gold_loss":0},{"damage_healed":0,"gold_gain":0,"player_choice":"Obtained Book","damage_taken":16,"max_hp_gain":0,"max_hp_loss":0,"event_name":"Cursed Tome","floor":26,"gold_loss":0}],"is_beta":false,"boss_relics":[{"not_picked":["trackpad:StolenKidneys","Coffee Dripper","sagemod:Falmels_Amulet"]}],"items_purged_floors":[3,27],"is_endless":false,"potions_floor_spawned":[1,8,15,16,29,30,31],"killed_by":"Collector","ascension_level":4}}