{"host":"y1t8p8u0dxvsm95y","time":1613504914,"event":{"mods":["BaseMod","Better Third Choice","Colored Map","Colored Powertips","Downfall","Hermit","Infinite Spire","Koishi","Marisa????????","Minty Spire (QoL Compilation)","Quick Restart","Somnambulant","StSLib","The Blackbeard","The Clintock","The Construct","The Cursed","The Disciple","The Elementalist","The Exalted","The Forsaken","The Hayseed","The Hierophant","The Judge","The Jungle","The Mystic","The Necromancer","The Problem Sleuth","The Runesmith","The Senshi","The Servant 0.9.4","The Wild Card","TheBandit"],"gold_per_floor":[110,120,133,133,2,17,17,50,50,50,61,27,52,52,52,154,154,165,191,211,211,211],"floor_reached":21,"language":"ENG","playtime":1552,"items_purged":[],"score":216,"play_id":"a81d2ad7-2215-4a27-a80a-f06262140821","local_time":"20210216144834","is_ascension_mode":false,"campfire_choices":[{"data":"LockedAstrolabe","floor":7,"key":"SMITH"},{"data":"Echoward","floor":10,"key":"SMITH"},{"data":"Pendulum","floor":15,"key":"SMITH"}],"circlet_count":0,"master_deck":["Strike_Br","Strike_Br","Strike_Br","Defend_Br","Defend_Br","Defend_Br","Defend_Br","SecondHand","PatternShift","Bandage Up","LockedScales","Parity","PrimeTime","Echoward+1","LockedAnchor","HandsUpC","LockedAstrolabe+1","Engulf","Pendulum+1","LockedMercury","ExoVibe","TheSimpletonMod:Gnats","WordoMod:Accursed","infinitespire:SevenWalls","LockedCalendar","Echoward","ExoVibe","Backlash"],"relics":["Chronometer","PreservedInsect","Potion Belt","infinitespire:Eraser","Metronome"],"acts_visited":["Exordium","TheCity"],"potions_floor_usage":[13,16,21],"damage_taken":[{"damage":6,"enemies":"Jaw Worm","floor":1,"turns":7},{"damage":2,"enemies":"Cultist","floor":2,"turns":5},{"damage":2,"enemies":"2 Louse","floor":3,"turns":4},{"damage":3,"enemies":"Red Slaver","floor":6,"turns":5},{"damage":0,"enemies":"3 Sentries","floor":8,"turns":4},{"damage":2,"enemies":"3 Louse","floor":11,"turns":5},{"damage":14,"enemies":"Gremlin Nob","floor":13,"turns":4},{"damage":4,"enemies":"Slime Boss","floor":16,"turns":11},{"damage":0,"enemies":"3 Byrds","floor":18,"turns":5},{"damage":7,"enemies":"Spheric Guardian","floor":19,"turns":6},{"damage":34,"enemies":"Snake Plant","floor":20,"turns":8},{"damage":42,"enemies":"3 Cultists","floor":21,"turns":6}],"seed_played":"-8628989897390312133","potions_obtained":[{"floor":2,"key":"hexamod:SoulburnPotion"},{"floor":3,"key":"bronze:BurnAndBuffPotion"},{"floor":8,"key":"bronze:BurnAndBuffPotion"},{"floor":11,"key":"Slimebound:ThreeZeroPotion"},{"floor":18,"key":"Explosive Potion"}],"is_trial":false,"path_per_floor":["M","M","M","?","$","M","R","E","T","R","M","$","E","?","R","B",null,"M","M","M","M"],"character_chosen":"CHRONO_CLASS","items_purchased":["Echoward","LockedAnchor","HandsUpC","LockedMercury"],"campfire_rested":0,"item_purchase_floors":[5,5,5,12],"current_hp_per_floor":[63,63,65,65,65,65,65,65,65,65,63,63,49,49,49,49,65,65,62,32,0,0],"gold":211,"neow_bonus":"RANDOM_COLORLESS","is_daily":false,"chose_seed":false,"campfire_upgraded":3,"win_rate":0.0,"timestamp":1613504914,"path_taken":["M","M","M","?","$","M","R","E","T","R","?","$","E","?","R","BOSS","M","M","M","M"],"items_purchased_type":["Card","Card","Card","Card"],"build_version":"2020-12-22","purchased_purges":0,"victory":false,"max_hp_per_floor":[65,65,65,65,65,65,65,65,65,65,65,65,65,65,65,65,65,65,65,65,65,65],"card_choices":[{"not_picked":["Blind","Good Instincts"],"picked":"Bandage Up","floor":0},{"not_picked":["CrunchTime","LockedTornado"],"picked":"LockedScales","floor":1},{"not_picked":["LockedMedicine","WatchCommand"],"picked":"Parity","floor":2},{"not_picked":["AlternateTimeline","CrunchTime"],"picked":"PrimeTime","floor":3},{"not_picked":["Echoward","LockedWarPaint"],"picked":"LockedAstrolabe","floor":6},{"not_picked":["HandsUpC","BeatsPerMinute"],"picked":"Engulf","floor":8},{"not_picked":["AlternateTimeline","BiteCommand"],"picked":"Pendulum","floor":11},{"not_picked":["LockedMawBank","Tempo"],"picked":"ExoVibe","floor":13},{"not_picked":["infinitespire:NeuralNetwork","infinitespire:Punishment"],"picked":"infinitespire:SevenWalls","floor":14},{"not_picked":["MasterKey","Chronoelasticity"],"picked":"LockedCalendar","floor":16},{"not_picked":["AlternateTimeline+1","ReapSow"],"picked":"Echoward","floor":18},{"not_picked":["BlueShift","AlternateTimeline"],"picked":"ExoVibe","floor":19},{"not_picked":["ShortSighted+1","WakeUpCall"],"picked":"Backlash","floor":20}],"player_experience":1270949,"relics_obtained":[{"floor":8,"key":"PreservedInsect"},{"floor":9,"key":"Potion Belt"},{"floor":13,"key":"infinitespire:Eraser"}],"event_choices":[{"cards_removed":["Strike_Br"],"damage_healed":0,"gold_gain":0,"player_choice":"Purged","damage_taken":0,"max_hp_gain":0,"max_hp_loss":0,"event_name":"Purifier","floor":4,"gold_loss":0}],"is_beta":false,"boss_relics":[{"not_picked":["Calling Bell","Velvet Choker"],"picked":"Metronome"}],"items_purged_floors":[],"is_endless":false,"potions_floor_spawned":[2,3,8,11,18],"killed_by":"3 Cultists","ascension_level":0}}