{"host":"k919bq8mkuzdqhzi","time":1613450758,"event":{"mods":["AchievementEnabler","BaseMod","Colored Map","Colored Powertips","DeckTracker","Minty Spire (QoL Compilation)","Relic Sorter","SuperFastMode"],"gold_per_floor":[118,68,68,68,84,84,84,84,84,99,99,139,37,62,62,188,188,188,53,53,23,23,23,23,23,23,23,23,23,23,23,23,23,23],"floor_reached":33,"language":"ENG","playtime":1940,"items_purged":["Strike_P"],"score":245,"play_id":"ab5ff49d-56f8-4a93-aa4e-9bf9a40c9f3e","local_time":"20210215234558","is_ascension_mode":false,"campfire_choices":[{"data":"Eruption","floor":6,"key":"SMITH"},{"data":"Vigilance","floor":8,"key":"SMITH"},{"data":"CutThroughFate","floor":11,"key":"SMITH"},{"floor":15,"key":"REST"},{"data":"EmptyBody","floor":23,"key":"SMITH"},{"floor":25,"key":"REST"},{"data":"CrushJoints","floor":27,"key":"SMITH"},{"data":"FlurryOfBlows","floor":29,"key":"SMITH"},{"floor":32,"key":"REST"}],"circlet_count":0,"master_deck":["Strike_P+1","Strike_P","Defend_P","Defend_P","Defend_P","Defend_P+1","Eruption+1","Vigilance+1","DeceiveReality","ClearTheMind","CutThroughFate+1","SignatureMove","Protect","ThirdEye","Judgement","CrushJoints+1","WheelKick","FollowUp","FlurryOfBlows+1","EmptyBody+1","Collect","Consecrate"],"relics":["PureWater","Golden Idol","Regal Pillow","The Courier","Ectoplasm","Orichalcum"],"acts_visited":["Exordium","TheCity"],"potions_floor_usage":[14,33,33],"damage_taken":[{"damage":0,"enemies":"Small Slimes","floor":1,"turns":3},{"damage":1,"enemies":"Jaw Worm","floor":5,"turns":6},{"damage":5,"enemies":"2 Louse","floor":10,"turns":4},{"damage":16,"enemies":"Gremlin Nob","floor":12,"turns":4},{"damage":13,"enemies":"Gremlin Gang","floor":14,"turns":4},{"damage":34,"enemies":"The Guardian","floor":16,"turns":12},{"damage":0,"enemies":"Shell Parasite","floor":18,"turns":3},{"damage":10,"enemies":"2 Thieves","floor":21,"turns":3},{"damage":23,"enemies":"Snecko","floor":22,"turns":7},{"damage":19,"enemies":"Centurion and Healer","floor":24,"turns":5},{"damage":22,"enemies":"Snake Plant","floor":30,"turns":3},{"damage":0,"enemies":"Sentry and Sphere","floor":31,"turns":2},{"damage":99,"enemies":"Collector","floor":33,"turns":13}],"seed_played":"6795574229526513979","potions_obtained":[{"floor":1,"key":"BlessingOfTheForge"},{"floor":5,"key":"DuplicationPotion"},{"floor":12,"key":"SpeedPotion"},{"floor":18,"key":"Swift Potion"},{"floor":24,"key":"DistilledChaos"}],"is_trial":false,"path_per_floor":["M","?","?","?","M","R","?","R","T","M","R","E","$","M","R","B",null,"M","$","?","M","M","R","M","R","T","R","$","R","M","M","R","B"],"character_chosen":"WATCHER","items_purchased":["Protect","WheelKick","FollowUp","FlurryOfBlows"],"campfire_rested":3,"item_purchase_floors":[13,19,19,19],"current_hp_per_floor":[79,79,84,84,83,83,66,66,66,61,61,45,45,32,72,38,84,84,84,84,74,51,51,32,72,72,72,72,72,50,50,84,0,0],"gold":23,"neow_bonus":"TEN_PERCENT_HP_BONUS","is_daily":false,"chose_seed":false,"campfire_upgraded":6,"win_rate":0.0,"timestamp":1613450758,"path_taken":["M","?","?","?","M","R","?","R","T","M","R","E","$","M","R","BOSS","M","$","?","M","?","R","M","R","T","R","?","R","M","M","R","BOSS"],"items_purchased_type":["Card","Card","Card","Card"],"build_version":"2020-12-22","purchased_purges":1,"victory":false,"max_hp_per_floor":[79,79,84,84,84,84,84,84,84,84,84,84,84,84,84,84,84,84,84,84,84,84,84,84,84,84,84,84,84,84,84,84,84,84],"card_choices":[{"not_picked":["JustLucky","WheelKick"],"picked":"DeceiveReality","floor":1},{"not_picked":["Halt","Perseverance"],"picked":"ClearTheMind","floor":5},{"not_picked":["SandsOfTime","CrushJoints"],"picked":"CutThroughFate","floor":10},{"not_picked":["JustLucky","Conclude"],"picked":"SignatureMove","floor":12},{"not_picked":["EmptyFist","Vengeance"],"picked":"ThirdEye","floor":14},{"not_picked":["Establishment","Brilliance"],"picked":"Judgement","floor":16},{"not_picked":["WaveOfTheHand","BowlingBash+1"],"picked":"CrushJoints","floor":18},{"not_picked":["SandsOfTime+1","Nirvana+1"],"picked":"EmptyBody","floor":21},{"not_picked":["EmptyBody","CutThroughFate+1","BowlingBash"],"picked":"SKIP","floor":22},{"not_picked":["CrushJoints","Worship"],"picked":"Collect","floor":24},{"not_picked":["Vengeance","CrushJoints"],"picked":"Consecrate","floor":30},{"not_picked":["CutThroughFate","Conclude","Protect"],"picked":"SKIP","floor":31}],"player_experience":154337,"relics_obtained":[{"floor":9,"key":"Regal Pillow"},{"floor":12,"key":"The Courier"},{"floor":26,"key":"Orichalcum"}],"event_choices":[{"cards_removed":["Strike_P"],"damage_healed":0,"gold_gain":0,"player_choice":"Card Removal","damage_taken":0,"max_hp_gain":0,"max_hp_loss":0,"event_name":"The Cleric","floor":2,"gold_loss":50},{"damage_healed":0,"gold_gain":0,"player_choice":"Donut","damage_taken":0,"max_hp_gain":5,"max_hp_loss":0,"event_name":"Big Fish","floor":3,"gold_loss":0},{"damage_healed":0,"gold_gain":0,"player_choice":"Take Wound","damage_taken":0,"relics_obtained":["Golden Idol"],"max_hp_gain":0,"max_hp_loss":0,"event_name":"Golden Idol","floor":4,"gold_loss":0,"cards_obtained":["Injury"]},{"damage_healed":0,"gold_gain":0,"player_choice":"Entered Light","damage_taken":17,"max_hp_gain":0,"max_hp_loss":0,"event_name":"Shining Light","floor":7,"gold_loss":0,"cards_upgraded":["Defend_P","Strike_P"]},{"cards_removed":["Injury"],"damage_healed":0,"gold_gain":0,"player_choice":"Purged","damage_taken":0,"max_hp_gain":0,"max_hp_loss":0,"event_name":"Purifier","floor":20,"gold_loss":0}],"is_beta":false,"boss_relics":[{"not_picked":["SacredBark","Tiny House"],"picked":"Ectoplasm"}],"items_purged_floors":[13],"is_endless":false,"potions_floor_spawned":[1,5,12,18,22,24],"killed_by":"Collector","ascension_level":0}}