{"host":"c97twqu0op5dg8i4","time":1613447936,"event":{"mods":["AchievementEnabler","BaseMod","Colored Map","Minty Spire (QoL Compilation)","Permanent Neow"],"gold_per_floor":[115,125,125,125,142,173,173,183,261,261,261,66,66,78,78,178,178,178,178],"floor_reached":18,"language":"ENG","playtime":401,"items_purged":[],"score":256,"play_id":"9243ac84-98f4-481e-b06c-50d9922f8620","local_time":"20210215225856","is_ascension_mode":true,"campfire_choices":[{"floor":7.0,"key":"DIG"},{"floor":10.0,"key":"REST"},{"floor":15.0,"key":"REST"}],"circlet_count":0,"master_deck":["AscendersBane","Strike_B","Strike_B","Defend_B+1","Defend_B","Defend_B","Defend_B","Zap","Dualcast","Conserve Battery","Melter","Coolheaded+1","Static Discharge","Core Surge"],"relics":["Velvet Choker","CultistMask","Shovel","Anchor","Letter Opener","Vajra","Strawberry","Empty Cage"],"acts_visited":["Exordium","TheCity"],"potions_floor_usage":[],"damage_taken":[{"damage":5.0,"enemies":"2 Louse","floor":1.0,"turns":3.0},{"damage":0.0,"enemies":"Small Slimes","floor":2.0,"turns":3.0},{"damage":0.0,"enemies":"Cultist","floor":5.0,"turns":3.0},{"damage":51.0,"enemies":"Gremlin Nob","floor":6.0,"turns":5.0},{"damage":1.0,"enemies":"2 Fungi Beasts","floor":8.0,"turns":4.0},{"damage":4.0,"enemies":"Large Slime","floor":14.0,"turns":6.0},{"damage":24.0,"enemies":"The Guardian","floor":16.0,"turns":12.0},{"damage":0,"enemies":"3 Byrds","floor":18,"turns":1}],"seed_played":"-791851541015090085","potions_obtained":[{"floor":5.0,"key":"LiquidMemories"},{"floor":6.0,"key":"FairyPotion"}],"is_trial":false,"path_per_floor":["M","M","?","?","M","E","R","M","T","R","?","$","?","M","R","B",null,"M"],"character_chosen":"DEFECT","items_purchased":["Strawberry","Static Discharge"],"campfire_rested":2,"item_purchase_floors":[12,12],"current_hp_per_floor":[63,63,63,63,63,12,12,11,11,33,21,28,12,8,32,8,64,64,64],"gold":178,"neow_bonus":"BOSS_RELIC","is_daily":false,"chose_seed":false,"campfire_upgraded":0,"win_rate":0.0,"timestamp":1613447936,"path_taken":["M","M","?","?","?","E","R","M","T","R","?","$","?","M","R","BOSS","M"],"items_purchased_type":["Relic","Card"],"build_version":"2020-12-22","purchased_purges":0,"victory":false,"max_hp_per_floor":[75,75,75,75,75,75,75,75,75,75,75,82,82,82,82,82,82,82,82],"card_choices":[{"not_picked":["Aggregate","Force Field"],"picked":"Conserve Battery","floor":1.0},{"not_picked":["Stack","Heatsinks"],"picked":"Melter","floor":2.0},{"not_picked":["Force Field","Rebound","Compile Driver"],"picked":"SKIP","floor":5.0},{"not_picked":["Beam Cell","Tempest"],"picked":"Coolheaded","floor":6.0},{"not_picked":["Streamline","Heatsinks","Steam"],"picked":"SKIP","floor":8.0},{"not_picked":["Melter","Beam Cell","Stack"],"picked":"SKIP","floor":14.0},{"not_picked":["Amplify","All For One"],"picked":"Core Surge","floor":16.0}],"player_experience":413504,"relics_obtained":[{"floor":6.0,"key":"Shovel"},{"floor":7.0,"key":"Anchor"},{"floor":9.0,"key":"Letter Opener"}],"event_choices":[{"damage_healed":0.0,"max_hp_gain":0.0,"max_hp_loss":0.0,"gold_gain":0.0,"event_name":"The Cleric","player_choice":"Leave","floor":3.0,"gold_loss":0.0,"damage_taken":0.0},{"damage_healed":0.0,"max_hp_gain":0.0,"max_hp_loss":0.0,"gold_gain":0.0,"event_name":"FaceTrader","player_choice":"Trade","floor":4.0,"gold_loss":0.0,"damage_taken":0.0,"relics_obtained":["CultistMask"]},{"damage_healed":0.0,"max_hp_gain":0.0,"max_hp_loss":0.0,"gold_gain":0.0,"event_name":"Scrap Ooze","player_choice":"Success","floor":11.0,"gold_loss":0.0,"damage_taken":12.0,"relics_obtained":["Vajra"]},{"damage_healed":0.0,"max_hp_gain":0.0,"max_hp_loss":0.0,"gold_gain":0.0,"event_name":"Shining Light","player_choice":"Entered Light","floor":13.0,"gold_loss":0.0,"damage_taken":16.0,"cards_upgraded":["Defend_B","Coolheaded"]}],"is_beta":false,"boss_relics":[{"not_picked":["Busted Crown","SlaversCollar"],"picked":"Empty Cage"}],"items_purged_floors":[],"is_endless":false,"potions_floor_spawned":[5,6],"killed_by":"3 Byrds","ascension_level":12}}