{"host":"vhifjdba66khcqwn","time":1613515974,"event":{"mods":["AchievementEnabler","BaseMod","Bestiary","Energized Spire","Minty Spire (QoL Compilation)","Practice Mode","Relic Stats","Spicy Shops","StSLib","slay the spire mod where everything is the same but ironclad has a cowboy hat"],"gold_per_floor":[216,227,184,202,202,202,202,234,251,276,288,288,305,305,254,254,2,18,18,92,92,92,163,163,177,192,203,220,220,134,468,468,496,546,598,598,598,625,625,625,635,635,635,635],"floor_reached":43,"language":"ENG","playtime":1463,"items_purged":["Pain"],"score":894,"play_id":"28d57aa3-9847-4ace-a190-f4c32ae4e23a","local_time":"20210216145254","is_ascension_mode":true,"campfire_choices":[{"data":"Bash","floor":7.0,"key":"SMITH"},{"data":"Armaments","floor":14.0,"key":"SMITH"},{"floor":19.0,"key":"REST"},{"data":"Shockwave","floor":22.0,"key":"SMITH"},{"data":"Rupture","floor":32.0,"key":"SMITH"},{"data":"True Grit","floor":37.0,"key":"SMITH"},{"data":"Impervious","floor":40.0,"key":"SMITH"},{"data":"Metallicize","floor":42.0,"key":"SMITH"}],"circlet_count":0,"master_deck":["AscendersBane","Strike_R","Defend_R","Defend_R","Defend_R","Defend_R","Bash+1","Hemokinesis+1","Shockwave+1","Sword Boomerang+1","Power Through","Fiend Fire","Rupture","Power Through","Heavy Blade","Armaments+1","Ghostly Armor","Spot Weakness","Immolate+1","Disarm","Shrug It Off","Reaper+1","Impervious+1","Sentinel+1","Whirlwind+1","Wild Strike+1","Cleave+1","Metallicize+1","Searing Blow+1","Rupture+1","True Grit+1","Parasite","Normality","Spot Weakness","Fire Breathing+1"],"relics":["Burning Blood","Bird Faced Urn","Eternal Feather","Molten Egg 2","Orrery","Cursed Key","Astrolabe","Juzu Bracelet","Old Coin","Paper Frog","Whetstone","Shuriken","Bottled Flame"],"acts_visited":["Exordium","TheCity"],"potions_floor_usage":[],"damage_taken":[{"damage":7.0,"enemies":"2 Louse","floor":1.0,"turns":3.0},{"damage":2.0,"enemies":"Small Slimes","floor":2.0,"turns":2.0},{"damage":2.0,"enemies":"Cultist","floor":4.0,"turns":3.0},{"damage":53.0,"enemies":"Lagavulin","floor":8.0,"turns":6.0},{"damage":8.0,"enemies":"Red Slaver","floor":9.0,"turns":3.0},{"damage":15.0,"enemies":"Gremlin Nob","floor":10.0,"turns":4.0},{"damage":18.0,"enemies":"Exordium Wildlife","floor":11.0,"turns":3.0},{"damage":15.0,"enemies":"Gremlin Gang","floor":13.0,"turns":5.0},{"damage":13.0,"enemies":"Large Slime","floor":18.0,"turns":3.0},{"damage":24.0,"enemies":"The Guardian","floor":20.0,"turns":10.0},{"damage":15.0,"enemies":"The Guardian","floor":23.0,"turns":10.0},{"damage":17.0,"enemies":"2 Thieves","floor":25.0,"turns":3.0},{"damage":32.0,"enemies":"Spheric Guardian","floor":26.0,"turns":5.0},{"damage":21.0,"enemies":"Snake Plant","floor":27.0,"turns":5.0},{"damage":24.0,"enemies":"Shelled Parasite and Fungi","floor":28.0,"turns":8.0},{"damage":42.0,"enemies":"Slavers","floor":31.0,"turns":5.0},{"damage":57.0,"enemies":"Gremlin Leader","floor":33.0,"turns":10.0},{"damage":26.0,"enemies":"Slavers","floor":38.0,"turns":3.0},{"damage":21.0,"enemies":"Snecko","floor":41.0,"turns":5.0},{"damage":79,"enemies":"Automaton","floor":43,"turns":6}],"seed_played":"2445364187043631521","potions_obtained":[{"floor":1.0,"key":"Strength Potion"},{"floor":2.0,"key":"BloodPotion"},{"floor":10.0,"key":"AttackPotion"},{"floor":11.0,"key":"Energy Potion"},{"floor":20.0,"key":"BloodPotion"},{"floor":33.0,"key":"Ancient Potion"}],"is_trial":false,"path_per_floor":["M","M","$","M","?","?","R","E","M","E","M","T","M","R","$","?","$","M","R","B",null,"R","B",null,"M","M","M","M","?","$","E","R","E","?","T","T","R","E","?","R","M","R","B"],"character_chosen":"IRONCLAD","items_purchased":["Sword Boomerang","Ghostly Armor","Spot Weakness","Orrery","Juzu Bracelet"],"campfire_rested":1,"item_purchase_floors":[3,15,17,17,30],"current_hp_per_floor":[67,71,71,75,75,75,75,28,26,34,24,24,17,29,29,29,29,22,56,40,40,55,72,74,63,47,43,42,42,42,48,66,35,35,35,35,53,35,35,53,40,61,0,0],"gold":635,"neow_bonus":"HUNDRED_GOLD","is_daily":false,"chose_seed":false,"campfire_upgraded":7,"win_rate":0.0,"timestamp":1613515974,"path_taken":["M","M","$","M","?","?","R","E","M","E","?","T","M","R","?","?","$","M","R","BOSS","R","BOSS","M","M","?","M","?","$","E","R","E","?","T","T","R","E","?","R","M","R","BOSS"],"items_purchased_type":["Card","Card","Card","Relic","Relic"],"build_version":"2020-12-22","purchased_purges":1,"victory":false,"max_hp_per_floor":[75,75,75,75,75,75,75,75,75,75,75,75,75,75,75,75,75,75,75,75,75,75,75,75,75,75,75,75,75,75,75,75,75,75,75,75,75,75,75,75,75,75,75,75],"relic_stats":{"counters":[20,102],"Shuriken":[0],"Bird Faced Urn":[34],"Astrolabe":["Warcry","Sentinel","Clash"],"Eternal Feather":114,"Juzu Bracelet":0,"Whetstone":["Hemokinesis","Sword Boomerang"],"Cursed Key":2,"obtain_stats":[{"Astrolabe":24,"Eternal Feather":10,"Juzu Bracelet":30,"Whetstone":35,"Cursed Key":21,"Burning Blood":0,"Old Coin":31,"Bottled Flame":38,"Shuriken":36,"Bird Faced Urn":8,"Orrery":17,"Molten Egg 2":12,"Paper Frog":33},{"Astrolabe":11,"Eternal Feather":6,"Juzu Bracelet":15,"Whetstone":17,"Cursed Key":10,"Burning Blood":0,"Old Coin":16,"Bottled Flame":18,"Shuriken":17,"Bird Faced Urn":4,"Orrery":8,"Molten Egg 2":7,"Paper Frog":17},{"Astrolabe":52,"Eternal Feather":21,"Juzu Bracelet":73,"Whetstone":88,"Cursed Key":42,"Burning Blood":0,"Old Coin":78,"Bottled Flame":91,"Shuriken":88,"Bird Faced Urn":14,"Orrery":29,"Molten Egg 2":24,"Paper Frog":88}],"Burning Blood":114},"card_choices":[{"not_picked":["Sentinel","Havoc"],"picked":"Hemokinesis","floor":1.0},{"not_picked":["Cleave","Headbutt"],"picked":"Shockwave","floor":2.0},{"not_picked":["Hemokinesis","Armaments"],"picked":"Power Through","floor":4.0},{"not_picked":["True Grit","Seeing Red"],"picked":"Rupture","floor":8.0},{"not_picked":["Infernal Blade","Searing Blow","Evolve"],"picked":"SKIP","floor":9.0},{"not_picked":["Body Slam","Sever Soul"],"picked":"Power Through","floor":10.0},{"not_picked":["Armaments","Sword Boomerang"],"picked":"Heavy Blade","floor":11.0},{"not_picked":["Perfected Strike+1","Rupture"],"picked":"Armaments","floor":13.0},{"not_picked":["Battle Trance","Rage"],"picked":"Immolate+1","floor":17.0},{"not_picked":["Metallicize","True Grit"],"picked":"Disarm","floor":17.0},{"not_picked":["Intimidate","Anger+1"],"picked":"Shrug It Off","floor":18.0},{"not_picked":["Juggernaut","Barricade"],"picked":"Reaper+1","floor":20.0},{"not_picked":["Bludgeon+1","Feed+1"],"picked":"Impervious","floor":23.0},{"not_picked":["Clash+1","Carnage+1","Sword Boomerang+1"],"picked":"SKIP","floor":25.0},{"not_picked":["Second Wind","Dropkick+1"],"picked":"Whirlwind+1","floor":26.0},{"not_picked":["Iron Wave+1","Havoc"],"picked":"Wild Strike+1","floor":27.0},{"not_picked":["Iron Wave+1","Pommel Strike+1"],"picked":"Cleave+1","floor":28.0},{"not_picked":["Perfected Strike+1","Combust+1"],"picked":"Rupture","floor":31.0},{"not_picked":["Clash+1","Carnage+1"],"picked":"True Grit","floor":33.0},{"not_picked":["Thunderclap+1","Rage"],"picked":"Spot Weakness","floor":38.0},{"not_picked":["Thunderclap+1","Rampage+1"],"picked":"Fire Breathing+1","floor":41.0}],"player_experience":1184120,"relics_obtained":[{"floor":8.0,"key":"Bird Faced Urn"},{"floor":10.0,"key":"Eternal Feather"},{"floor":12.0,"key":"Molten Egg 2"},{"floor":31.0,"key":"Old Coin"},{"floor":33.0,"key":"Paper Frog"},{"floor":35.0,"key":"Whetstone"},{"floor":36.0,"key":"Shuriken"},{"floor":38.0,"key":"Bottled Flame"}],"event_choices":[{"damage_healed":0.0,"max_hp_gain":0.0,"max_hp_loss":0.0,"gold_gain":0.0,"event_name":"Shining Light","player_choice":"Ignored","floor":5.0,"gold_loss":0.0,"damage_taken":0.0},{"damage_healed":0.0,"max_hp_gain":0.0,"max_hp_loss":0.0,"gold_gain":0.0,"event_name":"Match and Keep!","player_choice":"1 cards matched","floor":6.0,"gold_loss":0.0,"damage_taken":0.0,"cards_obtained":["Fiend Fire"]},{"cards_removed":["Strike_R"],"damage_healed":0.0,"max_hp_gain":0.0,"max_hp_loss":0.0,"gold_gain":0.0,"event_name":"Purifier","player_choice":"Purged","floor":16.0,"gold_loss":0.0,"damage_taken":0.0},{"damage_healed":0.0,"max_hp_gain":0.0,"max_hp_loss":0.0,"gold_gain":0.0,"cards_transformed":["Warcry","Clash"],"event_name":"Drug Dealer","player_choice":"Became Test Subject","floor":29.0,"gold_loss":0.0,"damage_taken":0.0,"cards_obtained":["Metallicize","Searing Blow"]},{"damage_healed":0.0,"max_hp_gain":0.0,"max_hp_loss":0.0,"gold_gain":50.0,"event_name":"Nest","player_choice":"Stole From Cult","floor":34.0,"gold_loss":0.0,"damage_taken":0.0},{"damage_healed":0.0,"max_hp_gain":0.0,"max_hp_loss":0.0,"gold_gain":0.0,"event_name":"Ghosts","player_choice":"Ignored","floor":39.0,"gold_loss":0.0,"damage_taken":0.0}],"is_beta":false,"boss_relics":[{"not_picked":["Ectoplasm","energizedSpire:EnergizedDie"],"picked":"Cursed Key"},{"not_picked":["Pandora\u0027s Box","energizedSpire:DeadBattery"],"picked":"Astrolabe"}],"items_purged_floors":[17],"is_endless":false,"potions_floor_spawned":[1,2,10,11,20,23,27,33],"killed_by":"Automaton","ascension_level":16}}