{"host":"8anmd7ibyxevnonj","time":1613482044,"event":{"mods":["BaseMod","Curses Come First","Minty Spire (QoL Compilation)","Reliquary","StSLib"],"gold_per_floor":[115,129,145,145,162,191,191,210,210,226,240,265,265,285,285,383,383,403,418,418,430,430,430,449,484,510,528,541,541,561,95,95,194,194,209,15,68,68,80,110,122,142,142,169,181,10,40,51,51,51],"floor_reached":51,"language":"ENG","playtime":2849,"items_purged":[],"score":752,"play_id":"8be85a6b-212d-4784-b95c-1bde9a2413f0","local_time":"20210216142724","is_ascension_mode":false,"campfire_choices":[{"data":"Envenom","floor":7,"key":"SMITH"},{"data":"Crippling Poison","floor":13,"key":"SMITH"},{"floor":15,"key":"REST"},{"data":"Terror","floor":23,"key":"SMITH"},{"data":"After Image","floor":32,"key":"SMITH"},{"data":"Infinite Blades","floor":45,"key":"SMITH"},{"data":"Noxious Fumes","floor":49,"key":"SMITH"}],"circlet_count":0,"master_deck":["Defend_G","Defend_G","Defend_G","Defend_G","Defend_G","Survivor","Neutralize","Dagger Spray","Poisoned Stab","Envenom+1","Backstab","Envenom+1","Leg Sweep","Poisoned Stab","Crippling Poison+1","Poisoned Stab","Terror+1","After Image+1","Dagger Throw+1","Dagger Throw+1","Caltrops","Bouncing Flask","Bite","Bite","Bite","Bite","Bite","Deflect","Backstab+1","Footwork+1","Dodge and Roll","Flying Knee","Infinite Blades+1","Adrenaline","PiercingWail+1","Blade Dance","Footwork","Envenom","Dagger Spray+1","Outmaneuver+1","Backstab+1","Noxious Fumes+1","Blade Dance","Phantasmal Killer"],"relics":["Ring of the Snake","NeowsBlessing","Potion Belt","reliquary:PrincelyHelmet","reliquary:Boomerang","WristBlade","Red Mask","Anchor","MutagenicStrength","Kunai","reliquary:SilkGlove","Coffee Dripper","TwistedFunnel","Calipers","Bird Faced Urn","MawBank","OrangePellets","Meat on the Bone"],"acts_visited":["Exordium","TheCity","TheBeyond"],"potions_floor_usage":[10,14,18,25,25,28,33,41,47,50],"damage_taken":[{"damage":0,"enemies":"Jaw Worm","floor":1,"turns":1},{"damage":0,"enemies":"Cultist","floor":2,"turns":1},{"damage":0,"enemies":"2 Louse","floor":3,"turns":1},{"damage":8,"enemies":"Blue Slaver","floor":5,"turns":3},{"damage":11,"enemies":"3 Sentries","floor":6,"turns":8},{"damage":7,"enemies":"3 Louse","floor":8,"turns":3},{"damage":0,"enemies":"Large Slime","floor":10,"turns":6},{"damage":2,"enemies":"Blue Slaver","floor":11,"turns":4},{"damage":14,"enemies":"Gremlin Nob","floor":12,"turns":4},{"damage":2,"enemies":"Exordium Thugs","floor":14,"turns":3},{"damage":15,"enemies":"Hexaghost","floor":16,"turns":7},{"damage":2,"enemies":"Shell Parasite","floor":18,"turns":7},{"damage":11,"enemies":"Spheric Guardian","floor":19,"turns":5},{"damage":11,"enemies":"Snake Plant","floor":21,"turns":5},{"damage":17,"enemies":"Centurion and Healer","floor":24,"turns":6},{"damage":21,"enemies":"Masked Bandits","floor":25,"turns":4},{"damage":4,"enemies":"Shelled Parasite and Fungi","floor":27,"turns":3},{"damage":0,"enemies":"Snake Plant","floor":28,"turns":3},{"damage":0,"enemies":"Cultist and Chosen","floor":30,"turns":5},{"damage":41,"enemies":"Automaton","floor":33,"turns":11},{"damage":17,"enemies":"3 Darklings","floor":35,"turns":6},{"damage":11,"enemies":"2 Orb Walkers","floor":37,"turns":5},{"damage":0,"enemies":"3 Shapes","floor":39,"turns":4},{"damage":3,"enemies":"Reptomancer","floor":40,"turns":6},{"damage":0,"enemies":"Maw","floor":41,"turns":6},{"damage":0,"enemies":"Jaw Worm Horde","floor":42,"turns":2},{"damage":18,"enemies":"Spire Growth","floor":44,"turns":4},{"damage":18,"enemies":"Giant Head","floor":47,"turns":7},{"damage":0,"enemies":"3 Darklings","floor":48,"turns":3},{"damage":49,"enemies":"Time Eater","floor":50,"turns":11}],"seed_played":"302920232359150871","potions_obtained":[{"floor":2,"key":"LiquidMemories"},{"floor":3,"key":"Block Potion"},{"floor":8,"key":"Energy Potion"},{"floor":11,"key":"ColorlessPotion"},{"floor":16,"key":"AttackPotion"},{"floor":19,"key":"Fire Potion"},{"floor":21,"key":"ColorlessPotion"},{"floor":24,"key":"GhostInAJar"},{"floor":25,"key":"Block Potion"},{"floor":28,"key":"CunningPotion"},{"floor":40,"key":"Swift Potion"},{"floor":41,"key":"Dexterity Potion"},{"floor":44,"key":"DistilledChaos"},{"floor":47,"key":"BlessingOfTheForge"}],"is_trial":false,"path_per_floor":["M","M","M","?","M","E","R","M","T","M","M","E","R","M","R","B",null,"M","M","?","M","?","R","M","?","T","M","M","?","M","$","R","B",null,"M","$","?","?","M","E","M","M","T","M","R","$","E","M","R","B",null],"character_chosen":"THE_SILENT","items_purchased":["Kunai","Infinite Blades","reliquary:SilkGlove","TwistedFunnel","Blade Dance","Noxious Fumes","OrangePellets"],"campfire_rested":1,"item_purchase_floors":[31,31,31,36,36,46,46],"current_hp_per_floor":[70,70,70,70,62,51,51,44,44,44,42,28,28,26,47,32,70,68,57,57,46,46,46,37,30,30,36,42,42,49,49,49,22,49,34,34,29,49,49,48,49,49,49,35,35,35,33,43,43,26],"gold":51,"neow_bonus":"THREE_ENEMY_KILL","is_daily":false,"chose_seed":false,"campfire_upgraded":6,"win_rate":0.0,"timestamp":1613482044,"path_taken":["M","M","M","?","M","E","R","?","T","M","M","E","R","?","R","BOSS","M","M","?","M","?","R","M","?","T","M","M","?","?","?","R","BOSS","M","$","?","?","M","E","M","M","T","?","R","$","E","M","R","BOSS"],"items_purchased_type":["Relic","Card","Relic","Relic","Card","Card","Relic"],"build_version":"2020-12-13","purchased_purges":0,"victory":true,"max_hp_per_floor":[70,70,70,70,70,70,70,70,70,70,70,70,70,70,70,70,70,70,70,70,70,49,49,49,49,49,49,49,49,49,49,49,49,49,49,49,49,49,49,49,49,49,49,49,49,49,49,49,49,49],"card_choices":[{"not_picked":["Acrobatics","PiercingWail"],"picked":"Dagger Spray","floor":1},{"not_picked":["Dagger Spray","Blur"],"picked":"Poisoned Stab","floor":2},{"not_picked":["Endless Agony","Sucker Punch"],"picked":"Envenom","floor":3},{"not_picked":["Skewer","Deadly Poison"],"picked":"Backstab","floor":5},{"not_picked":["Dagger Throw","Slice"],"picked":"Envenom","floor":6},{"not_picked":["Finisher","Underhanded Strike"],"picked":"Leg Sweep","floor":8},{"not_picked":["Flechettes","Prepared"],"picked":"Poisoned Stab","floor":10},{"not_picked":["Dash","PiercingWail"],"picked":"Crippling Poison","floor":11},{"not_picked":["Wraith Form v2","Outmaneuver"],"picked":"Poisoned Stab","floor":12},{"not_picked":["Leg Sweep","Acrobatics"],"picked":"Terror","floor":14},{"not_picked":["Die Die Die","Doppelganger"],"picked":"After Image","floor":16},{"not_picked":["Underhanded Strike","Calculated Gamble+1"],"picked":"Dagger Throw+1","floor":18},{"not_picked":["All Out Attack","Deflect"],"picked":"Dagger Throw+1","floor":19},{"not_picked":["All Out Attack","Deflect"],"picked":"Bouncing Flask","floor":21},{"not_picked":["Skewer","Deadly Poison"],"picked":"Deflect","floor":24},{"not_picked":["Tactician+1","Dagger Spray"],"picked":"Backstab+1","floor":25},{"not_picked":["Backflip","Flechettes"],"picked":"Footwork+1","floor":27},{"not_picked":["Distraction","Deadly Poison"],"picked":"Dodge and Roll","floor":28},{"not_picked":["Sucker Punch","Doppelganger"],"picked":"Flying Knee","floor":30},{"not_picked":["Burst","Die Die Die"],"picked":"Adrenaline","floor":33},{"not_picked":["Deadly Poison+1","Deflect"],"picked":"PiercingWail+1","floor":35},{"not_picked":["Endless Agony+1","Riddle With Holes"],"picked":"Calculated Gamble","floor":37},{"not_picked":["Deflect","Leg Sweep+1"],"picked":"Footwork","floor":39},{"not_picked":["PiercingWail","Deadly Poison+1"],"picked":"Envenom","floor":40},{"not_picked":["Flechettes","Distraction"],"picked":"Dagger Spray+1","floor":41},{"not_picked":["Acrobatics","Underhanded Strike+1"],"picked":"Outmaneuver+1","floor":42},{"not_picked":["Dagger Throw","PiercingWail+1"],"picked":"Backstab+1","floor":44},{"not_picked":["Flying Knee","Underhanded Strike"],"picked":"Blade Dance","floor":47},{"not_picked":["PiercingWail+1","Flying Knee"],"picked":"Phantasmal Killer","floor":48}],"player_experience":1316,"relics_obtained":[{"floor":6,"key":"Potion Belt"},{"floor":9,"key":"reliquary:PrincelyHelmet"},{"floor":12,"key":"reliquary:Boomerang"},{"floor":25,"key":"Red Mask"},{"floor":26,"key":"Anchor"},{"floor":37,"key":"Calipers"},{"floor":40,"key":"Bird Faced Urn"},{"floor":43,"key":"MawBank"},{"floor":47,"key":"Meat on the Bone"}],"event_choices":[{"damage_healed":0,"gold_gain":0,"player_choice":"Upgraded","damage_taken":0,"max_hp_gain":0,"max_hp_loss":0,"event_name":"Upgrade Shrine","floor":4,"gold_loss":0,"cards_upgraded":["Envenom"]},{"damage_healed":0,"gold_gain":0,"player_choice":"Read","damage_taken":0,"max_hp_gain":0,"max_hp_loss":0,"event_name":"The Library","floor":20,"gold_loss":0,"cards_obtained":["Caltrops"]},{"damage_healed":0,"gold_gain":0,"player_choice":"Became a vampire","damage_taken":0,"max_hp_gain":0,"max_hp_loss":21,"event_name":"Vampires","floor":22,"gold_loss":0,"cards_obtained":["Bite","Bite","Bite","Bite","Bite"]},{"damage_healed":0,"gold_gain":0,"player_choice":"Fought Bandits","damage_taken":0,"max_hp_gain":0,"max_hp_loss":0,"event_name":"Masked Bandits","floor":25,"gold_loss":0},{"damage_healed":0,"gold_gain":0,"player_choice":"Inject Mutagens","damage_taken":0,"relics_obtained":["MutagenicStrength"],"max_hp_gain":0,"max_hp_loss":0,"event_name":"Drug Dealer","floor":29,"gold_loss":0},{"damage_healed":0,"gold_gain":0,"player_choice":"Fight","damage_taken":0,"max_hp_gain":0,"max_hp_loss":0,"event_name":"Mysterious Sphere","floor":37,"gold_loss":0},{"cards_removed":["Calculated Gamble"],"damage_healed":20,"gold_gain":0,"player_choice":"Offered Uncommon","damage_taken":0,"max_hp_gain":0,"max_hp_loss":0,"event_name":"Bonfire Elementals","floor":38,"gold_loss":0}],"is_beta":false,"boss_relics":[{"not_picked":["Fusion Hammer","Runic Pyramid"],"picked":"WristBlade"},{"not_picked":["Tiny House","SacredBark"],"picked":"Coffee Dripper"}],"items_purged_floors":[],"is_endless":false,"potions_floor_spawned":[2,3,8,11,16,19,21,24,25,28,40,41,44,47,48],"ascension_level":0}}