{"host":"6r762osam2bvfm66","time":1613437681,"event":{"mods":["BaseMod","Bestiary","Colored Map","Highlight Path","Minty Spire (QoL Compilation)","Relic Stats"],"gold_per_floor":[112,128,20,34,46,72,72,103,128,147,166,195,195,211,211,317,380,404,454,482,173,193,193,193,229,229,249,249,249,249],"floor_reached":29,"language":"ENG","playtime":1792,"items_purged":["Strike_P","SignatureMove"],"score":399,"play_id":"63a319cb-adf1-4546-8b5f-47ca0dcf744f","local_time":"20210215190801","is_ascension_mode":true,"campfire_choices":[{"data":"TalkToTheHand","floor":7,"key":"SMITH"},{"data":"WindmillStrike","floor":13,"key":"SMITH"},{"floor":15,"key":"REST"},{"data":"SandsOfTime","floor":23,"key":"SMITH"}],"circlet_count":0,"master_deck":["Eruption","Vigilance+1","FlyingSleeves","FearNoEvil","TalkToTheHand+1","Halt+1","Establishment","EmptyBody","MentalFortress","WindmillStrike+1","Ragnarok","SandsOfTime+1","WheelKick","Wallop","Worship","LikeWater","Halt","Prostrate","Halt","EmptyBody","Crescendo+1","ThirdEye","EmptyFist"],"relics":["SlaversCollar","MealTicket","War Paint","CeramicFish","Bag of Marbles","Pandora\u0027s Box","Lee\u0027s Waffle","Orichalcum","StrikeDummy"],"acts_visited":["Exordium","TheCity"],"potions_floor_usage":[5,12,16,22,24,29],"damage_taken":[{"damage":8,"enemies":"2 Louse","floor":1,"turns":3},{"damage":2,"enemies":"Cultist","floor":2,"turns":3},{"damage":0,"enemies":"Small Slimes","floor":4,"turns":3},{"damage":1,"enemies":"2 Fungi Beasts","floor":5,"turns":3},{"damage":4,"enemies":"3 Sentries","floor":6,"turns":9},{"damage":16,"enemies":"Gremlin Nob","floor":8,"turns":3},{"damage":22,"enemies":"Large Slime","floor":10,"turns":6},{"damage":7,"enemies":"Exordium Thugs","floor":11,"turns":4},{"damage":3,"enemies":"Lagavulin","floor":12,"turns":7},{"damage":8,"enemies":"Blue Slaver","floor":14,"turns":3},{"damage":0,"enemies":"Hexaghost","floor":16,"turns":7},{"damage":33,"enemies":"Spheric Guardian","floor":18,"turns":5},{"damage":9,"enemies":"Chosen","floor":20,"turns":6},{"damage":27,"enemies":"Snake Plant","floor":22,"turns":5},{"damage":0,"enemies":"Cultist and Chosen","floor":24,"turns":3},{"damage":14,"enemies":"Book of Stabbing","floor":25,"turns":4},{"damage":23,"enemies":"Centurion and Healer","floor":27,"turns":9},{"damage":20,"enemies":"Slavers","floor":29,"turns":2}],"seed_played":"-5338513849664137943","potions_obtained":[{"floor":1,"key":"SmokeBomb"},{"floor":2,"key":"BottledMiracle"},{"floor":8,"key":"FearPotion"},{"floor":10,"key":"FearPotion"},{"floor":14,"key":"PowerPotion"},{"floor":16,"key":"PowerPotion"},{"floor":27,"key":"CultistPotion"}],"is_trial":false,"path_per_floor":["M","M","$","M","M","E","R","E","T","M","M","E","R","M","R","B",null,"M","?","M","$","M","R","M","E","T","M","?","E"],"character_chosen":"WATCHER","items_purchased":["TalkToTheHand","Lee\u0027s Waffle","Halt","EmptyBody"],"campfire_rested":1,"item_purchase_floors":[3,21,21,21],"current_hp_per_floor":[64,62,62,62,61,57,57,41,41,19,12,9,9,1,22,22,60,27,27,18,79,52,52,52,38,38,15,15,0,0],"gold":249,"neow_bonus":"BOSS_RELIC","is_daily":false,"chose_seed":false,"campfire_upgraded":3,"win_rate":0.0,"timestamp":1613437681,"path_taken":["M","M","$","M","M","E","R","E","T","M","M","E","R","M","R","BOSS","M","?","M","$","M","R","?","E","T","M","?","E"],"items_purchased_type":["Card","Relic","Card","Card"],"build_version":"2020-12-22","purchased_purges":2,"victory":false,"max_hp_per_floor":[72,72,72,72,72,72,72,72,72,72,72,72,72,72,72,72,72,72,72,72,79,79,79,79,79,79,79,79,79,79],"relic_stats":{"Lee\u0027s Waffle":46,"counters":[18,85],"CeramicFish":153,"MealTicket":15,"Pandora\u0027s Box":["SandsOfTime","WheelKick","Wallop","Study","SignatureMove","Worship","LikeWater"],"War Paint":["Halt","Vigilance"],"Orichalcum":[0],"obtain_stats":[{"SlaversCollar":0,"Lee\u0027s Waffle":21,"CeramicFish":9,"MealTicket":6,"Pandora\u0027s Box":17,"Bag of Marbles":12,"PureWater":0,"War Paint":8,"Orichalcum":25,"StrikeDummy":26},{"SlaversCollar":0,"Lee\u0027s Waffle":13,"CeramicFish":6,"MealTicket":5,"Pandora\u0027s Box":11,"Bag of Marbles":9,"PureWater":0,"War Paint":6,"Orichalcum":16,"StrikeDummy":16},{"SlaversCollar":0,"Lee\u0027s Waffle":62,"CeramicFish":24,"MealTicket":21,"Pandora\u0027s Box":51,"Bag of Marbles":41,"PureWater":0,"War Paint":24,"Orichalcum":74,"StrikeDummy":74}]},"card_choices":[{"not_picked":["Study","PathToVictory"],"picked":"FlyingSleeves","floor":1},{"not_picked":["Consecrate","ForeignInfluence"],"picked":"FearNoEvil","floor":2},{"not_picked":["CrushJoints","EmptyBody"],"picked":"Halt","floor":4},{"not_picked":["CutThroughFate","Study","Prostrate"],"picked":"SKIP","floor":5},{"not_picked":["WindmillStrike","BowlingBash"],"picked":"Establishment","floor":6},{"not_picked":["SpiritShield","CutThroughFate"],"picked":"EmptyBody","floor":8},{"not_picked":["Protect","Sanctity"],"picked":"MentalFortress","floor":10},{"not_picked":["CutThroughFate","ClearTheMind"],"picked":"WindmillStrike","floor":11},{"not_picked":["FollowUp","PathToVictory","Protect"],"picked":"SKIP","floor":12},{"not_picked":["SashWhip","Evaluate","EmptyBody"],"picked":"SKIP","floor":14},{"not_picked":["LessonLearned","Blasphemy"],"picked":"Ragnarok","floor":16},{"not_picked":["WheelKick","Prostrate"],"picked":"Halt","floor":18},{"not_picked":["JustLucky+1","Consecrate"],"picked":"Prostrate","floor":20},{"not_picked":["Prostrate","Vengeance"],"picked":"Crescendo+1","floor":22},{"not_picked":["WaveOfTheHand","PathToVictory+1"],"picked":"ThirdEye","floor":25},{"not_picked":["SignatureMove","Evaluate"],"picked":"EmptyFist","floor":27}],"player_experience":100199,"relics_obtained":[{"floor":6,"key":"MealTicket"},{"floor":8,"key":"War Paint"},{"floor":9,"key":"CeramicFish"},{"floor":12,"key":"Bag of Marbles"},{"floor":25,"key":"Orichalcum"},{"floor":26,"key":"StrikeDummy"}],"event_choices":[{"damage_healed":0,"gold_gain":100,"player_choice":"Bet on Murderer","damage_taken":0,"max_hp_gain":0,"max_hp_loss":0,"event_name":"The Joust","floor":19,"gold_loss":50},{"cards_removed":["Study"],"damage_healed":0,"gold_gain":0,"player_choice":"Elegance","damage_taken":0,"max_hp_gain":0,"max_hp_loss":0,"event_name":"Back to Basics","floor":28,"gold_loss":0}],"is_beta":false,"boss_relics":[{"not_picked":["Empty Cage","Velvet Choker"],"picked":"Pandora\u0027s Box"}],"items_purged_floors":[3,21],"is_endless":false,"potions_floor_spawned":[1,2,8,10,14,16,20,24,27],"killed_by":"Slavers","ascension_level":5}}