{"host":"p0hktren06injwdf","time":1613449810,"event":{"mods":["AchievementEnabler","BaseMod","Colored Map","DeckTracker","Minty Spire (QoL Compilation)","Permanent Neow","StSLib","SuperFastMode"],"gold_per_floor":[217,229,241,67,79,79,112,112,182,182,212,228,255,270,270,370,370,390,390,404,110,110,110,140,140,191,191,210,221,246,263,263,367,367,379,479,498,511,361,391,104,120,145,160,160,160,160,188,188,188,188,188,20,50,50],"floor_reached":56,"language":"KOR","playtime":1651,"items_purged":["Strike_B","Strike_B","Defend_B","Defend_B"],"score":1367,"play_id":"4c9d12aa-1343-4acb-ad3e-0814e1cf0c30","local_time":"20210216133010","is_ascension_mode":false,"campfire_choices":[{"data":"Zap","floor":6,"key":"SMITH"},{"data":"Coolheaded","floor":10,"key":"SMITH"},{"data":"Fusion","floor":15,"key":"SMITH"},{"data":"Blizzard","floor":23,"key":"SMITH"},{"data":"Chill","floor":25,"key":"SMITH"},{"data":"Echo Form","floor":32,"key":"SMITH"},{"data":"Madness","floor":47,"key":"SMITH"},{"floor":49,"key":"RECALL"},{"data":"Biased Cognition","floor":52,"key":"SMITH"}],"circlet_count":0,"master_deck":["Defend_B","Zap+1","Dualcast","Cold Snap","Ball Lightning","Defragment+1","Coolheaded+1","Echo Form+1","Gash","Core Surge","Gash","Fusion+1","Chill+1","Cold Snap","Conserve Battery","Self Repair","White Noise","Blizzard+1","White Noise","Gash","Biased Cognition+1","Gash","Electrodynamics","Skim","White Noise+1","Gash+1","Defragment+1","Finesse","Stack","Gash","Madness","Madness+1","Consume+1","Defragment","Gash"],"relics":["Cracked Core","Gambling Chip","Pear","Oddly Smooth Stone","Emotion Chip","Black Star","Incense Burner","Shuriken","Bag of Preparation","Smiling Mask","Question Card","Inserter","ClockworkSouvenir","Symbiotic Virus","MealTicket","OrangePellets","Bag of Marbles","InkBottle","Boot","Ornamental Fan"],"acts_visited":["Exordium","TheCity","TheBeyond","TheEnding"],"potions_floor_usage":[3,11,24,30,55],"damage_taken":[{"damage":7,"enemies":"Small Slimes","floor":1,"turns":4},{"damage":0,"enemies":"Cultist","floor":2,"turns":2},{"damage":1,"enemies":"Jaw Worm","floor":3,"turns":2},{"damage":11,"enemies":"Exordium Wildlife","floor":5,"turns":6},{"damage":9,"enemies":"3 Sentries","floor":7,"turns":6},{"damage":12,"enemies":"Gremlin Nob","floor":11,"turns":4},{"damage":5,"enemies":"3 Louse","floor":12,"turns":3},{"damage":6,"enemies":"3 Sentries","floor":13,"turns":6},{"damage":7,"enemies":"Lots of Slimes","floor":14,"turns":3},{"damage":2,"enemies":"The Guardian","floor":16,"turns":10},{"damage":0,"enemies":"Chosen","floor":18,"turns":4},{"damage":2,"enemies":"3 Byrds","floor":20,"turns":7},{"damage":6,"enemies":"Slavers","floor":24,"turns":8},{"damage":0,"enemies":"Cultist and Chosen","floor":28,"turns":5},{"damage":0,"enemies":"Centurion and Healer","floor":29,"turns":6},{"damage":7,"enemies":"Gremlin Leader","floor":30,"turns":6},{"damage":2,"enemies":"Snake Plant","floor":31,"turns":4},{"damage":12,"enemies":"Champ","floor":33,"turns":8},{"damage":16,"enemies":"3 Darklings","floor":35,"turns":3},{"damage":0,"enemies":"3 Shapes","floor":37,"turns":5},{"damage":0,"enemies":"3 Darklings","floor":38,"turns":4},{"damage":41,"enemies":"Reptomancer","floor":40,"turns":5},{"damage":0,"enemies":"Jaw Worm Horde","floor":42,"turns":3},{"damage":8,"enemies":"Spire Growth","floor":44,"turns":5},{"damage":11,"enemies":"Nemesis","floor":48,"turns":7},{"damage":21,"enemies":"Time Eater","floor":50,"turns":10},{"damage":10,"enemies":"Shield and Spear","floor":54,"turns":5},{"damage":59,"enemies":"The Heart","floor":55,"turns":10}],"seed_played":"-1012818962209271464","potions_obtained":[{"floor":2,"key":"Fruit Juice"},{"floor":7,"key":"Energy Potion"},{"floor":11,"key":"FearPotion"},{"floor":12,"key":"SteroidPotion"},{"floor":20,"key":"EssenceOfSteel"},{"floor":28,"key":"Explosive Potion"},{"floor":31,"key":"BlessingOfTheForge"},{"floor":40,"key":"FocusPotion"}],"is_trial":false,"path_per_floor":["M","M","M","$","M","R","E","?","T","R","E","M","E","M","R","B",null,"M","?","M","$","?","R","E","R","T","?","M","M","E","M","R","B",null,"M","?","M","M","$","E","$","M","T","M","?","?","R","E","R","B",null,"R","$","E","B",null],"character_chosen":"DEFECT","items_purchased":["Defragment","Coolheaded","Self Repair","White Noise","Blizzard","ClockworkSouvenir","OrangePellets","Finesse","Defragment","Gash"],"campfire_rested":0,"item_purchase_floors":[4,4,21,21,21,39,41,41,53,53],"current_hp_per_floor":[68,68,72,72,61,61,52,52,62,62,50,45,39,32,32,30,90,90,90,88,88,88,88,89,89,89,89,90,90,83,90,90,78,90,74,74,81,88,88,54,69,76,76,82,82,71,71,67,67,53,90,90,90,80,28],"gold":50,"neow_bonus":"HUNDRED_GOLD","is_daily":false,"chose_seed":false,"campfire_upgraded":8,"win_rate":0.0,"timestamp":1613449810,"path_taken":["M","M","M","$","M","R","E","?","T","R","E","M","E","M","R","BOSS","M","?","M","$","?","R","E","R","T","?","?","M","E","M","R","BOSS","M","?","?","M","?","E","$","M","T","M","?","?","R","E","R","BOSS","R","$","E","BOSS"],"items_purchased_type":["Card","Card","Card","Card","Card","Relic","Relic","Card","Card","Card"],"build_version":"2020-12-22","purchased_purges":4,"victory":true,"max_hp_per_floor":[75,75,80,80,80,80,80,80,90,90,90,90,90,90,90,90,90,90,90,90,90,90,90,90,90,90,90,90,90,90,90,90,90,90,90,90,90,90,90,90,90,90,90,90,90,90,90,90,90,90,90,90,90,90,90],"card_choices":[{"not_picked":["Compile Driver","Stack"],"picked":"Cold Snap","floor":1},{"not_picked":["Conserve Battery","Darkness"],"picked":"Ball Lightning","floor":2},{"not_picked":["Blizzard","Leap"],"picked":"Conserve Battery","floor":3},{"not_picked":["Compile Driver","Ball Lightning"],"picked":"Echo Form","floor":5},{"not_picked":["Go for the Eyes","Sweeping Beam"],"picked":"Gash","floor":7},{"not_picked":["Leap","Sweeping Beam"],"picked":"Core Surge","floor":11},{"not_picked":["Streamline","Genetic Algorithm"],"picked":"Gash","floor":12},{"not_picked":["Cold Snap","Melter"],"picked":"Fusion","floor":13},{"not_picked":["Beam Cell","Force Field"],"picked":"Chill","floor":14},{"not_picked":["Scrape","Beam Cell+1","Turbo+1"],"picked":"SKIP","floor":18},{"not_picked":["Ball Lightning","Fusion","Streamline+1"],"picked":"SKIP","floor":20},{"not_picked":["Redo","Stack"],"picked":"Gash","floor":24},{"not_picked":["Sweeping Beam","Redo","Leap"],"picked":"SKIP","floor":28},{"not_picked":["Melter","Coolheaded"],"picked":"Biased Cognition","floor":29},{"not_picked":["Auto Shields+1","Rip and Tear","Reprogram"],"picked":"SKIP","floor":30},{"not_picked":["Coolheaded+1","Rebound","Reprogram"],"picked":"Gash","floor":31},{"not_picked":["Echo Form","Biased Cognition","Creative AI"],"picked":"Electrodynamics","floor":33},{"not_picked":["Steam","Sweeping Beam+1","Ball Lightning"],"picked":"Skim","floor":35},{"not_picked":["Echo Form","Turbo+1","Aggregate+1"],"picked":"White Noise+1","floor":37},{"not_picked":["Redo+1","Coolheaded+1","Stack+1"],"picked":"Gash+1","floor":38},{"not_picked":["Consume+1","Storm+1","Conserve Battery+1"],"picked":"Defragment+1","floor":40},{"not_picked":["Cold Snap+1","Streamline+1","Stack","Lockon"],"picked":"SKIP","floor":42},{"not_picked":["Cold Snap+1","Streamline+1","Lockon"],"picked":"Stack","floor":42},{"not_picked":["Steam","Darkness+1","Go for the Eyes+1"],"picked":"Gash","floor":44},{"not_picked":["Chaos+1","Self Repair+1","Multi-Cast"],"picked":"Consume+1","floor":48},{"not_picked":["Sunder","Rebound+1","Steam+1","Turbo"],"picked":"SKIP","floor":54}],"player_experience":1073193,"relics_obtained":[{"floor":7,"key":"Gambling Chip"},{"floor":9,"key":"Pear"},{"floor":11,"key":"Oddly Smooth Stone"},{"floor":13,"key":"Emotion Chip"},{"floor":24,"key":"Incense Burner"},{"floor":24,"key":"Shuriken"},{"floor":26,"key":"Bag of Preparation"},{"floor":30,"key":"Smiling Mask"},{"floor":30,"key":"Question Card"},{"floor":40,"key":"Symbiotic Virus"},{"floor":40,"key":"MealTicket"},{"floor":48,"key":"Bag of Marbles"},{"floor":48,"key":"InkBottle"},{"floor":54,"key":"Boot"},{"floor":54,"key":"Ornamental Fan"}],"event_choices":[{"damage_healed":0,"gold_gain":0,"player_choice":"Upgraded","damage_taken":0,"max_hp_gain":0,"max_hp_loss":0,"event_name":"Upgrade Shrine","floor":8,"gold_loss":0,"cards_upgraded":["Defragment"]},{"damage_healed":0,"gold_gain":0,"cards_transformed":["Strike_B","Strike_B"],"player_choice":"Became Test Subject","damage_taken":0,"max_hp_gain":0,"max_hp_loss":0,"event_name":"Drug Dealer","floor":19,"gold_loss":0,"cards_obtained":["Cold Snap","Conserve Battery"]},{"damage_healed":0,"gold_gain":0,"player_choice":"Read","damage_taken":0,"max_hp_gain":0,"max_hp_loss":0,"event_name":"The Library","floor":22,"gold_loss":0,"cards_obtained":["White Noise"]},{"cards_removed":["Defend_B"],"damage_healed":0,"gold_gain":0,"player_choice":"Elegance","damage_taken":0,"max_hp_gain":0,"max_hp_loss":0,"event_name":"Back to Basics","floor":27,"gold_loss":0},{"damage_healed":0,"gold_gain":100,"player_choice":"Pray","damage_taken":0,"max_hp_gain":0,"max_hp_loss":0,"event_name":"Golden Shrine","floor":36,"gold_loss":0},{"cards_removed":["Conserve Battery"],"damage_healed":0,"gold_gain":0,"player_choice":"Removed Skill","damage_taken":0,"max_hp_gain":0,"max_hp_loss":0,"event_name":"Falling","floor":45,"gold_loss":0},{"damage_healed":0,"gold_gain":0,"player_choice":"Embrace Madness","damage_taken":11,"max_hp_gain":0,"max_hp_loss":0,"event_name":"Winding Halls","floor":46,"gold_loss":0,"cards_obtained":["Madness","Madness"]}],"is_beta":false,"boss_relics":[{"not_picked":["Snecko Eye","SlaversCollar"],"picked":"Black Star"},{"not_picked":["SacredBark","Cursed Key"],"picked":"Inserter"}],"items_purged_floors":[4,21,41,53],"is_endless":false,"potions_floor_spawned":[2,7,11,12,20,28,29,31,35,40,48],"ascension_level":0}}