{"host":"cd7awanv0x2msn9z","time":1613499680,"event":{"mods":["BaseMod","Downfall","Minty Spire (QoL Compilation)","Replay The Spire","StSLib","SuperFastMode"],"gold_per_floor":[111,131,181,181,80,108,108,122,147,147,147,160,180,197,197,197,197],"floor_reached":16,"language":"ZHS","playtime":2113,"items_purged":["Pain"],"score":127,"play_id":"862bdf10-31e8-434d-a458-396d9e28598c","local_time":"20210217022120","is_ascension_mode":false,"campfire_choices":[{"data":"Hidden Blade","floor":7.0,"key":"SMITH"},{"data":"Dagger Spray","floor":11.0,"key":"SMITH"}],"circlet_count":0,"master_deck":["Strike_G","Strike_G","Strike_G","Strike_G","Defend_G","Defend_G","Defend_G","Defend_G","Defend_G","Survivor","Neutralize","Prepared","Languid","Dagger Spray+1","Hidden Blade+1","Terror+1","Dagger Throw","Masterful Stab"],"relics":["Ring of the Snake","NeowsBlessing","Ring of Greed","ReplayTheSpireMod:Ring of Exchange","Replay:Wax Seal","Smiling Mask","WarpedTongs","Omamori","ReplayFunnel"],"acts_visited":["Exordium"],"potions_floor_usage":[16],"damage_taken":[{"damage":0.0,"enemies":"Cultist","floor":1.0,"turns":1.0},{"damage":0.0,"enemies":"2 Louse","floor":2.0,"turns":1.0},{"damage":0.0,"enemies":"Lagavulin","floor":6.0,"turns":1.0},{"damage":0.0,"enemies":"Small Slimes","floor":8.0,"turns":5.0},{"damage":22.0,"enemies":"Exordium Wildlife","floor":12.0,"turns":5.0},{"damage":2.0,"enemies":"Looter","floor":13.0,"turns":3.0},{"damage":10.0,"enemies":"2 Fungi Beasts","floor":14.0,"turns":3.0},{"damage":20,"enemies":"Slime Boss","floor":16,"turns":7}],"seed_played":"-4416378577593332707","potions_obtained":[{"floor":1.0,"key":"Swift Potion"},{"floor":8.0,"key":"Poison Potion"},{"floor":12.0,"key":"SkillPotion"},{"floor":13.0,"key":"Adrenaline Potion"}],"is_trial":false,"path_per_floor":["M","M","?","?","$","E","R","M","T","?","R","M","M","M","R","B"],"character_chosen":"THE_SILENT","items_purchased":["Dagger Spray"],"campfire_rested":0,"item_purchase_floors":[5],"current_hp_per_floor":[70,70,70,70,70,70,70,70,70,70,70,48,46,36,36,16,16],"gold":197,"neow_bonus":"THREE_ENEMY_KILL","is_daily":false,"chose_seed":false,"campfire_upgraded":2,"win_rate":0.0,"timestamp":1613499680,"path_taken":["M","?","?","?","$","E","R","?","T","?","R","M","M","M","R","BOSS"],"items_purchased_type":["Card"],"build_version":"2020-12-22","purchased_purges":1,"victory":false,"max_hp_per_floor":[70,70,70,70,70,70,70,70,70,70,70,70,70,70,70,70,70],"card_choices":[{"not_picked":["Heel Hook","ReplayTheSpireMod:Tripwire","ReplayTheSpireMod:Speed Training"],"picked":"SKIP","floor":1.0},{"not_picked":["Deflect","Dodge and Roll"],"picked":"Prepared","floor":2.0},{"not_picked":["PiercingWail","Toxin Wave"],"picked":"Hidden Blade","floor":6.0},{"not_picked":["Blur","Bane","Backstab"],"picked":"SKIP","floor":8.0},{"not_picked":["Flechettes","Slice"],"picked":"Terror","floor":12.0},{"not_picked":["Bane","Deflect"],"picked":"Dagger Throw","floor":13.0},{"not_picked":["Expertise","Hidden Blade"],"picked":"Masterful Stab","floor":14.0}],"player_experience":65290,"relics_obtained":[{"floor":3.0,"key":"Ring of Greed"},{"floor":3.0,"key":"ReplayTheSpireMod:Ring of Exchange"},{"floor":3.0,"key":"Replay:Wax Seal"},{"floor":3.0,"key":"Smiling Mask"},{"floor":6.0,"key":"Omamori"},{"floor":9.0,"key":"ReplayFunnel"}],"event_choices":[{"damage_healed":0.0,"max_hp_gain":0.0,"max_hp_loss":0.0,"gold_gain":0.0,"event_name":"Accursed Blacksmith","player_choice":"Rummage","floor":4.0,"gold_loss":0.0,"damage_taken":0.0,"relics_obtained":["WarpedTongs"],"cards_obtained":["Pain"]},{"damage_healed":0,"gold_gain":0,"player_choice":"Grow","damage_taken":0,"max_hp_gain":0,"max_hp_loss":0,"event_name":"Living Wall","floor":15,"gold_loss":0,"cards_upgraded":["Terror"]}],"is_beta":false,"boss_relics":[],"items_purged_floors":[5],"is_endless":false,"potions_floor_spawned":[1,8,12,13,14],"killed_by":"Slime Boss","ascension_level":0}}