{"host":"os9owiyb0rak6c8n","time":1613507803,"event":{"mods":["AchievementEnabler","Astrologer","BaseMod","Beaked The Cultist","Better Third Choice","Block Reminder","Colored Map","Colored Powertips","Curses Come First","Dio Mod","Minty Spire (QoL Compilation)","Robot Space Explorer","Spicy Shops","StSLib","The Death Knight","The Necromancer"],"gold_per_floor":[116,191,204,59,74,104,104,134,134,134,134,144,169,169,169,271,271,281,281,187,286,201,232,232,266,266,266,278,291,291,291],"floor_reached":30,"language":"ENG","playtime":1439,"items_purged":[],"score":355,"play_id":"b97027c7-7453-4bff-a2a7-38bacea4572e","local_time":"20210216213643","is_ascension_mode":true,"campfire_choices":[{"floor":10,"key":"REST"},{"floor":15,"key":"REST"},{"floor":24,"key":"REST"},{"floor":27,"key":"REST"}],"circlet_count":0,"master_deck":["DeathKnight:Strike_DeathKnight","DeathKnight:Strike_DeathKnight","DeathKnight:Strike_DeathKnight","DeathKnight:Strike_DeathKnight","DeathKnight:Defend_DeathKnight+1","DeathKnight:Defend_DeathKnight","DeathKnight:Defend_DeathKnight","DeathKnight:Defend_DeathKnight","DeathKnight:RuneTap","DeathKnight:RuneStrike","DeathKnight:Simulacrum","DeathKnight:MutagenicPlague","DeathKnight:RuneShock","DeathKnight:DeathCoil","DeathKnight:DarkSuccor+1","DeathKnight:MindFreeze","DeathKnight:DeathStrike","DeathKnight:GargoyleSkin","DeathKnight:RunicDetonation","DeathKnight:Contagion","DeathKnight:UnholyPresence","DeathKnight:HornOfWinter+1","DeathKnight:FesteringStrike","DeathKnight:Contagion","DeathKnight:PlagueStrike","DeathKnight:DarkSuccor"],"relics":["DeathKnight:BrokenRuneblade","Membership Card","CaptainsWheel","beaked:ShinyBauble","The Courier","Blood Vial","Sozu","War Paint","Dead Branch","Juzu Bracelet","Eternal Feather"],"acts_visited":["Exordium","TheCity"],"potions_floor_usage":[6,6,13,16],"damage_taken":[{"damage":8,"enemies":"Jaw Worm","floor":1,"turns":6},{"damage":0,"enemies":"Small Slimes","floor":3,"turns":3},{"damage":5,"enemies":"2 Louse","floor":5,"turns":4},{"damage":28,"enemies":"Gremlin Nob","floor":6,"turns":4},{"damage":42,"enemies":"Lagavulin","floor":8,"turns":8},{"damage":7,"enemies":"2 Fungi Beasts","floor":12,"turns":4},{"damage":28,"enemies":"3 Sentries","floor":13,"turns":8},{"damage":2,"enemies":"The Guardian","floor":16,"turns":10},{"damage":42,"enemies":"3 Byrds","floor":18,"turns":7},{"damage":27,"enemies":"Gremlin Leader","floor":23,"turns":6},{"damage":35,"enemies":"Book of Stabbing","floor":25,"turns":6},{"damage":6,"enemies":"Chosen","floor":28,"turns":4},{"damage":11,"enemies":"Centurion and Healer","floor":29,"turns":5},{"damage":54,"enemies":"Gremlin Leader","floor":30,"turns":7}],"seed_played":"-5705129790105659275","potions_obtained":[{"floor":1,"key":"SteroidPotion"},{"floor":3,"key":"GamblersBrew"},{"floor":8,"key":"Regen Potion"},{"floor":13,"key":"SkillPotion"}],"is_trial":false,"path_per_floor":["M","?","M","$","M","E","?","E","T","R","?","M","E","?","R","B",null,"M","?","$","?","?","E","R","E","T","R","M","M","E"],"character_chosen":"DEATH_KNIGHT","items_purchased":["Membership Card","DeathKnight:FesteringStrike","DeathKnight:Contagion","DeathKnight:PlagueStrike"],"campfire_rested":4,"item_purchase_floors":[4,20,20,20],"current_hp_per_floor":[67,56,56,56,51,23,48,6,6,28,28,21,15,15,37,37,66,33,33,33,33,33,8,30,4,4,41,37,35,0,0],"gold":291,"neow_bonus":"ONE_RANDOM_RARE_CARD","is_daily":false,"chose_seed":false,"campfire_upgraded":0,"win_rate":0.0,"timestamp":1613507803,"path_taken":["M","?","M","$","M","E","?","E","T","R","?","?","E","?","R","BOSS","M","?","$","?","?","E","R","E","T","R","M","M","E"],"items_purchased_type":["Relic","Card","Card","Card"],"build_version":"2020-12-22","purchased_purges":0,"victory":false,"max_hp_per_floor":[75,75,75,75,75,75,75,75,75,75,75,75,75,75,75,75,75,75,75,75,75,75,75,75,75,75,75,75,75,75,75],"card_choices":[{"not_picked":["DeathKnight:UnholyFrenzy","DeathKnight:HornOfWinter"],"picked":"DeathKnight:MutagenicPlague","floor":1},{"not_picked":["DeathKnight:BloodEchoes","DeathKnight:BludPresence"],"picked":"DeathKnight:RuneShock","floor":3},{"not_picked":["DeathKnight:Obliterate","DeathKnight:RaiseAlly"],"picked":"DeathKnight:DeathCoil","floor":5},{"not_picked":["DeathKnight:Outbreak","DeathKnight:DeathGrip"],"picked":"DeathKnight:DarkSuccor","floor":6},{"not_picked":["DeathKnight:Culling","DeathKnight:RunicDetonation"],"picked":"DeathKnight:MindFreeze","floor":8},{"not_picked":["DeathKnight:BloodBoil","DeathKnight:RunicCorruption"],"picked":"DeathKnight:DeathStrike","floor":12},{"not_picked":["DeathKnight:DeathRune","DeathKnight:ChainsOfIce"],"picked":"DeathKnight:GargoyleSkin","floor":13},{"not_picked":["DeathKnight:Razorice","DeathKnight:Simulacrum"],"picked":"DeathKnight:RunicDetonation","floor":16},{"not_picked":["DeathKnight:UnholyFrenzy+1","DeathKnight:BloodTap"],"picked":"DeathKnight:Contagion","floor":18},{"not_picked":["DeathKnight:HornOfWinter","DeathKnight:DeathCoil","DeathKnight:ChainsOfIce"],"picked":"SKIP","floor":23},{"not_picked":["DeathKnight:DeathGrip+1","DeathKnight:HartStrike+1"],"picked":"DeathKnight:DarkSuccor","floor":25},{"not_picked":["DeathKnight:BloodTap","DeathKnight:BoneSpear+1","DeathKnight:VampiricBlood"],"picked":"SKIP","floor":28},{"not_picked":["DeathKnight:Contagion","DeathKnight:DeathGrip","DeathKnight:ThirstingStrike+1"],"picked":"SKIP","floor":29}],"player_experience":608287,"relics_obtained":[{"floor":6,"key":"CaptainsWheel"},{"floor":8,"key":"beaked:ShinyBauble"},{"floor":9,"key":"The Courier"},{"floor":13,"key":"Blood Vial"},{"floor":23,"key":"Dead Branch"},{"floor":25,"key":"Juzu Bracelet"},{"floor":26,"key":"Eternal Feather"}],"event_choices":[{"damage_healed":0,"gold_gain":75,"player_choice":"Gold","damage_taken":11,"max_hp_gain":0,"max_hp_loss":0,"event_name":"betterThird:BetterGoop","floor":2,"gold_loss":0},{"damage_healed":25,"gold_gain":0,"player_choice":"Banana","damage_taken":0,"max_hp_gain":0,"max_hp_loss":0,"event_name":"Big Fish","floor":7,"gold_loss":0},{"damage_healed":0,"gold_gain":0,"player_choice":"Grow","damage_taken":0,"max_hp_gain":0,"max_hp_loss":0,"event_name":"Living Wall","floor":11,"gold_loss":0,"cards_upgraded":["DeathKnight:DarkSuccor"]},{"damage_healed":0,"gold_gain":0,"player_choice":"Searched \u00270\u0027 times","damage_taken":0,"max_hp_gain":0,"max_hp_loss":0,"event_name":"Dead Adventurer","floor":14,"gold_loss":0},{"damage_healed":0,"gold_gain":0,"cards_transformed":["DeathKnight:Defend_DeathKnight","DeathKnight:Strike_DeathKnight"],"player_choice":"Became Test Subject","damage_taken":0,"max_hp_gain":0,"max_hp_loss":0,"event_name":"Drug Dealer","floor":19,"gold_loss":0,"cards_obtained":["DeathKnight:UnholyPresence","DeathKnight:HornOfWinter"]},{"damage_healed":0,"gold_gain":99,"player_choice":"Steal","damage_taken":0,"max_hp_gain":0,"max_hp_loss":0,"event_name":"betterThird:BetterNest","floor":21,"gold_loss":0},{"damage_healed":0,"gold_gain":0,"player_choice":"Obtained Relic","damage_taken":0,"relics_obtained":["War Paint"],"max_hp_gain":0,"max_hp_loss":0,"event_name":"Addict","floor":22,"gold_loss":85}],"is_beta":false,"boss_relics":[{"not_picked":["Busted Crown","Cursed Key"],"picked":"Sozu"}],"items_purged_floors":[],"is_endless":false,"potions_floor_spawned":[1,3,8,13,18,23,25],"killed_by":"Gremlin Leader","ascension_level":5}}