{"host":"fc4hh3zaz3zk8cya","time":1613445515,"event":{"mods":["BaseMod","BetterRewards","Colored Map","Colored Powertips","Downfall","GifTheSpireLib","Highlight Path","Infinite Spire","Minty Spire (QoL Compilation)","Permanent Neow","Quick Restart","Replay The Spire","Shop Mod","StSLib","slay the spire mod where everything is the same but ironclad has a cowboy hat"],"gold_per_floor":[99,99,99,99,21,94,94,129,140,174,188,188,199,59,69,69,69,69],"floor_reached":16,"language":"ENG","playtime":2663,"items_purged":["Slimebound:Strike_Slimebound"],"score":108,"play_id":"31ab4139-513e-44e8-be1e-1b3528adbf47","local_time":"20210215221835","is_ascension_mode":false,"campfire_choices":[{"data":"Slimebound:CorrosiveSpit","floor":1,"key":"SMITH"},{"data":"Slimebound:Split","floor":12,"key":"SMITH"}],"circlet_count":0,"master_deck":["Slimebound:Strike_Slimebound","Slimebound:Strike_Slimebound","Slimebound:Tackle","Slimebound:Defend_Slimebound","Slimebound:Defend_Slimebound","Slimebound:Defend_Slimebound","Slimebound:Defend_Slimebound","Slimebound:Split+1","Slimebound:CorrosiveSpit+1","Slimebound:ComboTackle","Slimebound:ComboTackle","Slimebound:GrowthPunch","Slimebound:Dissolve","Slimebound:Schlurp","Slimebound:LeechingTouch","Slimebound:SplitBruiser","Slimebound:RollThrough","Slimebound:SplitMire","Slimebound:SplitBruiser"],"relics":["Slimebound:AbsorbEndCombat","downfall:HeartsMalice","Meat on the Bone","infinitespire:Joker Card","Iron Hammer"],"acts_visited":["Exordium"],"potions_floor_usage":[],"damage_taken":[{"damage":0,"enemies":"2 Louse","floor":2,"turns":1},{"damage":0,"enemies":"Cultist","floor":4,"turns":1},{"damage":0,"enemies":"downfall:FleeingMerchant","floor":5,"turns":1},{"damage":38,"enemies":"Lagavulin","floor":8,"turns":5},{"damage":10,"enemies":"Jaw Worm","floor":9,"turns":3},{"damage":22,"enemies":"3 Sentries","floor":10,"turns":7},{"damage":8,"enemies":"Blue Slaver","floor":11,"turns":4},{"damage":6,"enemies":"Exordium Wildlife","floor":13,"turns":3},{"damage":0,"enemies":"downfall:FleeingMerchant","floor":14,"turns":4},{"damage":9,"enemies":"2 Fungi Beasts","floor":15,"turns":2},{"damage":48,"enemies":"WA_ARCHETYPE_RETAIN","floor":16,"turns":4}],"seed_played":"-4845397909173851659","potions_obtained":[{"floor":9,"key":"SmokeBomb"},{"floor":10,"key":"Ancient Potion"},{"floor":11,"key":"Elixir"},{"floor":15,"key":"SteroidPotion"}],"is_trial":false,"path_per_floor":["R","M","?","M","$","T","T","E","M","E","M","R","M","$","M","B"],"character_chosen":"SLIMEBOUND","items_purchased":["Slimebound:Dissolve","Slimebound:SplitMire"],"campfire_rested":0,"item_purchase_floors":[5,14],"current_hp_per_floor":[65,65,65,65,65,65,65,35,41,39,35,35,33,41,34,0,0,0],"gold":69,"neow_bonus":"THREE_ENEMY_KILL","is_daily":false,"chose_seed":false,"campfire_upgraded":2,"win_rate":0.0,"timestamp":1613445515,"path_taken":["R","M","?","M","$","?","T","E","M","E","M","R","M","$","M","BOSS"],"items_purchased_type":["Card","Card"],"build_version":"2020-12-22","purchased_purges":1,"victory":false,"max_hp_per_floor":[65,65,65,65,65,65,65,65,65,65,65,65,65,65,65,65,65,65],"card_choices":[{"not_picked":["Slimebound:MegaLick","Slimebound:GoopSpray"],"picked":"Slimebound:ComboTackle","floor":2},{"not_picked":["Slimebound:SlimeTap","Slimebound:ItLooksTasty"],"picked":"Slimebound:GrowthPunch","floor":4},{"not_picked":["Slimebound:GoopSpray","Slimebound:Grow","Slimebound:ViciousTackle"],"picked":"SKIP","floor":5},{"not_picked":["Slimebound:RejuvenatingLick","Slimebound:Equalize"],"picked":"Slimebound:Schlurp","floor":8},{"not_picked":["Slimebound:ViciousTackle","Slimebound:LeechEnergy"],"picked":"Slimebound:LeechingTouch","floor":9},{"not_picked":["Slimebound:Equalize","Slimebound:LivingWall","Slimebound:MassFeed"],"picked":"SKIP","floor":10},{"not_picked":["Slimebound:Equalize","Slimebound:SlimeBarrage","Slimebound:PressTheAttack"],"picked":"SKIP","floor":11},{"not_picked":["Slimebound:Chomp","Slimebound:BestDefense"],"picked":"Slimebound:SplitBruiser","floor":13},{"not_picked":["Slimebound:FinishingTackle","Slimebound:LeechEnergy"],"picked":"Slimebound:RollThrough","floor":14},{"not_picked":["Slimebound:GoopSpray","Slimebound:ComboTackle"],"picked":"Slimebound:SplitBruiser","floor":15}],"player_experience":78769,"relics_obtained":[{"floor":6,"key":"Meat on the Bone"},{"floor":8,"key":"infinitespire:Joker Card"},{"floor":10,"key":"Iron Hammer"}],"event_choices":[],"is_beta":false,"boss_relics":[],"items_purged_floors":[14],"is_endless":false,"potions_floor_spawned":[9,10,11,15],"killed_by":"WA_ARCHETYPE_RETAIN","ascension_level":0}}