{"host":"0z6l31g9ps0v9zzp","time":1613488865,"event":{"mods":["Act Like it!","BaseMod","CapriCore","Minty Spire (QoL Compilation)","MostiFishMod","StSLib"],"gold_per_floor":[112,132,132,57,77,111,127,127,153,169,169,169],"floor_reached":11,"language":"ZHS","playtime":214,"items_purged":["Strike_P"],"score":146,"play_id":"4421fc55-7d2e-4962-b229-081c762cb914","local_time":"20210216232105","is_ascension_mode":true,"campfire_choices":[{"data":"Eruption","floor":8.0,"key":"SMITH"}],"circlet_count":0,"master_deck":["AscendersBane","Strike_P","Strike_P","Strike_P","Defend_P","Defend_P","Defend_P","Defend_P","Eruption+1","Vigilance","BowlingBash","Ragnarok+1","FlurryOfBlows","DeceiveReality"],"relics":["PureWater","DaveBox","BrkXgEgg","NeowsBlessing","SynthV:TestCard","CultistMask","Toy Ornithopter","Orichalcum"],"acts_visited":["Exordium"],"potions_floor_usage":[],"damage_taken":[{"damage":0.0,"enemies":"Small Slimes","floor":1.0,"turns":2.0},{"damage":0.0,"enemies":"Cultist","floor":2.0,"turns":1.0},{"damage":0.0,"enemies":"2 Louse","floor":5.0,"turns":1.0},{"damage":47.0,"enemies":"Lagavulin","floor":6.0,"turns":5.0},{"damage":7.0,"enemies":"Red Slaver","floor":7.0,"turns":5.0},{"damage":3.0,"enemies":"Blue Slaver","floor":10.0,"turns":2.0},{"damage":0,"enemies":"3 Sentries","floor":11,"turns":2}],"seed_played":"-285207929040141742","potions_obtained":[{"floor":2.0,"key":"Swift Potion"},{"floor":5.0,"key":"DuplicationPotion"}],"is_trial":false,"path_per_floor":["M","M","?","$","M","E","M","R","T","M","E"],"character_chosen":"WATCHER","items_purchased":[],"campfire_rested":0,"item_purchase_floors":[],"current_hp_per_floor":[61,61,61,61,61,14,7,7,7,4,4,4],"gold":169,"neow_bonus":"THREE_ENEMY_KILL","is_daily":false,"chose_seed":false,"campfire_upgraded":1,"win_rate":0.0,"timestamp":1613488865,"path_taken":["M","M","?","$","M","E","M","R","T","M","E"],"items_purchased_type":[],"build_version":"2020-12-22","purchased_purges":1,"victory":false,"max_hp_per_floor":[68,68,68,68,68,68,68,68,68,68,68,68],"card_choices":[{"not_picked":["Consecrate","WheelKick","DeceiveReality"],"picked":"SKIP","floor":1.0},{"not_picked":["ThirdEye","Perseverance","Fasting2","EmptyFist"],"picked":"BowlingBash","floor":2.0},{"not_picked":["Vengeance","Protect","Perseverance","Evaluate","CutThroughFate"],"picked":"SKIP","floor":5.0},{"not_picked":["WindmillStrike","EmptyFist","Protect","FlyingSleeves"],"picked":"Ragnarok+1","floor":6.0},{"not_picked":["WreathOfFlame","BowlingBash","Meditate","FlyingSleeves"],"picked":"FlurryOfBlows","floor":7.0},{"not_picked":["ThirdEye","LikeWater","Halt","FlyingSleeves"],"picked":"DeceiveReality","floor":10.0}],"player_experience":284575,"relics_obtained":[{"floor":1.0,"key":"SynthV:TestCard"},{"floor":6.0,"key":"Toy Ornithopter"},{"floor":9.0,"key":"Orichalcum"}],"event_choices":[{"damage_healed":0.0,"max_hp_gain":0.0,"max_hp_loss":0.0,"gold_gain":0.0,"event_name":"FaceTrader","player_choice":"Trade","floor":3.0,"gold_loss":0.0,"damage_taken":0.0,"relics_obtained":["CultistMask"]}],"is_beta":false,"boss_relics":[],"items_purged_floors":[4],"is_endless":false,"potions_floor_spawned":[2,5],"killed_by":"3 Sentries","ascension_level":19}}