{"host":"7caq7bqinjqlxdab","time":1613493623,"event":{"mods":["AchievementEnabler","Aspiration","BaseMod","Better Third Choice","BetterRewards","Bossed Relics","Colored Map","Colored Powertips","Conspire","Curses Come First","Downfall","Hermit","Highlight Path","Hubris","Infinite Spire","Minty Spire (QoL Compilation)","Quick Restart","Rare Cards Sparkle","Replay The Spire","Shop Mod","StSLib","Transform Curses"],"gold_per_floor":[114,134,148,161,181,181,209,222,290,290,290,22,39,74,74,175,175,193,193,205,144,162,162,162,189,242,268,268,278,296,221,221,317,317,334,334,442,458,18,59,59,77,100,127,127,152,171,185,185,294,294,304,309,309,311,184,184,203,203,203,213,213,224,228,236,236,415,415,421,217,313,327,346,346,350,359,385,385,402,425,441,441,441,525,525,525,525,16,10,10],"floor_reached":89,"language":"ENG","playtime":9351,"items_purged":["Writhe"],"score":1523,"play_id":"50f93b74-ea0a-4bdb-acc4-4eaa1e7c011a","local_time":"20210216174023","is_ascension_mode":true,"campfire_choices":[{"floor":6.0,"key":"REST"},{"floor":15.0,"key":"REST"},{"floor":23.0,"key":"REST"},{"floor":28.0,"key":"REST"},{"floor":32.0,"key":"REST"},{"floor":41.0,"key":"REST"},{"data":"Madness","floor":49.0,"key":"SMITH"},{"floor":57.0,"key":"REST"},{"data":"ReplayTheSpireMod:Fabricate Wheel","floor":62,"key":"SMITH"},{"data":"Fission","floor":66,"key":"SMITH"},{"floor":74,"key":"REST"},{"data":"Tempest","floor":78,"key":"SMITH"},{"data":"Storm","floor":83,"key":"SMITH"}],"circlet_count":0,"master_deck":["Strike_B+1","Strike_B+2","Strike_B+1","Defend_B+1","Defend_B","Defend_B+1","Defend_B+1","Zap+1","Dualcast","Streamline","conspire:SharedLibrary","hubris:Ukulele","Hologram+1","Redo+1","Streamline+1","Self Repair","Apotheosis+1","Loop","Conserve Battery+1","Conserve Battery+1","Echo Form+1","Seek","Electrodynamics","ReplayTheSpireMod:Book of Names","Panic Button+1","Thunder Strike","infinitespire:Oblivion+1","Turbo","Fission+1","Creative AI","ReplayTheSpireMod:Calculation Training+1","Madness+1","Lockon+1","ReplayTheSpireMod:Repulse+1","hubris:DoWhile+1","Mayhem+1","Tempest+1","Turbo+1","Storm+1","Buffer","infinitespire:TheBestDefense","hubris:PowerSurge","ReplayTheSpireMod:Calculation Training","Tempest+1","ReplayTheSpireMod:IOU","CommonCold","Capacitor","Consume+1"],"relics":["Cracked Core","Gremlin Food","hubris:Towel","MerchantsRug","Cables","DataDisk","Potion Belt","Black Star","hubris:Icosahedron","infinitespire:Midas Blood","Simple Rune","hubris:ToyBattleship","Pondfish Scales","Snack Pack","aspiration:BursterCore","HornCleat","Eternal Feather","champ:DeflectingBracers","Pantograph","Prayer Wheel","hubris:ScarierMask","Strange Spoon","Pen Nib","Mercury Hourglass","hubris:SlimyHat","aspiration:EnhancedActuators","hubris:MysteriousPyramids","Emotion Chip","Replay:Ancient Bell","hexamod:BolsterEngine","aspiration:FetidBarrel","FossilizedHelix","Guardian:PocketSentry","Whetstone"],"acts_visited":["Exordium","TheCity","TheBeyond","Exordium","TheCity","TheBeyond"],"potions_floor_usage":[61,61,61,65,73,73,73,73,76,76,89],"damage_taken":[{"damage":1.0,"enemies":"Cultist","floor":1.0,"turns":3.0},{"damage":0.0,"enemies":"2 Louse","floor":2.0,"turns":2.0},{"damage":5.0,"enemies":"conspire:RoseBush","floor":3.0,"turns":3.0},{"damage":6.0,"enemies":"conspire:2 RoseBushes","floor":4.0,"turns":4.0},{"damage":6.0,"enemies":"3 Louse","floor":5.0,"turns":3.0},{"damage":7.0,"enemies":"Lagavulin","floor":7.0,"turns":7.0},{"damage":18.0,"enemies":"Exordium Wildlife","floor":8.0,"turns":4.0},{"damage":4.0,"enemies":"Gremlin Gang","floor":13.0,"turns":5.0},{"damage":4.0,"enemies":"3 Sentries","floor":14.0,"turns":3.0},{"damage":42.0,"enemies":"Hexaghost","floor":16.0,"turns":6.0},{"damage":25.0,"enemies":"2 Thieves","floor":18.0,"turns":3.0},{"damage":10.0,"enemies":"Shell Parasite","floor":20.0,"turns":5.0},{"damage":0.0,"enemies":"Centurion and Healer","floor":22.0,"turns":5.0},{"damage":1.0,"enemies":"Replay:Snechameleon","floor":25.0,"turns":5.0},{"damage":48.0,"enemies":"Nightmare","floor":27.0,"turns":7.0},{"damage":9.0,"enemies":"Snecko","floor":29.0,"turns":5.0},{"damage":9.0,"enemies":"Sentry and Sphere","floor":30.0,"turns":5.0},{"damage":30.0,"enemies":"hubris:MusketHawk","floor":33.0,"turns":8.0},{"damage":13.0,"enemies":"Orb Walker","floor":35.0,"turns":4.0},{"damage":5.0,"enemies":"3 Shapes","floor":38.0,"turns":3.0},{"damage":77.0,"enemies":"Reptomancer","floor":40.0,"turns":6.0},{"damage":41.0,"enemies":"Maw","floor":42.0,"turns":7.0},{"damage":49.0,"enemies":"Jaw Worm Horde","floor":44.0,"turns":5.0},{"damage":0.0,"enemies":"Giant Head","floor":46.0,"turns":1.0},{"damage":14.0,"enemies":"Sphere and 2 Shapes","floor":47.0,"turns":3.0},{"damage":6.0,"enemies":"Maw","floor":48.0,"turns":7.0},{"damage":15.0,"enemies":"Replay:Hell Engine","floor":50.0,"turns":10.0},{"damage":0.0,"enemies":"conspire:RoseBush","floor":52.0,"turns":2.0},{"damage":0.0,"enemies":"Jaw Worm","floor":53.0,"turns":1.0},{"damage":4.0,"enemies":"Gremlin Nob","floor":58.0,"turns":4.0},{"damage":0,"enemies":"Lagavulin","floor":61,"turns":4},{"damage":0,"enemies":"Small Slimes","floor":63,"turns":2},{"damage":6,"enemies":"Looter","floor":64,"turns":2},{"damage":0,"enemies":"2 Fungi Beasts","floor":65,"turns":2},{"damage":0,"enemies":"Slime Boss","floor":67,"turns":4},{"damage":6,"enemies":"3 Byrds","floor":69,"turns":3},{"damage":10,"enemies":"2 Thieves","floor":72,"turns":2},{"damage":11,"enemies":"Chosen and Byrds","floor":73,"turns":2},{"damage":0,"enemies":"Centurion and Healer","floor":75,"turns":3},{"damage":17,"enemies":"Snake Plant","floor":76,"turns":3},{"damage":1,"enemies":"conspire:SneckoGhost","floor":79,"turns":3},{"damage":0,"enemies":"Gremlin Leader","floor":81,"turns":2},{"damage":37,"enemies":"Collector","floor":84,"turns":4},{"damage":0,"enemies":"3 Shapes","floor":86,"turns":3},{"damage":0,"enemies":"infinitespire:Three Voidlings","floor":89,"turns":2},{"damage":87,"enemies":"Nightmare_Alpha","floor":89,"turns":3}],"seed_played":"-795008929105979890","potions_obtained":[{"floor":0.0,"key":"Venom Potion"},{"floor":0.0,"key":"Elixir"},{"floor":0.0,"key":"PotionOfCapacity"},{"floor":1.0,"key":"ColorlessPotion"},{"floor":4.0,"key":"Energy Potion"},{"floor":8.0,"key":"Strength Potion"},{"floor":13.0,"key":"AttackPotion"},{"floor":16.0,"key":"Explosive Potion"},{"floor":18.0,"key":"SpeedPotion"},{"floor":22.0,"key":"SkillPotion"},{"floor":27.0,"key":"LiquidMemories"},{"floor":30.0,"key":"Fire Potion"},{"floor":33.0,"key":"Swift Potion"},{"floor":40.0,"key":"Venom Potion"},{"floor":42.0,"key":"Venom Potion"},{"floor":44.0,"key":"Explosive Potion"},{"floor":53.0,"key":"Strength Potion"},{"floor":58.0,"key":"FocusPotion"},{"floor":63,"key":"Block Potion"},{"floor":72,"key":"Toxic Potion"},{"floor":73,"key":"Strength Potion"},{"floor":76,"key":"Elixir"},{"floor":86,"key":"Dexterity Potion"}],"is_trial":false,"path_per_floor":["M","M","M","M","M","R","E","M","T","?","?","$","M","E","R","B",null,"M","AVR","M","$","M","R","?","E","T","NM","R","M","M","?","R","B",null,"M","?","?","M","$","E","R","M","T","M","AVR","E","M","M","R","B",null,"M","M","?","?","$","R","E","?","T","E","R","M","M","M","R","B",null,"M","$","?","M","M","R","M","M","T","R","E","T","E","?","R","B",null,"M","?","$","?"],"character_chosen":"DEFECT","items_purchased":["MerchantsRug","Loop","Conserve Battery+1","Flashbang","Panic Button+1","Mayhem+1","Lee\u0027s Waffle","infinitespire:Midas Blood","Block Potion","Ancient Potion","Explosive Potion","hubris:PowerSurge","Strange Spoon","Guardian:PocketSentry","Energy Potion","LiquidMemories","Whetstone"],"campfire_rested":8,"item_purchase_floors":[12,12,12,21,21,39,39,39,56,56,56,70,70,88,88,88,88],"current_hp_per_floor":[74,74,69,63,57,75,68,50,50,50,50,50,53,56,75,33,75,50,50,47,47,57,75,75,75,75,37,59,50,48,48,70,40,75,75,75,75,75,82,25,49,22,22,11,11,11,68,82,82,73,82,82,82,82,66,66,82,78,78,78,80,82,82,82,82,82,82,82,82,82,64,54,43,82,82,69,69,82,81,81,81,81,82,45,82,82,82,82,0,0],"gold":10,"neow_bonus":"THREE_SMALL_POTIONS","is_daily":false,"chose_seed":false,"campfire_upgraded":5,"win_rate":0.0,"timestamp":1613493623,"path_taken":["M","M","M","?","M","R","E","M","T","?","?","$","M","E","R","BOSS","M","AVR","M","$","M","R","?","E","T","NM","R","M","M","?","R","BOSS","M","?","?","M","$","E","R","M","T","M","AVR","E","M","?","R","BOSS","M","M","?","?","$","R","E","?","T","E","R","?","?","M","R","BOSS","M","$","?","M","?","R","M","M","T","R","E","?","E","?","R","BOSS","M","?","$","?"],"items_purchased_type":["Relic","Card","Card","Potion","Card","Card","Relic","Relic","Potion","Potion","Potion","Card","Relic","Relic","Potion","Potion","Relic"],"build_version":"2020-12-22","purchased_purges":1,"victory":false,"max_hp_per_floor":[75,75,75,75,75,75,75,75,75,75,75,75,75,75,75,75,75,75,75,75,75,75,75,75,75,75,75,75,75,75,75,75,75,75,75,75,75,75,82,82,82,82,82,82,82,82,82,82,82,82,82,82,82,82,82,82,82,82,82,82,82,82,82,82,82,82,82,82,82,82,82,82,82,82,82,82,82,82,82,82,82,82,82,82,82,82,82,82,82,82],"card_choices":[{"not_picked":["hubris:Ukulele","Glacier"],"picked":"Streamline","floor":1.0},{"not_picked":["Go for the Eyes","Turbo"],"picked":"conspire:SharedLibrary","floor":2.0},{"not_picked":["Leap","Conserve Battery"],"picked":"hubris:Ukulele","floor":3.0},{"not_picked":["Hello World","Conserve Battery"],"picked":"Hologram","floor":4.0},{"not_picked":["Blizzard","Steam"],"picked":"Redo","floor":5.0},{"not_picked":["Barrage","Hello World"],"picked":"Streamline","floor":7.0},{"not_picked":["Beam Cell","Gash"],"picked":"Self Repair","floor":8.0},{"not_picked":["Glacier","Barrage"],"picked":"Conserve Battery","floor":13.0},{"not_picked":["Buffer","Mirror Shield"],"picked":"Echo Form","floor":14.0},{"not_picked":["Beam Cell","ReplaySort","Consume"],"picked":"SKIP","floor":14.0},{"not_picked":["Meteor Strike","Echo Form"],"picked":"Seek","floor":16.0},{"not_picked":["Steam","Conserve Battery"],"picked":"Electrodynamics","floor":18.0},{"not_picked":["Steam","Rebound","Hello World"],"picked":"SKIP","floor":20.0},{"not_picked":["Leap","Rip and Tear","Rainbow"],"picked":"SKIP","floor":22.0},{"not_picked":["Gash","hubris:Ukulele"],"picked":"Thunder Strike","floor":25.0},{"not_picked":["ReplayTheSpireMod:Haul","ReplayTheSpireMod:??????????????????????"],"picked":"infinitespire:Oblivion","floor":27.0},{"not_picked":["Heatsinks","Recycle"],"picked":"Turbo","floor":27.0},{"not_picked":["Streamline","Leap","Rebound"],"picked":"SKIP","floor":29.0},{"not_picked":["Streamline","Leap","Rebound"],"picked":"SKIP","floor":29.0},{"not_picked":["Go for the Eyes","Chaos"],"picked":"Fission","floor":30.0},{"not_picked":["All For One","Multi-Cast"],"picked":"Creative AI","floor":33.0},{"not_picked":["Cold Snap+1","Rebound+1"],"picked":"ReplayTheSpireMod:Calculation Training+1","floor":35.0},{"not_picked":["ReplayTheSpireMod:Repulse","Leap+1"],"picked":"Lockon+1","floor":37.0},{"not_picked":["Coolheaded","conspire:Rain"],"picked":"ReplayTheSpireMod:Repulse+1","floor":37.0},{"not_picked":["Conserve Battery","Cold Snap+1"],"picked":"hubris:DoWhile","floor":38.0},{"not_picked":["Panic Button","Beam Cell","BasicCrystalCard+1"],"picked":"SKIP","floor":40.0},{"not_picked":["Conserve Battery","Streamline+1"],"picked":"Tempest+1","floor":42.0},{"not_picked":["Gash","Fusion","Sweeping Beam+1"],"picked":"SKIP","floor":44.0},{"not_picked":["Double Energy+1","Coolheaded"],"picked":"Turbo","floor":46.0},{"not_picked":["Gash","Panic Button","Hello World+1"],"picked":"SKIP","floor":47.0},{"not_picked":["Auto Shields","Compile Driver+1","Hologram"],"picked":"SKIP","floor":48.0},{"not_picked":["Creative AI","Hyperbeam"],"picked":"ReplayTheSpireMod:Fabricate Wheel","floor":50.0},{"not_picked":["BootSequence","Rebound","Ball Lightning"],"picked":"SKIP","floor":52.0},{"not_picked":["Hologram","Electrodynamics","Chaos"],"picked":"SKIP","floor":53.0},{"not_picked":["Ball Lightning","Redo"],"picked":"Storm","floor":58.0},{"not_picked":["Cold Snap","Streamline","Ball Lightning"],"picked":"SKIP","floor":61},{"not_picked":["Leap","Ball Lightning","Gash"],"picked":"SKIP","floor":63},{"not_picked":["Go for the Eyes","Glacier","Genetic Algorithm"],"picked":"SKIP","floor":64},{"not_picked":["Force Field","Rebound","Gash"],"picked":"SKIP","floor":65},{"not_picked":["infinitespire:Menacing","ReplayTheSpireMod:Chaos Vortex"],"picked":"infinitespire:TheBestDefense","floor":67},{"not_picked":["Rebound","Sweeping Beam","Leap"],"picked":"SKIP","floor":69},{"not_picked":["Hello World","Steam Power","Biased Cognition"],"picked":"SKIP","floor":69},{"not_picked":["Beam Cell+1","Sweeping Beam","Recycle+1"],"picked":"SKIP","floor":72},{"not_picked":["Stack","Ball Lightning","Redo"],"picked":"SKIP","floor":72},{"not_picked":["Cold Snap","Hologram","Redo"],"picked":"SKIP","floor":73},{"not_picked":["Darkness+1","Go for the Eyes","Gash"],"picked":"SKIP","floor":73},{"not_picked":["Ball Lightning","Conserve Battery"],"picked":"ReplayTheSpireMod:Calculation Training","floor":75},{"not_picked":["Gash","Conserve Battery","Skim"],"picked":"SKIP","floor":75},{"not_picked":["Tempest","Redo","Recycle"],"picked":"SKIP","floor":76},{"not_picked":["Barrage","Beam Cell","Redo+1"],"picked":"SKIP","floor":76},{"not_picked":["Redo","Recycle"],"picked":"Tempest","floor":76},{"not_picked":["Barrage","Beam Cell","Redo+1"],"picked":"SKIP","floor":76},{"not_picked":["Self Repair","Beam Cell","Streamline"],"picked":"SKIP","floor":79},{"not_picked":["Rebound","ReplayTheSpireMod:Dual Polarity","BasicCrystalCard"],"picked":"SKIP","floor":81},{"not_picked":["Injury","hubris:Disease"],"picked":"ReplayTheSpireMod:IOU","floor":85},{"not_picked":["Writhe","Doubt"],"picked":"CommonCold","floor":85},{"not_picked":["conspire:NecroticWound","CurseOfTheBell"],"picked":"Writhe","floor":85},{"not_picked":["BasicCrystalCard","Conserve Battery"],"picked":"Capacitor","floor":86},{"not_picked":["Compile Driver+1","Barrage"],"picked":"Consume+1","floor":86}],"player_experience":670291,"relics_obtained":[{"floor":7.0,"key":"Gremlin Food"},{"floor":14.0,"key":"conspire:GiftBox"},{"floor":25.0,"key":"Blue Doll"},{"floor":26.0,"key":"DataDisk"},{"floor":27.0,"key":"Potion Belt"},{"floor":40.0,"key":"Simple Rune"},{"floor":40.0,"key":"hubris:ToyBattleship"},{"floor":43.0,"key":"Replay:Baseball"},{"floor":46.0,"key":"Pondfish Scales"},{"floor":46.0,"key":"Snack Pack"},{"floor":58.0,"key":"HornCleat"},{"floor":58.0,"key":"Eternal Feather"},{"floor":60.0,"key":"champ:DeflectingBracers"},{"floor":61,"key":"War Paint"},{"floor":61,"key":"Pantograph"},{"floor":77,"key":"Pen Nib"},{"floor":79,"key":"Mercury Hourglass"},{"floor":79,"key":"hubris:SlimyHat"},{"floor":80,"key":"aspiration:EnhancedActuators"},{"floor":81,"key":"hubris:MysteriousPyramids"},{"floor":81,"key":"Emotion Chip"}],"event_choices":[{"damage_healed":50.0,"max_hp_gain":0.0,"max_hp_loss":75.0,"gold_gain":0.0,"event_name":"betterThird:BetterShining","player_choice":"Embrace","floor":11.0,"gold_loss":0.0,"damage_taken":0.0},{"damage_healed":0.0,"max_hp_gain":0.0,"max_hp_loss":0.0,"gold_gain":0.0,"event_name":"The Mausoleum","player_choice":"Opened","floor":24.0,"gold_loss":0.0,"damage_taken":0.0,"relics_obtained":["Garlic"]},{"cards_removed":["Strike_B"],"damage_healed":0.0,"max_hp_gain":0.0,"max_hp_loss":0.0,"gold_gain":0.0,"event_name":"Beggar","player_choice":"Gave Gold","floor":31.0,"gold_loss":75.0,"damage_taken":0.0},{"damage_healed":82.0,"max_hp_gain":0.0,"max_hp_loss":82.0,"gold_gain":0.0,"event_name":"betterThird:BetterShining","player_choice":"Upgrade","floor":55.0,"gold_loss":0.0,"damage_taken":16.0,"cards_upgraded":["Hologram","Streamline"]},{"damage_healed":0.0,"max_hp_gain":0.0,"max_hp_loss":0.0,"gold_gain":0.0,"event_name":"conspire:LoneGhost","player_choice":"Disagree","floor":59.0,"gold_loss":0.0,"damage_taken":0.0},{"damage_healed":0,"gold_gain":90,"player_choice":"GOLD POTION ","damage_taken":18,"max_hp_gain":0,"max_hp_loss":0,"event_name":"Knowing Skull","floor":71,"potions_obtained":["Energy Potion"],"gold_loss":0,"cards_obtained":[]},{"damage_healed":0,"gold_gain":0,"player_choice":"Ignored","damage_taken":0,"max_hp_gain":0,"max_hp_loss":0,"event_name":"N\u0027loth","floor":82,"gold_loss":0}],"is_beta":false,"boss_relics":[{"not_picked":["Abe\u0027s Treasure","Kintsugi","aspiration:RunicSpoon"]},{"not_picked":["Busted Crown","Coffee Dripper"],"picked":"Black Star"},{"not_picked":["conspire:SpecialSausage","hubris:VirtuousBlindfold"],"picked":"aspiration:BursterCore"},{"not_picked":["Empty Cage","conspire:SeveredTorchhead"],"picked":"hubris:ScarierMask"},{"not_picked":["Inserter","SlaversCollar"],"picked":"Replay:Ancient Bell"},{"not_picked":["infinitespire:Satchel","Orichalcum"],"picked":"hexamod:BolsterEngine"},{"not_picked":["Ornamental Fan","Meat on the Bone"],"picked":"aspiration:FetidBarrel"},{"not_picked":["Replay:Kaleidoscope","conspire:IceCreamScoop"],"picked":"FossilizedHelix"}],"items_purged_floors":[88],"is_endless":true,"potions_floor_spawned":[1,4,8,13,16,18,22,27,30,33,40,42,44,53,58,63,72,73,76,86,89],"killed_by":"Nightmare_Alpha","ascension_level":1}}