{"host":"phniwng9zo19jwdb","time":1613516815,"event":{"mods":["AchievementEnabler","BaseMod","Colored Powertips","Dark Map","Faster Ascension Climbing","GifTheSpireLib","Minty Spire (QoL Compilation)","Permanent Neow","Rare Cards Sparkle","Relic Filter Mod","StSLib","Weighted Paths"],"gold_per_floor":[117,47,61,77,77,77,103,115,173,197,237,249,276,320,332,418,430,453,475,487,499,511,523,553,596,608,647,659,671,697,709,721,733,733],"floor_reached":33,"language":"ENG","playtime":1079,"items_purged":[],"score":606,"play_id":"4fe772d0-f97b-42c6-9512-a4355a472e34","local_time":"20210217000655","is_ascension_mode":true,"campfire_choices":[{"data":"Neutralize","floor":6.0,"key":"SMITH"},{"data":"Glass Knife","floor":8.0,"key":"SMITH"},{"floor":12.0,"key":"REST"},{"data":"Calculated Gamble","floor":15.0,"key":"SMITH"},{"floor":23,"key":"REST"},{"floor":28,"key":"REST"},{"floor":32,"key":"REST"}],"circlet_count":0,"master_deck":["AscendersBane","Strike_G+1","Strike_G+1","Strike_G+1","Strike_G+1","Strike_G+1","Defend_G+1","Defend_G+1","Defend_G+1","Defend_G+1","Defend_G+1","Survivor","Neutralize+1","CurseOfTheBell","Cloak And Dagger","PiercingWail","Glass Knife+1","Backflip","Calculated Gamble+1","Poisoned Stab","Envenom","Reflex","Reflex","Blade Dance+1","Escape Plan","A Thousand Cuts","Noxious Fumes","After Image"],"relics":["Calling Bell","Happy Flower","Mercury Hourglass","Pocketwatch","Snake Skull","White Beast Statue","MawBank","Omamori","Boot","TungstenRod","Fusion Hammer","Necronomicon","Sundial","HornCleat","Oddly Smooth Stone"],"acts_visited":["Exordium","TheCity"],"potions_floor_usage":[19,24,25,30,33,33],"damage_taken":[{"damage":0.0,"enemies":"Cultist","floor":1.0,"turns":4.0},{"damage":0.0,"enemies":"Small Slimes","floor":3.0,"turns":3.0},{"damage":0.0,"enemies":"2 Louse","floor":4.0,"turns":2.0},{"damage":21.0,"enemies":"Gremlin Nob","floor":7.0,"turns":4.0},{"damage":5.0,"enemies":"Exordium Wildlife","floor":10.0,"turns":3.0},{"damage":12.0,"enemies":"3 Sentries","floor":11.0,"turns":8.0},{"damage":0.0,"enemies":"Lots of Slimes","floor":13.0,"turns":5.0},{"damage":6.0,"enemies":"Gremlin Nob","floor":14.0,"turns":3.0},{"damage":22.0,"enemies":"Slime Boss","floor":16.0,"turns":8.0},{"damage":5,"enemies":"3 Byrds","floor":18,"turns":4},{"damage":5,"enemies":"2 Thieves","floor":19,"turns":4},{"damage":18,"enemies":"Snecko","floor":24,"turns":6},{"damage":10,"enemies":"Gremlin Leader","floor":25,"turns":6},{"damage":37,"enemies":"Slavers","floor":27,"turns":5},{"damage":21,"enemies":"Centurion and Healer","floor":30,"turns":5},{"damage":10,"enemies":"Collector","floor":33,"turns":7}],"seed_played":"-1512295014871945809","potions_obtained":[{"floor":1.0,"key":"AttackPotion"},{"floor":4.0,"key":"SkillPotion"},{"floor":7.0,"key":"FairyPotion"},{"floor":10.0,"key":"BlessingOfTheForge"},{"floor":11.0,"key":"DistilledChaos"},{"floor":13.0,"key":"GamblersBrew"},{"floor":14.0,"key":"BlessingOfTheForge"},{"floor":16.0,"key":"DuplicationPotion"},{"floor":19,"key":"Fruit Juice"},{"floor":24,"key":"Ancient Potion"},{"floor":25,"key":"DuplicationPotion"},{"floor":27,"key":"BlessingOfTheForge"},{"floor":30,"key":"Block Potion"}],"is_trial":false,"path_per_floor":["M","?","M","M","?","R","E","R","T","M","E","R","M","E","R","B",null,"M","M","?","?","$","R","M","E","T","E","R","?","M","?","R","B"],"character_chosen":"THE_SILENT","items_purchased":[],"campfire_rested":4,"item_purchase_floors":[],"current_hp_per_floor":[59,59,59,59,54,54,33,33,33,28,16,35,35,29,29,7,51,46,41,24,24,24,43,30,20,20,11,32,32,11,11,32,22,22],"gold":733,"neow_bonus":"BOSS_RELIC","is_daily":false,"chose_seed":false,"campfire_upgraded":3,"win_rate":0.0,"timestamp":1613516815,"path_taken":["M","?","?","M","?","R","E","R","T","M","E","R","M","E","R","BOSS","M","M","?","?","?","R","?","E","T","E","R","?","M","?","R","BOSS"],"items_purchased_type":[],"build_version":"2020-12-22","purchased_purges":0,"victory":false,"max_hp_per_floor":[66,66,66,66,66,66,66,66,66,66,66,66,66,66,66,66,66,66,66,66,66,66,66,71,71,71,71,71,71,71,71,71,71,71],"card_choices":[{"not_picked":["Sucker Punch","Deadly Poison","Slice"],"picked":"SKIP","floor":1.0},{"not_picked":["Quick Slash","Sucker Punch"],"picked":"Cloak And Dagger","floor":3.0},{"not_picked":["Flying Knee","Concentrate"],"picked":"PiercingWail","floor":4.0},{"not_picked":["Endless Agony","Reflex"],"picked":"Glass Knife","floor":7.0},{"not_picked":["Catalyst","Underhanded Strike"],"picked":"Backflip","floor":10.0},{"not_picked":["Deflect","Acrobatics"],"picked":"Calculated Gamble","floor":11.0},{"not_picked":["Sucker Punch","Deflect"],"picked":"Poisoned Stab","floor":13.0},{"not_picked":["Predator","Deflect","Deadly Poison"],"picked":"SKIP","floor":14.0},{"not_picked":["Glass Knife","Storm of Steel"],"picked":"Envenom","floor":16.0},{"not_picked":["Leg Sweep","Finisher"],"picked":"Reflex","floor":18},{"not_picked":["Sucker Punch+1","Finisher"],"picked":"Reflex","floor":19},{"not_picked":["Dagger Spray","Riddle With Holes"],"picked":"Blade Dance+1","floor":24},{"not_picked":["Masterful Stab","Underhanded Strike"],"picked":"Escape Plan","floor":25},{"not_picked":["Outmaneuver","Deflect"],"picked":"A Thousand Cuts","floor":27},{"not_picked":["Underhanded Strike","Deadly Poison"],"picked":"Noxious Fumes","floor":30}],"player_experience":151710,"relics_obtained":[{"floor":0.0,"key":"Happy Flower"},{"floor":0.0,"key":"Mercury Hourglass"},{"floor":0.0,"key":"Pocketwatch"},{"floor":7.0,"key":"MawBank"},{"floor":9.0,"key":"Omamori"},{"floor":11.0,"key":"Boot"},{"floor":14.0,"key":"TungstenRod"},{"floor":20,"key":"Necronomicon"},{"floor":25,"key":"Sundial"},{"floor":26,"key":"HornCleat"},{"floor":27,"key":"Oddly Smooth Stone"}],"event_choices":[{"damage_healed":0.0,"max_hp_gain":0.0,"max_hp_loss":0.0,"gold_gain":0.0,"event_name":"WeMeetAgain","player_choice":"Paid Gold","floor":2.0,"gold_loss":70.0,"damage_taken":0.0,"relics_obtained":["Snake Skull"]},{"damage_healed":0.0,"max_hp_gain":0.0,"max_hp_loss":0.0,"gold_gain":0.0,"event_name":"Scrap Ooze","player_choice":"Success","floor":5.0,"gold_loss":0.0,"damage_taken":5.0,"relics_obtained":["White Beast Statue"]},{"damage_healed":0,"gold_gain":0,"player_choice":"Obtained Book","damage_taken":21,"max_hp_gain":0,"max_hp_loss":0,"event_name":"Cursed Tome","floor":20,"gold_loss":0},{"damage_healed":0,"gold_gain":0,"player_choice":"Simplicity","damage_taken":0,"max_hp_gain":0,"max_hp_loss":0,"event_name":"Back to Basics","floor":21,"gold_loss":0,"cards_upgraded":["Strike_G","Strike_G","Strike_G","Strike_G","Strike_G","Defend_G","Defend_G","Defend_G","Defend_G","Defend_G"]},{"damage_healed":0,"gold_gain":0,"player_choice":"Ignored","damage_taken":0,"max_hp_gain":0,"max_hp_loss":0,"event_name":"Ghosts","floor":29,"gold_loss":0},{"damage_healed":0,"gold_gain":0,"player_choice":"1 cards matched","damage_taken":0,"max_hp_gain":0,"max_hp_loss":0,"event_name":"Match and Keep!","floor":31,"gold_loss":0,"cards_obtained":["After Image"]}],"is_beta":false,"boss_relics":[{"not_picked":["Philosopher\u0027s Stone","Busted Crown"],"picked":"Fusion Hammer"}],"items_purged_floors":[],"is_endless":false,"potions_floor_spawned":[1,4,7,10,11,13,14,16,18,19,24,25,27,30],"killed_by":"Collector","ascension_level":20}}