{"host":"v86vpwf004p2esb7","time":1613467867,"event":{"mods":["AchievementEnabler","BaseMod","BetterRewards","Colored Powertips","Minty Spire (QoL Compilation)","Quick Restart","StSLib","Transform Curses"],"gold_per_floor":[109,109,126,141,141,141,168,168,168,187,200,220,220,47,47,47,47],"floor_reached":16,"language":"ENG","playtime":461,"items_purged":["Pain"],"score":112,"play_id":"898300f1-8589-459f-bac0-8fda3a151fcc","local_time":"20210216013107","is_ascension_mode":true,"campfire_choices":[{"data":"BattleHymn","floor":6,"key":"SMITH"},{"floor":13,"key":"REST"},{"data":"Establishment","floor":15,"key":"SMITH"}],"circlet_count":0,"master_deck":["Strike_P+1","Strike_P","Strike_P","Strike_P","Defend_P","Defend_P","Defend_P","Defend_P","Eruption","Vigilance","MentalFortress","BattleHymn+1","BowlingBash+1","FollowUp","FearNoEvil","Regret","Halt","Establishment+1","Weave","CutThroughFate","CutThroughFate","ForeignInfluence"],"relics":["PureWater","Lee\u0027s Waffle","Happy Flower","Shovel","Shuriken","Centennial Puzzle","WarpedTongs","Letter Opener"],"acts_visited":["Exordium"],"potions_floor_usage":[],"damage_taken":[{"damage":12,"enemies":"Jaw Worm","floor":1,"turns":3},{"damage":0,"enemies":"Cultist","floor":3,"turns":2},{"damage":0,"enemies":"Small Slimes","floor":4,"turns":2},{"damage":14,"enemies":"Gremlin Nob","floor":7,"turns":3},{"damage":3,"enemies":"Looter","floor":10,"turns":2},{"damage":5,"enemies":"Exordium Thugs","floor":11,"turns":3},{"damage":14,"enemies":"Red Slaver","floor":12,"turns":3},{"damage":36,"enemies":"The Guardian","floor":16,"turns":4}],"seed_played":"-4277605717116381903","potions_obtained":[{"floor":3,"key":"Dexterity Potion"},{"floor":7,"key":"BlessingOfTheForge"},{"floor":12,"key":"FearPotion"}],"is_trial":false,"path_per_floor":["M","?","M","M","?","R","E","?","T","M","M","M","R","$","R","B"],"character_chosen":"WATCHER","items_purchased":["Lee\u0027s Waffle","MentalFortress","Happy Flower","BattleHymn","Shovel","CutThroughFate","ForeignInfluence"],"campfire_rested":1,"item_purchase_floors":[0,0,0,0,0,14,14],"current_hp_per_floor":[67,51,51,51,51,51,37,37,37,34,29,15,38,38,38,2,2],"gold":47,"neow_bonus":"","is_daily":false,"chose_seed":false,"campfire_upgraded":2,"win_rate":0.0,"timestamp":1613467867,"path_taken":["M","?","M","M","?","R","E","?","T","M","M","M","R","$","R","BOSS"],"items_purchased_type":["Relic","Card","Relic","Card","Relic","Card","Card"],"build_version":"2020-12-22","purchased_purges":1,"victory":false,"max_hp_per_floor":[79,79,79,79,79,79,79,79,79,79,79,79,79,79,79,79,79],"card_choices":[{"not_picked":["ClearTheMind","Protect"],"picked":"BowlingBash","floor":1},{"not_picked":["Halt","Crescendo"],"picked":"FollowUp","floor":3},{"not_picked":["MentalFortress","EmptyBody"],"picked":"FearNoEvil","floor":4},{"not_picked":["BattleHymn","Weave"],"picked":"Halt","floor":7},{"not_picked":["Evaluate","Nirvana"],"picked":"Establishment","floor":10},{"not_picked":["Consecrate","ThirdEye"],"picked":"Weave","floor":11},{"not_picked":["Swivel","Vengeance"],"picked":"CutThroughFate","floor":12}],"player_experience":272108,"relics_obtained":[{"floor":7,"key":"Centennial Puzzle"},{"floor":9,"key":"Letter Opener"}],"event_choices":[{"damage_healed":0,"gold_gain":0,"player_choice":"Entered Light","damage_taken":16,"max_hp_gain":0,"max_hp_loss":0,"event_name":"Shining Light","floor":2,"gold_loss":0,"cards_upgraded":["Strike_P","BowlingBash"]},{"damage_healed":0,"gold_gain":0,"player_choice":"Box","damage_taken":0,"relics_obtained":["Shuriken"],"max_hp_gain":0,"max_hp_loss":0,"event_name":"Big Fish","floor":5,"gold_loss":0,"cards_obtained":["Regret"]},{"damage_healed":0,"gold_gain":0,"player_choice":"Rummage","damage_taken":0,"relics_obtained":["WarpedTongs"],"max_hp_gain":0,"max_hp_loss":0,"event_name":"Accursed Blacksmith","floor":8,"gold_loss":0,"cards_obtained":["Pain"]}],"is_beta":false,"boss_relics":[],"items_purged_floors":[14],"is_endless":false,"potions_floor_spawned":[3,7,12],"killed_by":"The Guardian","ascension_level":2}}