{"host":"h2riq1vifvx9pvqe","time":1613495168,"event":{"mods":["Act Like it!","Bartender","BaseMod","Better Match","Bossed Relics","Chen","FTL Soundtrack","Friendly Minions","Gensokyo","Hallownest","HololiveMod","Hubris","Hyrulean Relics","Infinite Spire","KinomotoSakuraMod(????)","Koishi","Marisa????????","Minty Spire (QoL Compilation)","Nova Terra(??·??)","Prisma Mod","Quick Restart","Railgun Mod","Rare Cards Sparkle","Reimu??????","Relic Sorter","Reliquary","Remilia??????","Replay The Spire","Spikes Relics","StSLib","Synergy Search","The Administrix","The Animator","The Bug Knight","The Construct","The Disciple","The Saiyan","The Senshi","The Servant 0.9.4","TheHero","WarShipGirlsR/????R mod","Yuri Mod","Yuyuko"],"gold_per_floor":[115,115,1,1,15,46,64,64,88,58,92,107,107,136,136,239,239,256,276,123,135,148,148,148],"floor_reached":23,"language":"FRA","playtime":1945,"items_purged":[],"score":271,"play_id":"4f11dad2-a75c-4ebc-8078-eac8a79d8827","local_time":"20210216180608","is_ascension_mode":true,"campfire_choices":[{"data":"theSenshi:MoonCrisisMakeUp","floor":8,"key":"SMITH"},{"data":"theSenshi:JupitersPower","floor":13,"key":"SMITH"},{"floor":15,"key":"REST"}],"circlet_count":0,"master_deck":["theSenshi:SailorKick","theSenshi:SailorKick","theSenshi:SailorKick+1","theSenshi:SailorKick","theSenshi:SailorBlock","theSenshi:SailorBlock","theSenshi:SailorBlock","theSenshi:SailorBlock","theSenshi:RoseThrow+1","theSenshi:MoonPrismPowerMakeUp","Defend_Lin:ReiMu","theSenshi:JupitersPower+1","theSenshi:MoonTwilightFlash","theSenshi:MoonCrisisMakeUp+1","theSenshi:SupersonicWaves+1","theSenshi:SailorMercuryAssists+1","theSenshi:CrisisMakeUp","theSenshi:MoonPunch","theSenshi:WarriorOfTheMoon","theSenshi:MoonTiaraMagic","theSenshi:TuxedoSmokingBomber+1","theSenshi:MoonGorgeousMeditation","theSenshi:MoonTiaraMagic","theSenshi:WarriorOfTheMoon","theSenshi:MoonPrincessHalation"],"relics":["theSenshi:TransformationBroochRelic","Happy Flower","War Paint","Pen Nib","ReplayTheSpireMod:Lightbulb","Painkiller Herb","Whetstone"],"acts_visited":["Exordium","TheCity"],"potions_floor_usage":[14,16,21,22,23,23],"damage_taken":[{"damage":0,"enemies":"Small Slimes","floor":1,"turns":3},{"damage":0,"enemies":"Cultist","floor":5,"turns":3},{"damage":0,"enemies":"HollowMod:MossKnight","floor":6,"turns":6},{"damage":13,"enemies":"Jaw Worm","floor":7,"turns":3},{"damage":6,"enemies":"Lagavulin","floor":11,"turns":6},{"damage":0,"enemies":"Red Slaver","floor":12,"turns":4},{"damage":24,"enemies":"3 Sentries","floor":14,"turns":7},{"damage":28,"enemies":"Hexaghost","floor":16,"turns":13},{"damage":10,"enemies":"2 Thieves","floor":18,"turns":3},{"damage":12,"enemies":"Shell Parasite","floor":19,"turns":6},{"damage":38,"enemies":"Cultist and Chosen","floor":21,"turns":7},{"damage":0,"enemies":"Snecko","floor":22,"turns":4},{"damage":17,"enemies":"Replay:Snechameleon","floor":23,"turns":4}],"seed_played":"6519374998814762534","potions_obtained":[{"floor":5,"key":"Adrenaline Potion"},{"floor":10,"key":"ColorlessPotion"},{"floor":10,"key":"SteroidPotion"},{"floor":14,"key":"AttackPotion"},{"floor":21,"key":"GrandPatriotsElixir:ReiMu"},{"floor":22,"key":"SkillPotion"}],"is_trial":false,"path_per_floor":["M","?","$","$","M","E","M","R","T","?","E","M","R","E","R","B",null,"?","?","T","?","?","E"],"character_chosen":"THE_SENSHI","items_purchased":["theSenshi:MoonCrisisMakeUp","theSenshi:SupersonicWaves+1","Whetstone"],"campfire_rested":1,"item_purchase_floors":[3,3,20],"current_hp_per_floor":[75,75,75,75,75,75,62,62,62,62,56,56,56,32,54,26,75,65,53,53,15,15,0,0],"gold":148,"neow_bonus":"THREE_RARE_CARDS","is_daily":false,"chose_seed":false,"campfire_upgraded":2,"win_rate":0.0,"timestamp":1613495168,"path_taken":["M","?","?","$","M","E","M","R","T","?","E","?","R","E","R","BOSS","?","?","?","?","?","E"],"items_purchased_type":["Card","Card","Relic"],"build_version":"2020-12-22","purchased_purges":0,"victory":false,"max_hp_per_floor":[75,75,75,75,75,75,75,75,75,75,75,75,75,75,75,75,75,75,75,75,75,75,75,75],"card_choices":[{"not_picked":["theSenshi:StudyParty","theSenshi:ChibiMoonsLove"],"picked":"theSenshi:JupitersPower","floor":0},{"not_picked":["theSenshi:Sidestep","theSenshi:SailorChibiMoonAssists"],"picked":"theSenshi:MoonTwilightFlash","floor":1},{"not_picked":["theSenshi:TallSilhouette","theSenshi:LateForSchool"],"picked":"theSenshi:SailorMercuryAssists","floor":5},{"not_picked":["theSenshi:SailorVenusAssists","theSenshi:SailorStarMakerAssists"],"picked":"theSenshi:CrisisMakeUp","floor":6},{"not_picked":["theSenshi:PlutosSolemnity","theSenshi:SailorMercuryAssists"],"picked":"theSenshi:MoonPunch","floor":7},{"not_picked":["theSenshi:TuxedoSmokingBomber","theSenshi:Sidestep"],"picked":"theSenshi:WarriorOfTheMoon","floor":11},{"not_picked":["theSenshi:SailorPlanetAttack","theSenshi:SailorVenusAssists"],"picked":"theSenshi:MoonTiaraMagic","floor":12},{"not_picked":["theSenshi:EncouragingSpeech","theSenshi:GatheringStrength"],"picked":"theSenshi:TuxedoSmokingBomber","floor":14},{"not_picked":["theSenshi:SilverMoonCrystalPowerKiss","theSenshi:WarriorOfTheMoon"],"picked":"theSenshi:MoonGorgeousMeditation","floor":16},{"not_picked":["theSenshi:TuxedoSmokingBomber+1","theSenshi:LateForSchool"],"picked":"theSenshi:MoonTiaraMagic","floor":18},{"not_picked":["theSenshi:MoonCrystalPowerMakeUp","theSenshi:SailorMarsAssists"],"picked":"theSenshi:WarriorOfTheMoon","floor":19},{"not_picked":["theSenshi:DramaticEntrance","theSenshi:InTheNickOfTime+1"],"picked":"theSenshi:MoonPrincessHalation","floor":21},{"not_picked":["theSenshi:LunasBite","theSenshi:SailorV+1","theSenshi:MoonCrisisMakeUp"],"picked":"SKIP","floor":22}],"player_experience":333039,"relics_obtained":[{"floor":6,"key":"Happy Flower"},{"floor":9,"key":"War Paint"},{"floor":11,"key":"Pen Nib"},{"floor":14,"key":"ReplayTheSpireMod:Lightbulb"}],"event_choices":[{"cards_removed":["SpellCardRelease"],"damage_healed":0,"gold_gain":0,"player_choice":"Offered Basic","damage_taken":0,"max_hp_gain":0,"max_hp_loss":0,"event_name":"Bonfire Elementals","floor":2,"gold_loss":0},{"damage_healed":0,"gold_gain":0,"player_choice":"Bought 2 Potions","damage_taken":0,"max_hp_gain":0,"max_hp_loss":0,"event_name":"The Woman in Blue","floor":10,"gold_loss":0}],"is_beta":false,"boss_relics":[{"not_picked":["hubris:HollowSoul","SacredBark"],"picked":"Painkiller Herb"}],"items_purged_floors":[],"is_endless":false,"potions_floor_spawned":[5,12,14,21,22],"killed_by":"Replay:Snechameleon","ascension_level":3}}