{"host":"blnmo1e2jbqugfxh","time":1613436370,"event":{"mods":["2.2 Compatiblity","Astrologer","Bard","BaseMod","Beaked The Cultist","Colored Powertips","Conspire","Downfall","Friendly Minions","Googly Eyes","Hermit","Highlight Path","Hubris","Infinite Spire","Lobotomy","Marisa????????","Mimic Mod","Minty Spire (QoL Compilation)","Prisma Mod","Quick Restart","Rare Cards Sparkle","Replay The Spire","Shop Mod","StSLib","The Construct","The Cursed","The Disciple","The Exalted","The Hierophant","The Mystic","The Servant 0.9.4"],"gold_per_floor":[16,26,26,45,60,92,110,110,146,173,185,185,10,26,26,128,128,145,1,18,32,47,47,57,70,100,117,136,146,175,175,175],"floor_reached":31,"language":"ENG","playtime":1683,"items_purged":["Strike_B"],"score":302,"play_id":"8db9cda4-7290-4343-93a4-4e88a8a8c680","local_time":"20210215194610","is_ascension_mode":false,"campfire_choices":[{"floor":8,"key":"REST"},{"floor":12,"key":"REST"},{"data":"Dualcast","floor":15,"key":"SMITH"},{"data":"Buffer","floor":23,"key":"SMITH"}],"circlet_count":0,"master_deck":["Strike_B","Strike_B","Strike_B","Defend_B","Defend_B","Defend_B","Defend_B","Zap","Dualcast+1","Panache","Redo","Conserve Battery","Beam Cell","BasicCrystalCard","Panic Button","Defragment","Ball Lightning","Darkness+1","Leap+1","BootSequence+1","Lockon","Force Field+1","Buffer+1","Electrodynamics","Defragment","Melter","Ball Lightning","Go for the Eyes","Static Discharge+1","ReplayTheSpireMod:Dual Polarity+1","Leap+1","Leap+1","Panic Button+1","Tempest+1","Chaos+1"],"relics":["Cracked Core","Replay:WaspNest","Replay:Baseball","Toxic Egg 2","bronze:MakeshiftBattery","HornCleat","Potion Belt"],"acts_visited":["Exordium","TheCity"],"potions_floor_usage":[29],"damage_taken":[{"damage":1.0,"enemies":"Jaw Worm","floor":1.0,"turns":4.0},{"damage":1.0,"enemies":"Cultist","floor":2.0,"turns":4.0},{"damage":0.0,"enemies":"Small Slimes","floor":4.0,"turns":3.0},{"damage":10.0,"enemies":"Exordium Thugs","floor":5.0,"turns":3.0},{"damage":31,"enemies":"Lagavulin","floor":6,"turns":7},{"damage":5,"enemies":"Looter","floor":7,"turns":3},{"damage":9,"enemies":"Large Slime","floor":9,"turns":7},{"damage":11,"enemies":"Gremlin Nob","floor":10,"turns":3},{"damage":11,"enemies":"Large Slime","floor":11,"turns":2},{"damage":10,"enemies":"3 Louse","floor":14,"turns":3},{"damage":30,"enemies":"Fading Forest","floor":16,"turns":11},{"damage":0,"enemies":"conspire:FuzzyDice","floor":18,"turns":5},{"damage":6,"enemies":"Shell Parasite","floor":20,"turns":3},{"damage":0,"enemies":"Cultist and Chosen","floor":21,"turns":6},{"damage":19,"enemies":"Sentry and Sphere","floor":22,"turns":3},{"damage":19,"enemies":"Centurion and Healer","floor":24,"turns":4},{"damage":1,"enemies":"Cultist and Chosen","floor":25,"turns":5},{"damage":7,"enemies":"conspire:HollyBat","floor":26,"turns":4},{"damage":0,"enemies":"conspire:HollyBat","floor":27,"turns":7},{"damage":16,"enemies":"Snecko","floor":28,"turns":5},{"damage":0,"enemies":"Shelled Parasite and Fungi","floor":29,"turns":5},{"damage":3,"enemies":"Book of Stabbing","floor":30,"turns":4},{"damage":8,"enemies":"3 Cultists","floor":31,"turns":3}],"seed_played":"-8358278187677296831","potions_obtained":[{"floor":1.0,"key":"Explosive Potion"},{"floor":4.0,"key":"Strength Potion"},{"floor":6,"key":"Energy Potion"}],"is_trial":false,"path_per_floor":["M","M","$","M","M","E","M","R","MIM","E","M","R","$","M","R","B",null,"M","$","M","M","M","R","M","M","MIM","M","M","M","E","M"],"character_chosen":"DEFECT","items_purchased":["BootSequence+1","Lockon","Force Field+1","Defragment"],"campfire_rested":2,"item_purchase_floors":[13,13,13,19],"current_hp_per_floor":[74,73,73,73,63,32,27,49,40,29,18,40,40,30,30,10,75,75,75,69,69,50,50,31,30,23,23,7,7,4,0,0],"gold":175,"neow_bonus":"RANDOM_COLORLESS_2","is_daily":false,"chose_seed":false,"campfire_upgraded":2,"win_rate":0.0,"timestamp":1613436370,"path_taken":["M","M","$","M","M","E","M","R","MIM","E","M","R","$","M","R","BOSS","M","$","M","M","M","R","M","M","MIM","M","M","M","E","M"],"items_purchased_type":["Card","Card","Card","Card"],"build_version":"2020-12-22","purchased_purges":1,"victory":false,"max_hp_per_floor":[75,75,75,75,75,75,75,75,75,75,75,75,75,75,75,75,75,75,75,75,75,75,75,75,75,75,75,75,75,75,75,75],"card_choices":[{"not_picked":["Replay:Dark Deal","ReplayTheSpireMod:Brewmster"],"picked":"Panache","floor":0.0},{"not_picked":["Go for the Eyes","Consume"],"picked":"Redo","floor":1.0},{"not_picked":["Melter","Sweeping Beam"],"picked":"Conserve Battery","floor":2.0},{"not_picked":["Defragment","Cold Snap"],"picked":"Beam Cell","floor":4.0},{"not_picked":["Cold Snap","Sweeping Beam"],"picked":"BasicCrystalCard","floor":5.0},{"not_picked":["Multi-Cast","Redo"],"picked":"Panic Button","floor":6},{"not_picked":["Storm","Redo"],"picked":"Defragment","floor":7},{"not_picked":["Barrage","Steam Power"],"picked":"Ball Lightning","floor":9},{"not_picked":["Aggregate+1","Cold Snap"],"picked":"Darkness+1","floor":10},{"not_picked":["Cold Snap","BasicCrystalCard+1"],"picked":"Leap+1","floor":11},{"not_picked":["Hologram+1","Leap+1"],"picked":"Buffer","floor":14},{"not_picked":["Seek+1","ReplayTheSpireMod:Omega Cannon"],"picked":"Electrodynamics","floor":16},{"not_picked":["Sweeping Beam","Reprogram+1","Beam Cell"],"picked":"SKIP","floor":18},{"not_picked":["Panic Button+1","Genetic Algorithm+1"],"picked":"Melter","floor":20},{"not_picked":["Barrage","BasicCrystalCard+1"],"picked":"Ball Lightning","floor":21},{"not_picked":["Sweeping Beam","Stack+1"],"picked":"Go for the Eyes","floor":22},{"not_picked":["Panic Button+1","conspire:Rain+1"],"picked":"Static Discharge+1","floor":24},{"not_picked":["Biased Cognition","Go for the Eyes"],"picked":"ReplayTheSpireMod:Dual Polarity+1","floor":25},{"not_picked":["Fusion+1","FIFO Queue"],"picked":"Leap+1","floor":26},{"not_picked":["ReplayTheSpireMod:GoodbyeWorld","Beam Cell"],"picked":"Leap+1","floor":27},{"not_picked":["conspire:Rain+1","Barrage"],"picked":"Panic Button+1","floor":28},{"not_picked":["Darkness+1","hubris:PowerSurge"],"picked":"Tempest+1","floor":29},{"not_picked":["Sweeping Beam","Scrape+1"],"picked":"Chaos+1","floor":30}],"player_experience":36094,"relics_obtained":[{"floor":6,"key":"Replay:WaspNest"},{"floor":9,"key":"Replay:Baseball"},{"floor":10,"key":"Toxic Egg 2"},{"floor":26,"key":"HornCleat"},{"floor":30,"key":"Potion Belt"}],"event_choices":[],"is_beta":false,"boss_relics":[{"not_picked":["hubris:RunicObelisk","conspire:SlowCooker"],"picked":"bronze:MakeshiftBattery"}],"items_purged_floors":[19],"is_endless":false,"potions_floor_spawned":[1,4,6,10,14,16,18,21,24,25,27],"killed_by":"3 Cultists","ascension_level":0}}