{"host":"w4c9oc640fn2feul","time":1613473667,"event":{"mods":["AchievementEnabler","Act Like it!","Aspiration","BaseMod","BetterRewards","Conspire","Custom Start","Defuse TimeMaze Blight","Energized Spire","Gensokyo","GifTheSpireLib","Halation","Hubris","Infinite Spire","Marked Mod","Minty Spire (QoL Compilation)","Quarter Circle Forward PUNCH!","Reliquary","Replay The Spire","Shop Mod","StSLib","Stuff the Spire","The Animator","The Cursed","The Jungle"],"gold_per_floor":[112,112,126,126,139,171,171,171,171,171,171],"floor_reached":10,"language":"ENG","playtime":654,"items_purged":[],"score":73,"play_id":"644d14e9-cdd7-4980-8896-5eb8809f13d8","local_time":"20210216120747","is_ascension_mode":true,"campfire_choices":[{"floor":8,"key":"REST"}],"circlet_count":0,"master_deck":["Strike_P","Strike_P","Strike_P","Strike_P","Defend_P","Defend_P","Defend_P","Defend_P","Eruption","Vigilance","MarkedMod:GentlePulse","MarkedMod:GentlePulse"],"relics":["PureWater"],"acts_visited":["Exordium"],"potions_floor_usage":[10],"damage_taken":[{"damage":2.0,"enemies":"2 Louse","floor":1.0,"turns":3.0},{"damage":0.0,"enemies":"Small Slimes","floor":3.0,"turns":4.0},{"damage":3.0,"enemies":"Jaw Worm","floor":5.0,"turns":4.0},{"damage":45.0,"enemies":"3 Sentries","floor":6.0,"turns":12.0},{"damage":54,"enemies":"Lagavulin","floor":10,"turns":8}],"seed_played":"1358951121390954417","potions_obtained":[{"floor":6.0,"key":"SpeedPotion"}],"is_trial":false,"path_per_floor":["M","?","M","?","M","E","?","R","T","E"],"character_chosen":"WATCHER","items_purchased":[],"campfire_rested":1,"item_purchase_floors":[],"current_hp_per_floor":[77,77,77,82,79,34,34,59,59,5,5],"gold":171,"neow_bonus":"TEN_PERCENT_HP_BONUS","is_daily":false,"chose_seed":false,"campfire_upgraded":0,"win_rate":0.0,"timestamp":1613473667,"path_taken":["M","?","M","?","M","E","?","R","T","E"],"items_purchased_type":[],"build_version":"2020-12-22","purchased_purges":0,"victory":false,"max_hp_per_floor":[79,79,79,84,84,84,84,84,84,84,84],"card_choices":[{"not_picked":["EmptyFist","CutThroughFate"],"picked":"MarkedMod:GentlePulse","floor":1.0},{"not_picked":["TalkToTheHand","Prostrate","ForeignInfluence"],"picked":"SKIP","floor":3.0},{"not_picked":["Replay:Battleflow","Swivel"],"picked":"MarkedMod:GentlePulse","floor":5.0},{"not_picked":["Replay:Cycle","MarkedMod:GentlePulse","ThirdEye"],"picked":"SKIP","floor":6.0}],"player_experience":478761,"relics_obtained":[],"event_choices":[{"damage_healed":0.0,"max_hp_gain":0.0,"max_hp_loss":0.0,"gold_gain":0.0,"event_name":"Scrap Ooze","player_choice":"Fled","floor":2.0,"gold_loss":0.0,"damage_taken":0.0},{"damage_healed":0.0,"max_hp_gain":5.0,"max_hp_loss":0.0,"gold_gain":0.0,"event_name":"Big Fish","player_choice":"Donut","floor":4.0,"gold_loss":0.0,"damage_taken":0.0}],"is_beta":false,"boss_relics":[],"items_purged_floors":[],"is_endless":false,"potions_floor_spawned":[6],"killed_by":"Lagavulin","ascension_level":2}}