{"host":"tf5skwcwe0vlu2md","time":1613472816,"event":{"mods":["BaseMod","Downfall","Highlight Path","Minty Spire (QoL Compilation)","Quick Restart","StSLib","The Hierophant"],"gold_per_floor":[118,131,151,170,181,181,181,195,220,237,3,31,58,87,87,185,185,196,210,223,233,233,233,261,261,261],"floor_reached":25,"playtime":1586,"items_purged":[],"score":273,"play_id":"77ad0da3-1402-41b5-a70e-afb9d2b367cc","local_time":"20210216215336","is_ascension_mode":true,"campfire_choices":[{"data":"Dualcast","floor":6,"key":"SMITH"},{"data":"Defragment","floor":15,"key":"SMITH"},{"floor":23,"key":"REST"}],"circlet_count":0,"master_deck":["Zap","Dualcast+1","Leap","Undo","Capacitor","Recycle","Auto Shields","BootSequence","Defragment","Echo Form","Defragment+1","Ball Lightning","Electrodynamics","Fusion","Rainbow","Recycle","Compile Driver","Electrodynamics","Genetic Algorithm","Loop","Redo+1","Leap"],"relics":["Cracked Core","Potion Belt","DollysMirror","Eternal Feather","Odd Mushroom","Blood Vial","Pandora\u0027s Box","MutagenicStrength","Boot"],"acts_visited":["Exordium","TheCity"],"potions_floor_usage":[12,16,16,16,16,21,24,25],"damage_taken":[{"damage":0,"enemies":"Small Slimes","floor":1,"turns":2},{"damage":1,"enemies":"Cultist","floor":2,"turns":3},{"damage":0,"enemies":"Jaw Worm","floor":3,"turns":3},{"damage":0,"enemies":"Exordium Wildlife","floor":4,"turns":6},{"damage":0,"enemies":"3 Louse","floor":5,"turns":3},{"damage":2,"enemies":"Blue Slaver","floor":8,"turns":4},{"damage":0,"enemies":"Large Slime","floor":10,"turns":6},{"damage":42,"enemies":"Lagavulin","floor":12,"turns":8},{"damage":2,"enemies":"The Mushroom Lair","floor":13,"turns":5},{"damage":31,"enemies":"3 Sentries","floor":14,"turns":14},{"damage":5,"enemies":"The Guardian","floor":16,"turns":10},{"damage":4,"enemies":"Spheric Guardian","floor":18,"turns":3},{"damage":18,"enemies":"2 Thieves","floor":19,"turns":4},{"damage":19,"enemies":"Snecko","floor":20,"turns":6},{"damage":42,"enemies":"Snake Plant","floor":21,"turns":4},{"damage":19,"enemies":"Slavers","floor":24,"turns":2},{"damage":40,"enemies":"Shelled Parasite and Fungi","floor":25,"turns":5}],"seed_played":"7084625197337357135","potions_obtained":[{"floor":1,"key":"BlessingOfTheForge"},{"floor":3,"key":"AttackPotion"},{"floor":8,"key":"SteroidPotion"},{"floor":10,"key":"Regen Potion"},{"floor":12,"key":"Dexterity Potion"},{"floor":14,"key":"Swift Potion"},{"floor":18,"key":"Weak Potion"},{"floor":24,"key":"GamblersBrew"}],"is_trial":false,"path_per_floor":["M","M","M","M","M","R","?","M","T","M","$","E","?","E","R","B",null,"M","M","M","M","?","R","E","M"],"character_chosen":"DEFECT","items_purchased":["Echo Form","DollysMirror"],"campfire_rested":1,"item_purchase_floors":[11,11],"current_hp_per_floor":[82,81,81,81,81,81,81,79,79,79,79,37,35,4,13,25,82,78,62,45,5,5,41,24,0,0],"gold":261,"neow_bonus":"TEN_PERCENT_HP_BONUS","is_daily":false,"chose_seed":false,"campfire_upgraded":2,"win_rate":0.0,"timestamp":1613472816,"path_taken":["M","M","M","M","M","R","?","?","T","M","?","E","?","E","R","BOSS","M","M","M","M","?","R","E","M"],"items_purchased_type":["Card","Relic"],"build_version":"2020-12-13","purchased_purges":0,"victory":false,"max_hp_per_floor":[82,82,82,82,82,82,82,82,82,82,82,82,82,82,82,82,82,82,82,82,82,82,82,82,82,82],"card_choices":[{"not_picked":["Force Field","Heatsinks"],"picked":"Leap","floor":1},{"not_picked":["Sweeping Beam","Steam Power"],"picked":"Undo","floor":2},{"not_picked":["BootSequence","Beam Cell"],"picked":"Capacitor","floor":3},{"not_picked":["Self Repair","Barrage"],"picked":"Recycle","floor":4},{"not_picked":["Reinforced Body","Skim"],"picked":"Auto Shields","floor":5},{"not_picked":["Steam","Gash"],"picked":"BootSequence","floor":8},{"not_picked":["Storm","Redo"],"picked":"Defragment","floor":10},{"not_picked":["Sweeping Beam","Beam Cell","Heatsinks"],"picked":"SKIP","floor":12},{"not_picked":["Conserve Battery","Steam Power"],"picked":"Ball Lightning","floor":14},{"not_picked":["All For One","Reboot"],"picked":"Electrodynamics","floor":16},{"not_picked":["Steam","Rebound","Compile Driver"],"picked":"SKIP","floor":18},{"not_picked":["Blizzard","Cold Snap","Coolheaded"],"picked":"SKIP","floor":19},{"not_picked":["Compile Driver","Beam Cell","Barrage"],"picked":"SKIP","floor":20},{"not_picked":["Cold Snap+1","Stack"],"picked":"Redo+1","floor":21},{"not_picked":["Ball Lightning","Go for the Eyes+1"],"picked":"Leap","floor":24}],"player_experience":253938,"relics_obtained":[{"floor":9,"key":"Potion Belt"},{"floor":12,"key":"Eternal Feather"},{"floor":13,"key":"Odd Mushroom"},{"floor":14,"key":"Blood Vial"},{"floor":24,"key":"Boot"}],"event_choices":[{"cards_removed":["Defend_B"],"damage_healed":0,"gold_gain":0,"player_choice":"Purged","damage_taken":0,"max_hp_gain":0,"max_hp_loss":0,"event_name":"Purifier","floor":7,"gold_loss":0},{"damage_healed":0,"gold_gain":0,"player_choice":"Fought Mushrooms","damage_taken":0,"max_hp_gain":0,"max_hp_loss":0,"event_name":"Mushrooms","floor":13,"gold_loss":0},{"damage_healed":0,"gold_gain":0,"player_choice":"Inject Mutagens","damage_taken":0,"relics_obtained":["MutagenicStrength"],"max_hp_gain":0,"max_hp_loss":0,"event_name":"Drug Dealer","floor":22,"gold_loss":0}],"is_beta":false,"boss_relics":[{"not_picked":["Busted Crown","Cursed Key"],"picked":"Pandora\u0027s Box"}],"items_purged_floors":[],"is_endless":false,"potions_floor_spawned":[1,3,8,10,12,14,18,24],"killed_by":"Shelled Parasite and Fungi","ascension_level":3}}