{"host":"en4narc5947t7k9n","time":1613478323,"event":{"mods":["AchievementEnabler","BaseMod","Colored Map","Minty Spire (QoL Compilation)","SuperFastMode"],"gold_per_floor":[110,285,360,360,360,360,401,420,420,420,441,37,37,53,53,174,174,193,193,214,63,77,77,77,77,77,77,77],"floor_reached":27,"language":"KOR","playtime":1303,"items_purged":[],"score":234,"play_id":"85b5792b-be96-49df-a9bf-3600364519e8","local_time":"20210216212523","is_ascension_mode":false,"campfire_choices":[{"data":"Bash","floor":6,"key":"SMITH"},{"data":"Infernal Blade","floor":10,"key":"SMITH"},{"data":"Armaments","floor":15,"key":"SMITH"},{"data":"Carnage","floor":23,"key":"SMITH"},{"data":"Rampage","floor":25,"key":"SMITH"}],"circlet_count":0,"master_deck":["Strike_R+1","Strike_R+1","Strike_R+1","Strike_R+1","Strike_R+1","Defend_R+1","Defend_R+1","Defend_R+1","Defend_R+1","Bash+1","Anger+1","Doubt","Infernal Blade+1","Sword Boomerang","Rampage+1","Armaments+1","Feed","Carnage+1","Shockwave","Infernal Blade+1","Shockwave+1"],"relics":["Black Blood","NeowsBlessing","Golden Idol","Pear","Question Card","Lantern","Shuriken","MutagenicStrength","DollysMirror","Oddly Smooth Stone"],"acts_visited":["Exordium","TheCity"],"potions_floor_usage":[16,27,27,27],"damage_taken":[{"damage":0,"enemies":"Small Slimes","floor":1,"turns":1},{"damage":0,"enemies":"Lagavulin","floor":7,"turns":1},{"damage":0,"enemies":"2 Louse","floor":8,"turns":1},{"damage":6,"enemies":"Jaw Worm","floor":11,"turns":2},{"damage":9,"enemies":"3 Louse","floor":14,"turns":3},{"damage":31,"enemies":"The Guardian","floor":16,"turns":10},{"damage":32,"enemies":"Spheric Guardian","floor":18,"turns":6},{"damage":42,"enemies":"3 Byrds","floor":20,"turns":7},{"damage":11,"enemies":"Snecko","floor":22,"turns":4},{"damage":43,"enemies":"Book of Stabbing","floor":27,"turns":5}],"seed_played":"1595622100864385224","potions_obtained":[{"floor":7,"key":"Block Potion"},{"floor":14,"key":"SteroidPotion"},{"floor":20,"key":"SpeedPotion"},{"floor":22,"key":"SneckoOil"}],"is_trial":false,"path_per_floor":["M","?","?","?","?","R","E","M","T","R","M","$","?","M","R","B",null,"M","?","M","$","M","R","?","R","T","E"],"character_chosen":"IRONCLAD","items_purchased":["Lantern","Shuriken","DollysMirror"],"campfire_rested":0,"item_purchase_floors":[12,12,21],"current_hp_per_floor":[80,80,69,49,49,49,65,71,71,71,71,71,71,68,68,43,90,70,70,40,40,41,41,41,41,41,0,0],"gold":77,"neow_bonus":"THREE_ENEMY_KILL","is_daily":false,"chose_seed":false,"campfire_upgraded":5,"win_rate":0.0,"timestamp":1613478323,"path_taken":["M","?","?","?","?","R","E","?","T","R","M","$","?","M","R","BOSS","M","?","M","$","M","R","?","R","T","E"],"items_purchased_type":["Relic","Relic","Relic"],"build_version":"2020-12-22","purchased_purges":0,"victory":false,"max_hp_per_floor":[80,80,80,80,80,80,90,90,90,90,90,90,90,90,90,90,90,90,90,90,90,90,90,90,90,90,90,90],"card_choices":[{"not_picked":["Heavy Blade","Headbutt"],"picked":"Anger","floor":1},{"not_picked":["Inflame","Metallicize"],"picked":"Infernal Blade","floor":7},{"not_picked":["Fire Breathing","Reckless Charge"],"picked":"Sword Boomerang","floor":8},{"not_picked":["Warcry","Brutality","Whirlwind"],"picked":"Rampage","floor":11},{"not_picked":["Flex","Heavy Blade","Body Slam"],"picked":"Armaments","floor":14},{"not_picked":["Juggernaut","Limit Break","Impervious"],"picked":"Feed","floor":16},{"not_picked":["Cleave+1","Bloodletting+1","Clash"],"picked":"Carnage","floor":18},{"not_picked":["Burning Pact","Anger+1","Heavy Blade"],"picked":"Shockwave","floor":20},{"not_picked":["Sword Boomerang","Blood for Blood","Warcry"],"picked":"Shockwave+1","floor":22}],"player_experience":5527,"relics_obtained":[{"floor":7,"key":"Pear"},{"floor":9,"key":"Question Card"},{"floor":26,"key":"Oddly Smooth Stone"}],"event_choices":[{"damage_healed":0,"gold_gain":175,"player_choice":"AGREE","damage_taken":0,"max_hp_gain":0,"max_hp_loss":0,"event_name":"Liars Game","floor":2,"gold_loss":0,"cards_obtained":["Doubt"]},{"damage_healed":0,"gold_gain":75,"player_choice":"Gather Gold","damage_taken":11,"max_hp_gain":0,"max_hp_loss":0,"event_name":"World of Goop","floor":3,"gold_loss":0},{"damage_healed":0,"gold_gain":0,"player_choice":"Take Damage","damage_taken":20,"relics_obtained":["Golden Idol"],"max_hp_gain":0,"max_hp_loss":0,"event_name":"Golden Idol","floor":4,"gold_loss":0},{"damage_healed":0,"gold_gain":0,"player_choice":"Grow","damage_taken":0,"max_hp_gain":0,"max_hp_loss":0,"event_name":"Living Wall","floor":5,"gold_loss":0,"cards_upgraded":["Anger"]},{"damage_healed":0,"gold_gain":0,"player_choice":"Leave","damage_taken":0,"max_hp_gain":0,"max_hp_loss":0,"event_name":"The Cleric","floor":13,"gold_loss":0},{"damage_healed":0,"gold_gain":0,"player_choice":"Inject Mutagens","damage_taken":0,"relics_obtained":["MutagenicStrength"],"max_hp_gain":0,"max_hp_loss":0,"event_name":"Drug Dealer","floor":19,"gold_loss":0},{"damage_healed":0,"gold_gain":0,"player_choice":"Simplicity","damage_taken":0,"max_hp_gain":0,"max_hp_loss":0,"event_name":"Back to Basics","floor":24,"gold_loss":0,"cards_upgraded":["Strike_R","Strike_R","Strike_R","Strike_R","Strike_R","Defend_R","Defend_R","Defend_R","Defend_R"]}],"is_beta":false,"boss_relics":[{"not_picked":["SacredBark","Velvet Choker"],"picked":"Black Blood"}],"items_purged_floors":[],"is_endless":false,"potions_floor_spawned":[7,14,20,22],"killed_by":"Book of Stabbing","ascension_level":0}}