{"host":"np9ouipdmi0bkas5","time":1613489414,"event":{"mods":["AchievementEnabler","Aspiration","BaseMod","Better Altar","Better Match","Better Skull","Better Third Choice","Colored Map","Downfall","Highlight Path","Hubris","Infinite Spire","Minty Spire (QoL Compilation)","Replay The Spire","StSLib"],"gold_per_floor":[109,109,109,127,144,144,173,173,173,202,214,240,240,272,272,368,368,380,380,56,70,84,84,103,103,103,3,3,28,38,38,38,38,38],"floor_reached":33,"language":"ENG","playtime":1652,"items_purged":["Defend_G","Grand Finale"],"score":337,"play_id":"d7ba1259-499d-4f59-8eb1-b40ecbf33317","local_time":"20210216073014","is_ascension_mode":true,"campfire_choices":[{"data":"Replay:Poison Smokescreen","floor":6,"key":"SMITH"},{"floor":8,"key":"REST"},{"floor":15,"key":"REST"},{"floor":23,"key":"REST"},{"data":"Dagger Spray","floor":25,"key":"SMITH"},{"data":"Adrenaline","floor":28,"key":"SMITH"},{"floor":32,"key":"REST"}],"circlet_count":0,"master_deck":["Strike_G+1","Strike_G+1","Strike_G+1","Strike_G+1","Strike_G+1","Defend_G","Defend_G","Defend_G","Survivor","Neutralize","Dagger Spray+1","Blade Dance","Replay:Poison Smokescreen+1","Backflip","Envenom","ReplayTheSpireMod:Speed Training","Adrenaline+1","Poisoned Stab","Envenom","Dagger Spray","Bouncing Flask+1","Deadly Poison+1","Crippling Poison"],"relics":["Ring of the Snake","Orichalcum","FossilizedHelix","Replay:Bottled Eggs","Boot","aspiration:ChemicalBlood","Happy Flower","hubris:HollowSoul","aspiration:FetidBarrel","Pondfish Scales"],"acts_visited":["Exordium","TheCity"],"potions_floor_usage":[7,18,24,29,33,33,33,33],"damage_taken":[{"damage":2,"enemies":"Jaw Worm","floor":1,"turns":5},{"damage":4,"enemies":"Cultist","floor":4,"turns":4},{"damage":0,"enemies":"2 Louse","floor":5,"turns":2},{"damage":12,"enemies":"Gremlin Nob","floor":7,"turns":4},{"damage":14,"enemies":"Lagavulin","floor":10,"turns":5},{"damage":0,"enemies":"Exordium Thugs","floor":11,"turns":4},{"damage":8,"enemies":"Gremlin Nob","floor":12,"turns":4},{"damage":15,"enemies":"Lagavulin","floor":14,"turns":6},{"damage":15,"enemies":"The Guardian","floor":16,"turns":11},{"damage":16,"enemies":"2 Thieves","floor":18,"turns":3},{"damage":0,"enemies":"Chosen","floor":21,"turns":3},{"damage":14,"enemies":"3 Cultists","floor":22,"turns":4},{"damage":17,"enemies":"Centurion and Healer","floor":24,"turns":3},{"damage":27,"enemies":"Book of Stabbing","floor":29,"turns":4},{"damage":21,"enemies":"Snecko","floor":30,"turns":4},{"damage":20,"enemies":"Collector","floor":33,"turns":7}],"seed_played":"9067321873114395317","potions_obtained":[{"floor":1,"key":"DistilledChaos"},{"floor":12,"key":"SmokeBomb"},{"floor":16,"key":"SteroidPotion"},{"floor":18,"key":"Ancient Potion"},{"floor":22,"key":"AttackPotion"},{"floor":30,"key":"Toxic Potion"}],"is_trial":false,"path_per_floor":["M","?","?","M","M","R","E","R","T","E","M","E","?","E","R","B",null,"M","?","$","M","M","R","M","R","T","$","R","E","M","?","R","B"],"character_chosen":"THE_SILENT","items_purchased":["aspiration:FetidBarrel"],"campfire_rested":4,"item_purchase_floors":[20],"current_hp_per_floor":[68,73,66,62,62,62,50,72,72,58,58,50,50,35,57,42,75,59,59,59,59,45,67,50,50,50,50,50,23,2,2,24,0,0],"gold":38,"neow_bonus":"RANDOM_COMMON_RELIC","is_daily":false,"chose_seed":false,"campfire_upgraded":3,"win_rate":0.0,"timestamp":1613489414,"path_taken":["M","?","?","M","?","R","E","R","T","E","?","E","?","E","R","BOSS","M","?","?","M","M","R","M","R","T","$","R","E","M","?","R","BOSS"],"items_purchased_type":["Relic"],"build_version":"2020-12-22","purchased_purges":2,"victory":false,"max_hp_per_floor":[70,75,75,75,75,75,75,75,75,75,75,75,75,75,75,75,75,75,75,75,75,75,75,75,75,75,75,75,75,75,75,75,75,75],"card_choices":[{"not_picked":["Backflip","Draining Mist"],"picked":"Dagger Spray","floor":1},{"not_picked":["Dodge and Roll","Dagger Throw"],"picked":"Blade Dance","floor":4},{"not_picked":["ReplayTheSpireMod:Tripwire","Backflip"],"picked":"Replay:Poison Smokescreen","floor":5},{"not_picked":["Slice","Malaise"],"picked":"Backflip","floor":7},{"not_picked":["Slice","Choke"],"picked":"Envenom","floor":10},{"not_picked":["Deadly Poison","Blur"],"picked":"ReplayTheSpireMod:Speed Training","floor":11},{"not_picked":["Well Laid Plans","Concentrate","Outmaneuver"],"picked":"SKIP","floor":12},{"not_picked":["hubris:Sniper","Fluid Movement"],"picked":"Adrenaline","floor":14},{"not_picked":["Night Terror","Wraith Form v2"],"picked":"Grand Finale","floor":16},{"not_picked":["Bane","Sucker Punch"],"picked":"Poisoned Stab","floor":18},{"not_picked":["Underhanded Strike","ReplayTheSpireMod:Speed Training+1","Poisoned Stab+1"],"picked":"SKIP","floor":21},{"not_picked":["All Out Attack","Eviscerate"],"picked":"Dagger Spray","floor":22},{"not_picked":["Acrobatics","Cloak And Dagger"],"picked":"Bouncing Flask+1","floor":24},{"not_picked":["Backflip","ReplayTheSpireMod:Speed Training"],"picked":"Deadly Poison+1","floor":29},{"not_picked":["Reflex+1","Flying Knee"],"picked":"Crippling Poison","floor":30}],"player_experience":132417,"relics_obtained":[{"floor":7,"key":"FossilizedHelix"},{"floor":9,"key":"Replay:Bottled Eggs"},{"floor":10,"key":"Boot"},{"floor":12,"key":"aspiration:ChemicalBlood"},{"floor":14,"key":"Happy Flower"},{"floor":29,"key":"Pondfish Scales"}],"event_choices":[{"damage_healed":0,"gold_gain":0,"player_choice":"Donut","damage_taken":0,"max_hp_gain":5,"max_hp_loss":0,"event_name":"Big Fish","floor":2,"gold_loss":0},{"damage_healed":0,"gold_gain":0,"player_choice":"Damaged","damage_taken":7,"max_hp_gain":0,"max_hp_loss":0,"event_name":"Wheel of Change","floor":3,"gold_loss":0},{"cards_removed":["Defend_G"],"damage_healed":0,"gold_gain":0,"player_choice":"Purged","damage_taken":0,"max_hp_gain":0,"max_hp_loss":0,"event_name":"Purifier","floor":13,"gold_loss":0},{"damage_healed":0,"gold_gain":0,"player_choice":"Copied","damage_taken":0,"max_hp_gain":0,"max_hp_loss":0,"event_name":"Duplicator","floor":19,"gold_loss":0,"cards_obtained":["Envenom"]}],"is_beta":false,"boss_relics":[{"not_picked":["hubris:RunicObelisk","Abe\u0027s Treasure"],"picked":"hubris:HollowSoul"}],"items_purged_floors":[20,27],"is_endless":false,"potions_floor_spawned":[1,12,16,21,22],"killed_by":"Collector","ascension_level":3}}