{"host":"rlwsj8oje50c4na7","time":1613464185,"event":{"mods":["2.2 Compatiblity","Act Like it!","Arknights","Aspiration","BaseMod","Beaked The Cultist","Bestiary","Better Altar","Better Match","Better Note","Better Sensory Stone","Better Skull","Better Third Choice","Better Vampires","BetterRewards","Bossed Relics","Colored Map","Colored Powertips","Conspire","Defuse TimeMaze Blight","Energized Spire","Friendly Minions","Gensokyo","GifTheSpireLib","GungeonMod","Halation","Hallownest","Hermit","Highlight Path","Hubris","Infinite Spire","Ironclad Rager","Jedi Mod","JesterMod","Jorbs\u0027s Wanderer Trilogy","Mad Scientist","Minty Spire (QoL Compilation)","Pale of the Ancients","Quick Restart","Random Character Button","Relic Filter","Relic Stats","Reliquary","Reorder Act Four","Replay The Spire","Retaliation","Ruina","Shapeshifter Mod","Shop Mod","Spicy Shops","StSLib","Stuff the Spire","The Administrix","The Bladedancer","The Blue Laboratory","The Bug Knight","The Construct","The Cursed","The Exalted","The Hierophant","The IronCluck","The Judge","The Necromancer","The Runesmith","TheSwordswoman","Waifu the Spire","everything is the same but u backflip on backflip","slay the spire mod where everything is the same but ironclad has a cowboy hat"],"gold_per_floor":[112,130,130,55,67,102,102,133,133,164,164,184,204,221,221,326,326,342,342,267,267,285,312,312,341,395,395,395,427,172,19,19,123,123,142,161,173,173,28,28,54,54,54,54,54,66,99,113,113,113,113,113],"floor_reached":51,"language":"ENG","playtime":5871,"items_purged":["ICR:VenomStrike"],"score":1110,"play_id":"adfa4ed5-cae0-417e-b285-9aa59b123b40","local_time":"20210216102945","is_ascension_mode":true,"campfire_choices":[{"data":"Fluid Movement","floor":11.0,"key":"SMITH"},{"data":"Sucker Punch","floor":15.0,"key":"SMITH"},{"floor":24.0,"key":"RECALL"},{"data":"Die Die Die","floor":27.0,"key":"SMITH"},{"data":"Prepared","floor":32.0,"key":"SMITH"},{"data":"Bane","floor":40,"key":"SMITH"},{"data":"Catalyst","floor":42,"key":"SMITH"},{"data":"Bane","floor":44,"key":"SMITH"},{"data":"Poison Darts","floor":49,"key":"SMITH"}],"circlet_count":0,"master_deck":["Neutralize","ICR:VenomStrike+1","ICR:VenomStrike+1","ICR:VenomStrike+1","ICR:VenomStrike+1","ICR:Dodge+1","ICR:Dodge+1","ICR:Dodge+1","ICR:Dodge+1","ICR:Dodge+1","Replay:Bag of Tricks+1","m_Survivalism","StuffTheSpire:Python","Bane+1","Sucker Punch+1","Fluid Movement+1","Catalyst+1","All Out Attack","Escape Plan","Die Die Die+1","Bane+1","Replay:Bag of Tricks+1","jedi:pocketpoison","Prepared+1","jedi:studypoison+1","Deadly Poison+1","jedi:pocketpoison+1","Poison Darts+1"],"relics":["Ring of the Snake","jedi:HeartOfTheCards","halation:PinkSoulGem","Potion Belt","reliquary:Stiletto","hubris:RunicObelisk","Girya","PreservedInsect","construct:BoolHorns","jedi:rubbersling","halation:OrihimeAndHikoboshiSamaAndTears","reliquary:BallBearing","HollowMod:JonisBlessing","conspire:SpecialSausage","halation:EternalFortune","Guide Book","DemoMod:Antibody","Shuriken","conspire:BottledYoYo","paleoftheancients:Timepiece","paleoftheancients:KeyRelic","CultistMask"],"acts_visited":["Exordium","TheCity","TheBeyond","paleoftheancients:PaleOfTheAncients"],"potions_floor_usage":[50],"damage_taken":[{"damage":7.0,"enemies":"Jaw Worm","floor":1.0,"turns":7.0},{"damage":3.0,"enemies":"Small Slimes","floor":2.0,"turns":4.0},{"damage":0.0,"enemies":"2 Louse","floor":5.0,"turns":2.0},{"damage":9.0,"enemies":"Lagavulin","floor":6.0,"turns":6.0},{"damage":14.0,"enemies":"Gremlin Nob","floor":8.0,"turns":3.0},{"damage":6.0,"enemies":"3 Sentries","floor":10.0,"turns":10.0},{"damage":2.0,"enemies":"Exordium Wildlife","floor":12.0,"turns":4.0},{"damage":10.0,"enemies":"Looter","floor":13.0,"turns":4.0},{"damage":0.0,"enemies":"Red Slaver","floor":14.0,"turns":4.0},{"damage":2.0,"enemies":"Hexaghost","floor":16.0,"turns":9.0},{"damage":9.0,"enemies":"2 Thieves","floor":18.0,"turns":3.0},{"damage":0.0,"enemies":"Chosen","floor":22.0,"turns":4.0},{"damage":6.0,"enemies":"HollowMod:Nosk","floor":23.0,"turns":5.0},{"damage":1.0,"enemies":"Gremlin Leader","floor":25.0,"turns":3.0},{"damage":0.0,"enemies":"HollowMod:Nosk","floor":29.0,"turns":5.0},{"damage":30.0,"enemies":"Champ","floor":33.0,"turns":9.0},{"damage":0.0,"enemies":"Orb Walker","floor":35.0,"turns":3.0},{"damage":0.0,"enemies":"3 Darklings","floor":36.0,"turns":3.0},{"damage":0,"enemies":"Spire Growth","floor":37,"turns":4},{"damage":0,"enemies":"Giant Head","floor":41,"turns":5},{"damage":0,"enemies":"Writhing Mass","floor":46,"turns":3},{"damage":7,"enemies":"Nemesis","floor":47,"turns":3},{"damage":0,"enemies":"Sphere and 2 Shapes","floor":48,"turns":2},{"damage":0,"enemies":"infinitespire:MassOfShapes","floor":50,"turns":8},{"damage":52,"enemies":"infinitespire:MassOfShapes","floor":51,"turns":6}],"seed_played":"-1534328170783045178","potions_obtained":[{"floor":1.0,"key":"blueLaboratory:AbyssPotion"},{"floor":2.0,"key":"DemoMod:LeadSkinPotion"},{"floor":10.0,"key":"Toxic Potion"},{"floor":14.0,"key":"Explosive Potion"},{"floor":23.0,"key":"Strength Potion"},{"floor":29.0,"key":"blueLaboratory:NinjaPotion"},{"floor":33.0,"key":"Explosive Potion"},{"floor":35.0,"key":"blueLaboratory:NullPotion"},{"floor":36.0,"key":"Strength Potion"}],"is_trial":false,"path_per_floor":["M","M","?","$","M","E","?","E","T","E","R","M","M","M","R","B",null,"M","?","?","?","M","E","R","E","T","R","?","E","$","$","R","B",null,"M","M","M","?","$","R","E","R","T","R","HB","M","E","M","R","B","M"],"character_chosen":"THE_SILENT","items_purchased":["reliquary:BallBearing","HollowMod:JonisBlessing","Guide Book"],"campfire_rested":0,"item_purchase_floors":[30,31,39],"current_hp_per_floor":[63,60,60,60,60,51,51,37,37,31,31,29,19,19,19,17,57,48,70,70,70,70,64,64,63,63,63,63,63,63,63,63,33,61,61,61,61,64,64,64,64,64,64,64,37,37,30,30,30,35,0,0],"gold":113,"neow_bonus":"SILENT_POISONER","is_daily":false,"chose_seed":false,"campfire_upgraded":8,"win_rate":0.0,"timestamp":1613464185,"path_taken":["M","M","?","$","M","E","?","E","T","E","R","M","M","M","R","BOSS","M","?","?","?","?","E","R","E","T","R","?","E","?","$","R","BOSS","M","M","?","?","?","R","E","R","T","R","HB","M","E","M","R","BOSS","M"],"items_purchased_type":["Relic","Relic","Relic"],"build_version":"2020-12-22","purchased_purges":1,"victory":false,"max_hp_per_floor":[70,70,70,70,70,70,70,70,70,70,70,70,70,70,70,70,70,70,70,70,70,70,70,70,70,70,70,70,70,70,70,70,70,70,70,70,70,73,73,73,73,73,73,73,37,37,37,37,37,37,37,37],"relic_stats":{"counters":[25,119],"Shuriken":[7],"PreservedInsect":228,"obtain_stats":[{"Potion Belt":8,"construct:BoolHorns":25,"Girya":21,"halation:OrihimeAndHikoboshiSamaAndTears":29,"paleoftheancients:KeyRelic":50,"Guide Book":39,"DemoMod:Antibody":41,"HollowMod:JonisBlessing":31,"conspire:SpecialSausage":34,"DemoMod:GlassGuonStoneRelic":1,"PreservedInsect":23,"hubris:RunicObelisk":17,"jedi:HeartOfTheCards":6,"paleoftheancients:Timepiece":50,"Shuriken":43,"jedi:rubbersling":26,"halation:EternalFortune":38,"reliquary:Stiletto":10,"reliquary:BallBearing":30,"CultistMask":50,"conspire:BottledYoYo":47,"halation:PinkSoulGem":7,"Ring of the Snake":0},{"Potion Belt":5,"construct:BoolHorns":14,"Girya":11,"halation:OrihimeAndHikoboshiSamaAndTears":15,"paleoftheancients:KeyRelic":24,"Guide Book":19,"DemoMod:Antibody":20,"HollowMod:JonisBlessing":15,"conspire:SpecialSausage":16,"DemoMod:GlassGuonStoneRelic":1,"PreservedInsect":13,"hubris:RunicObelisk":10,"jedi:HeartOfTheCards":4,"paleoftheancients:Timepiece":24,"Shuriken":20,"jedi:rubbersling":14,"halation:EternalFortune":19,"reliquary:Stiletto":6,"reliquary:BallBearing":15,"CultistMask":24,"conspire:BottledYoYo":22,"halation:PinkSoulGem":4,"Ring of the Snake":0},{"Potion Belt":22,"construct:BoolHorns":68,"Girya":56,"halation:OrihimeAndHikoboshiSamaAndTears":73,"paleoftheancients:KeyRelic":113,"Guide Book":92,"DemoMod:Antibody":97,"HollowMod:JonisBlessing":73,"conspire:SpecialSausage":82,"DemoMod:GlassGuonStoneRelic":7,"PreservedInsect":65,"hubris:RunicObelisk":53,"jedi:HeartOfTheCards":19,"paleoftheancients:Timepiece":113,"Shuriken":97,"jedi:rubbersling":68,"halation:EternalFortune":92,"reliquary:Stiletto":32,"reliquary:BallBearing":73,"CultistMask":113,"conspire:BottledYoYo":103,"halation:PinkSoulGem":19,"Ring of the Snake":0}],"Ring of the Snake":[50]},"card_choices":[{"not_picked":["ReplayTheSpireMod:Tripwire","Hidden Blade","Slice"],"picked":"SKIP","floor":1.0},{"not_picked":["Quick Slash","Underhanded Strike"],"picked":"Replay:Bag of Tricks","floor":2.0},{"not_picked":["Dodge and Roll","ReplayTheSpireMod:Scrap Shanks"],"picked":"StuffTheSpire:Python","floor":5.0},{"not_picked":["hubris:Sniper","StuffTheSpire:MirrorStance"],"picked":"Bane","floor":6.0},{"not_picked":["Skewer","Poisoned Stab"],"picked":"Sucker Punch","floor":8.0},{"not_picked":["jedi:pocketpoison","Bullet Time"],"picked":"Fluid Movement","floor":10.0},{"not_picked":["jedi:collectorvenom","Dagger Throw"],"picked":"Catalyst","floor":12.0},{"not_picked":["Bouncing Flask","Deadly Poison"],"picked":"All Out Attack","floor":13.0},{"not_picked":["conspire:PoisonWeapons","Quick Slash"],"picked":"Escape Plan","floor":14.0},{"not_picked":["Glass Knife","Bullet Time"],"picked":"Die Die Die","floor":16.0},{"not_picked":["Dodge and Roll+1","StuffTheSpire:Python"],"picked":"Bane","floor":18.0},{"not_picked":["Tools of the Trade+1","Doppelganger+1"],"picked":"Replay:Bag of Tricks+1","floor":20.0},{"not_picked":["Blade Dance+1","Outmaneuver","Bane"],"picked":"SKIP","floor":22.0},{"not_picked":["Sneak Up","Burst"],"picked":"jedi:pocketpoison","floor":23.0},{"not_picked":["Underhanded Strike","Slice+1","StuffTheSpire:ClusterCrunch"],"picked":"SKIP","floor":25.0},{"not_picked":["Cloak And Dagger","StuffTheSpire:DoubleShiv"],"picked":"Prepared","floor":29.0},{"not_picked":["StuffTheSpire:FinalStruggle","Phantasmal Killer"],"picked":"jedi:studypoison","floor":33.0},{"not_picked":["Distraction+1","Sucker Punch+1"],"picked":"Deadly Poison+1","floor":35.0},{"not_picked":["Poisoned Stab+1","Skewer+1"],"picked":"jedi:pocketpoison+1","floor":36.0},{"not_picked":["Slice+1","StuffTheSpire:DoubleShiv+1","PiercingWail"],"picked":"SKIP","floor":37},{"not_picked":["Bane","Night Terror","Deflect"],"picked":"SKIP","floor":41},{"not_picked":["Outmaneuver","Sucker Punch","Sneak Up"],"picked":"SKIP","floor":46},{"not_picked":["Underhanded Strike","StuffTheSpire:Fury+1"],"picked":"Poison Darts","floor":47},{"not_picked":["jedi:unstablefumes+1","Choke","Outmaneuver+1"],"picked":"SKIP","floor":48}],"player_experience":1063089,"relics_obtained":[{"floor":6.0,"key":"jedi:HeartOfTheCards"},{"floor":8.0,"key":"Potion Belt"},{"floor":10.0,"key":"reliquary:Stiletto"},{"floor":23.0,"key":"PreservedInsect"},{"floor":25.0,"key":"construct:BoolHorns"},{"floor":26.0,"key":"jedi:rubbersling"},{"floor":29.0,"key":"halation:OrihimeAndHikoboshiSamaAndTears"},{"floor":41,"key":"DemoMod:Antibody"},{"floor":43,"key":"Shuriken"},{"floor":47,"key":"conspire:BottledYoYo"}],"event_choices":[{"damage_healed":23.0,"max_hp_gain":0.0,"max_hp_loss":0.0,"gold_gain":0.0,"event_name":"The Library","player_choice":"Heal","floor":19.0,"gold_loss":0.0,"damage_taken":0.0},{"damage_healed":0.0,"max_hp_gain":0.0,"max_hp_loss":0.0,"gold_gain":0.0,"event_name":"betterMatch:BetterMatch","player_choice":"2","floor":20.0,"gold_loss":0.0,"damage_taken":0.0,"cards_obtained":["betterMatch:RareCard"]},{"damage_healed":0.0,"max_hp_gain":0.0,"max_hp_loss":9.0,"gold_gain":0.0,"event_name":"betterThird:BetterWriting","player_choice":"Simplicity","floor":28.0,"gold_loss":0.0,"damage_taken":0.0}],"is_beta":false,"boss_relics":[{"not_picked":["Ring of Chaos","Snecko Scales"],"picked":"hubris:RunicObelisk"},{"not_picked":["aspiration:WatcherSkillbook","Honey Jar"],"picked":"conspire:SpecialSausage"}],"items_purged_floors":[4],"is_endless":false,"potions_floor_spawned":[1,2,10,14,23,29,33,35,36],"killed_by":"infinitespire:MassOfShapes","ascension_level":5}}