{"host":"6gwm7y0tp7acoxay","time":1613466272,"event":{"mods":["BaseMod","Colored Map","Keyboard Shortcuts","Minty Spire (QoL Compilation)","Quick Restart","StSLib","SuperFastMode","everything is the same but u backflip on backflip"],"gold_per_floor":[115,115,190,190,210,237,272,300,323,358,358,422,456,456,456,530,530,541,541,541,541,431,463,463,61,85,120,132,173,185,226,238,324,336,360,372,384,445,286,311,337,365,365,394,394,428,462,462,462,462,462,462,462,140,165,165],"floor_reached":57,"language":"KOR","playtime":2091,"items_purged":["Dagger Spray+1"],"score":4306,"play_id":"e4531461-ddaa-4273-8355-4ed00398b041","local_time":"20210216180432","daily_mods":["SealedDeck","Heirloom","Flight"],"is_ascension_mode":true,"campfire_choices":[{"data":"Tactician","floor":11,"key":"SMITH"},{"floor":15,"key":"REST"},{"data":"Accuracy","floor":24,"key":"SMITH"},{"data":"Footwork","floor":30,"key":"SMITH"},{"data":"Blade Dance","floor":32,"key":"SMITH"},{"floor":45,"key":"RECALL"},{"floor":49,"key":"DIG"},{"data":"Outmaneuver","floor":53,"key":"SMITH"}],"circlet_count":0,"master_deck":["AscendersBane","Deflect+1","Blade Dance+1","Leg Sweep+1","Backflip","Blur+1","Accuracy+1","Tactician+1","Outmaneuver+1","Acrobatics","Phantasmal Killer+1","Impatience","Footwork"],"relics":["Ring of the Snake","The Specimen","Boot","Ancient Tea Set","Juzu Bracelet","Bag of Marbles","Shovel","War Paint","Bag of Preparation","Darkstone Periapt","WristBlade","MutagenicStrength","Regal Pillow","Incense Burner","Potion Belt","MawBank","Blood Vial","Akabeko","SlaversCollar","Thread and Needle","Art of War","Toy Ornithopter","Dream Catcher","Centennial Puzzle","Letter Opener","Mummified Hand","TungstenRod","Paper Crane","Mango"],"acts_visited":["Exordium","TheCity","TheBeyond","TheEnding"],"potions_floor_usage":[10,33,56,56,56,56],"damage_taken":[{"damage":0,"enemies":"Jaw Worm","floor":1,"turns":4},{"damage":0,"enemies":"Small Slimes","floor":5,"turns":3},{"damage":0,"enemies":"Lagavulin","floor":6,"turns":7},{"damage":6,"enemies":"Gremlin Nob","floor":7,"turns":3},{"damage":0,"enemies":"Lagavulin","floor":8,"turns":5},{"damage":2,"enemies":"Gremlin Nob","floor":10,"turns":3},{"damage":5,"enemies":"3 Sentries","floor":12,"turns":3},{"damage":0,"enemies":"Lagavulin","floor":13,"turns":5},{"damage":0,"enemies":"The Guardian","floor":16,"turns":9},{"damage":0,"enemies":"Chosen","floor":18,"turns":5},{"damage":0,"enemies":"Book of Stabbing","floor":23,"turns":4},{"damage":0,"enemies":"Gremlin Leader","floor":27,"turns":3},{"damage":27,"enemies":"Slavers","floor":29,"turns":3},{"damage":0,"enemies":"Gremlin Leader","floor":31,"turns":3},{"damage":0,"enemies":"Collector","floor":33,"turns":5},{"damage":0,"enemies":"3 Darklings","floor":35,"turns":3},{"damage":0,"enemies":"2 Orb Walkers","floor":38,"turns":2},{"damage":0,"enemies":"Reptomancer","floor":40,"turns":2},{"damage":0,"enemies":"Giant Head","floor":41,"turns":3},{"damage":0,"enemies":"Reptomancer","floor":42,"turns":2},{"damage":0,"enemies":"Nemesis","floor":44,"turns":3},{"damage":0,"enemies":"Giant Head","floor":46,"turns":1},{"damage":0,"enemies":"Nemesis","floor":47,"turns":7},{"damage":0,"enemies":"Time Eater","floor":50,"turns":6},{"damage":0,"enemies":"Awakened One","floor":51,"turns":9},{"damage":0,"enemies":"Shield and Spear","floor":55,"turns":6},{"damage":3,"enemies":"The Heart","floor":56,"turns":7}],"seed_played":"2219473417620259657","potions_obtained":[{"floor":1,"key":"Weak Potion"},{"floor":4,"key":"Block Potion"},{"floor":10,"key":"Poison Potion"},{"floor":23,"key":"FearPotion"},{"floor":29,"key":"PowerPotion"},{"floor":31,"key":"Block Potion"},{"floor":33,"key":"Fire Potion"},{"floor":46,"key":"DuplicationPotion"}],"is_trial":true,"path_per_floor":["M","?","?","?","M","E","E","E","T","E","R","?","E","?","R","B",null,"M","?","?","?","?","E","R","$","T","E","?","E","R","E","R","B",null,"M","?","?","?","$","E","E","E","T","E","R","E","E","?","R","B","B",null,"R","$","E","B",null],"character_chosen":"THE_SILENT","items_purchased":["Incense Burner","Footwork","Impatience","PowerPotion","Paper Crane"],"campfire_rested":1,"item_purchase_floors":[25,25,39,54,54],"current_hp_per_floor":[59,39,28,28,28,28,22,22,22,20,20,15,15,10,29,29,57,57,57,57,57,57,57,57,57,57,57,57,30,30,32,32,34,58,60,60,60,62,62,64,66,66,66,66,66,66,66,66,66,66,66,66,66,66,80,77],"gold":165,"neow_bonus":"","is_daily":false,"chose_seed":false,"campfire_upgraded":5,"win_rate":0.0,"timestamp":1613466272,"path_taken":["M","?","?","?","?","E","E","E","T","E","R","?","E","?","R","BOSS","M","?","?","?","?","E","R","$","T","E","?","E","R","E","R","BOSS","M","?","?","?","$","E","E","E","T","E","R","E","E","?","R","BOSS","BOSS","R","$","E","BOSS"],"items_purchased_type":["Relic","Card","Card","Potion","Relic"],"build_version":"2020-12-22","purchased_purges":1,"victory":true,"max_hp_per_floor":[66,66,66,66,66,66,66,66,66,66,66,66,66,66,66,66,66,66,66,66,66,66,66,66,66,66,66,66,66,66,66,66,66,66,66,66,66,66,66,66,66,66,66,66,66,66,66,66,66,66,66,66,66,66,80,80],"card_choices":[{"not_picked":["Bane","Quick Slash"],"picked":"Outmaneuver","floor":1},{"not_picked":["Heel Hook","Blur","Poisoned Stab"],"picked":"SKIP","floor":5},{"not_picked":["Deflect","Outmaneuver"],"picked":"Acrobatics","floor":6},{"not_picked":["Crippling Poison","Endless Agony","Finisher"],"picked":"SKIP","floor":7},{"not_picked":["Sucker Punch","Flechettes","Blade Dance"],"picked":"SKIP","floor":8},{"not_picked":["Sucker Punch","Cloak And Dagger"],"picked":"Corpse Explosion","floor":10},{"not_picked":["Deflect","Sucker Punch","Accuracy"],"picked":"SKIP","floor":13},{"not_picked":["Wraith Form v2","Burst"],"picked":"Phantasmal Killer","floor":16},{"not_picked":["Flying Knee+1","Riddle With Holes","Prepared"],"picked":"SKIP","floor":18},{"not_picked":["Doppelganger","Skewer","Poisoned Stab"],"picked":"SKIP","floor":23},{"not_picked":["Infinite Blades","Choke+1","Backflip+1"],"picked":"SKIP","floor":27},{"not_picked":["Bane","Setup","Blade Dance"],"picked":"SKIP","floor":29},{"not_picked":["Prepared","Outmaneuver","Doppelganger"],"picked":"SKIP","floor":31},{"not_picked":["Dagger Spray","Deflect+1","Dodge and Roll+1"],"picked":"SKIP","floor":35},{"not_picked":["Eviscerate","Deadly Poison+1","Dagger Throw"],"picked":"SKIP","floor":40},{"not_picked":["Accuracy","Unload","Footwork"],"picked":"SKIP","floor":41},{"not_picked":["Cloak And Dagger+1","Escape Plan+1","Deflect"],"picked":"SKIP","floor":42},{"not_picked":["Deflect","Blur","Expertise"],"picked":"SKIP","floor":44},{"not_picked":["Escape Plan","PiercingWail","Infinite Blades+1"],"picked":"SKIP","floor":46},{"not_picked":["Escape Plan","PiercingWail","Infinite Blades+1"],"picked":"SKIP","floor":46},{"not_picked":["Masterful Stab","Blur","Bullet Time"],"picked":"SKIP","floor":47},{"not_picked":["Acrobatics","Deflect"],"picked":"Footwork","floor":55}],"player_experience":4553478,"relics_obtained":[{"floor":6,"key":"Boot"},{"floor":7,"key":"Ancient Tea Set"},{"floor":8,"key":"Juzu Bracelet"},{"floor":9,"key":"Bag of Marbles"},{"floor":10,"key":"Shovel"},{"floor":13,"key":"Bag of Preparation"},{"floor":23,"key":"Regal Pillow"},{"floor":26,"key":"Potion Belt"},{"floor":27,"key":"MawBank"},{"floor":29,"key":"Blood Vial"},{"floor":31,"key":"Akabeko"},{"floor":38,"key":"Thread and Needle"},{"floor":40,"key":"Art of War"},{"floor":41,"key":"Toy Ornithopter"},{"floor":42,"key":"Dream Catcher"},{"floor":44,"key":"Centennial Puzzle"},{"floor":46,"key":"Letter Opener"},{"floor":47,"key":"Mummified Hand"},{"floor":49,"key":"TungstenRod"},{"floor":55,"key":"Mango"}],"event_choices":[{"damage_healed":0,"gold_gain":0,"player_choice":"Entered Light","damage_taken":20,"max_hp_gain":0,"max_hp_loss":0,"event_name":"Shining Light","floor":2,"gold_loss":0,"cards_upgraded":["Dagger Spray","Leg Sweep"]},{"damage_healed":0,"gold_gain":75,"player_choice":"Gather Gold","damage_taken":11,"max_hp_gain":0,"max_hp_loss":0,"event_name":"World of Goop","floor":3,"gold_loss":0},{"damage_healed":0,"gold_gain":0,"player_choice":"Got Potions","damage_taken":0,"max_hp_gain":0,"max_hp_loss":0,"event_name":"Lab","floor":4,"gold_loss":0},{"damage_healed":0,"gold_gain":0,"player_choice":"Searched \u00272\u0027 times","damage_taken":0,"relics_obtained":["War Paint"],"max_hp_gain":0,"max_hp_loss":0,"event_name":"Dead Adventurer","floor":12,"gold_loss":0},{"damage_healed":0,"gold_gain":0,"player_choice":"Success","damage_taken":5,"relics_obtained":["Darkstone Periapt"],"max_hp_gain":0,"max_hp_loss":0,"event_name":"Scrap Ooze","floor":14,"gold_loss":0},{"damage_healed":0,"gold_gain":0,"player_choice":"Upgraded","damage_taken":0,"max_hp_gain":0,"max_hp_loss":0,"event_name":"Upgrade Shrine","floor":19,"gold_loss":0,"cards_upgraded":["Phantasmal Killer"]},{"damage_healed":0,"gold_gain":0,"player_choice":"Inject Mutagens","damage_taken":0,"relics_obtained":["MutagenicStrength"],"max_hp_gain":0,"max_hp_loss":0,"event_name":"Drug Dealer","floor":20,"gold_loss":0},{"cards_removed":["Corpse Explosion"],"damage_healed":0,"gold_gain":0,"player_choice":"Elegance","damage_taken":0,"max_hp_gain":0,"max_hp_loss":0,"event_name":"Back to Basics","floor":21,"gold_loss":0},{"cards_removed":["Crippling Poison"],"damage_healed":0,"gold_gain":0,"player_choice":"Upgrade and Remove","damage_taken":0,"max_hp_gain":0,"max_hp_loss":0,"event_name":"Designer","floor":22,"gold_loss":110,"cards_upgraded":["Infinite Blades"]},{"cards_removed":["Infinite Blades"],"damage_healed":0,"gold_gain":0,"player_choice":"Purged","damage_taken":0,"max_hp_gain":0,"max_hp_loss":0,"event_name":"Purifier","floor":28,"gold_loss":0},{"damage_healed":0,"gold_gain":0,"player_choice":"Ignored","damage_taken":0,"max_hp_gain":0,"max_hp_loss":0,"event_name":"Tomb of Lord Red Mask","floor":36,"gold_loss":0},{"damage_healed":0,"gold_gain":0,"player_choice":"Memory 1","damage_taken":0,"max_hp_gain":0,"max_hp_loss":0,"event_name":"SensoryStone","floor":37,"gold_loss":0},{"damage_healed":0,"gold_gain":0,"player_choice":"Fight","damage_taken":0,"max_hp_gain":0,"max_hp_loss":0,"event_name":"Mysterious Sphere","floor":38,"gold_loss":0},{"cards_removed":["Footwork"],"damage_healed":0,"gold_gain":0,"player_choice":"Removed Power","damage_taken":0,"max_hp_gain":0,"max_hp_loss":0,"event_name":"Falling","floor":48,"gold_loss":0}],"is_beta":false,"boss_relics":[{"not_picked":["Tiny House","Calling Bell"],"picked":"WristBlade"},{"not_picked":["Black Star","Velvet Choker"],"picked":"SlaversCollar"}],"items_purged_floors":[39],"is_endless":false,"potions_floor_spawned":[1,6,7,10,23,29,31,33,35,40,46,47],"ascension_level":20}}