{"host":"bf5upntvbdompq33","time":1613450919,"event":{"mods":["BaseMod","Bestiary","Colored Map","Colored Powertips","Curses Come First","Highlight Path","Minty Spire (QoL Compilation)","StSLib","ojb\u0027s Info Mod"],"gold_per_floor":[110,110,30,42,58,58,68,68,68,68,88,13,13,47,47,47,47],"floor_reached":16,"language":"ENG","playtime":1054,"items_purged":["Strike_R"],"score":170,"play_id":"eb26276b-da87-47a5-90df-77063c57fba0","local_time":"20210215214839","is_ascension_mode":true,"campfire_choices":[{"data":"Armaments","floor":6,"key":"SMITH"},{"floor":10,"key":"REST"},{"floor":13,"key":"REST"},{"floor":15,"key":"REST"}],"circlet_count":0,"master_deck":["AscendersBane","Strike_R","Defend_R","Defend_R","Defend_R","Defend_R","Bash","Armaments+1","Searing Blow","Headbutt","Uppercut","Inflame+1"],"relics":["Burning Blood","Golden Idol","Singing Bowl","Frozen Egg 2"],"acts_visited":["Exordium"],"potions_floor_usage":[],"damage_taken":[{"damage":7,"enemies":"Small Slimes","floor":1,"turns":5},{"damage":1,"enemies":"Cultist","floor":4,"turns":3},{"damage":2,"enemies":"Jaw Worm","floor":5,"turns":4},{"damage":35,"enemies":"Exordium Thugs","floor":7,"turns":7},{"damage":24,"enemies":"Lots of Slimes","floor":11,"turns":5},{"damage":51,"enemies":"Lagavulin","floor":14,"turns":8},{"damage":35,"enemies":"Hexaghost","floor":16,"turns":10}],"seed_played":"2749496657930051357","potions_obtained":[{"floor":4,"key":"SteroidPotion"},{"floor":11,"key":"GamblersBrew"}],"is_trial":false,"path_per_floor":["M","?","$","M","M","R","M","?","T","R","M","$","R","E","R","B"],"character_chosen":"IRONCLAD","items_purchased":["Searing Blow"],"campfire_rested":3,"item_purchase_floors":[3],"current_hp_per_floor":[49,49,49,54,58,58,29,29,29,49,33,33,54,9,30,0,0],"gold":47,"neow_bonus":"REMOVE_TWO","is_daily":false,"chose_seed":false,"campfire_upgraded":1,"win_rate":0.0,"timestamp":1613450919,"path_taken":["M","?","$","M","?","R","M","?","T","R","M","?","R","E","R","BOSS"],"items_purchased_type":["Card"],"build_version":"2020-12-22","purchased_purges":1,"victory":false,"max_hp_per_floor":[75,75,75,75,75,75,75,69,69,69,71,71,71,71,71,71,71],"card_choices":[{"not_picked":["Clash","Shockwave"],"picked":"Armaments","floor":1},{"not_picked":["Body Slam","Infernal Blade","Combust"],"picked":"SKIP","floor":4},{"not_picked":["Havoc","Thunderclap"],"picked":"Headbutt","floor":5},{"not_picked":["Dark Embrace","Wild Strike"],"picked":"Uppercut","floor":7},{"not_picked":["Clash","Intimidate","Warcry"],"picked":"Singing Bowl","floor":11},{"not_picked":["Twin Strike","True Grit"],"picked":"Inflame+1","floor":14}],"player_experience":1598737,"relics_obtained":[{"floor":9,"key":"Singing Bowl"},{"floor":14,"key":"Frozen Egg 2"}],"event_choices":[{"cards_removed":["Strike_R"],"damage_healed":0,"gold_gain":0,"player_choice":"Offered Basic","damage_taken":0,"max_hp_gain":0,"max_hp_loss":0,"event_name":"Bonfire Elementals","floor":2,"gold_loss":0},{"damage_healed":0,"gold_gain":0,"player_choice":"Lose Max HP","damage_taken":0,"relics_obtained":["Golden Idol"],"max_hp_gain":0,"max_hp_loss":6,"event_name":"Golden Idol","floor":8,"gold_loss":0}],"is_beta":false,"boss_relics":[],"items_purged_floors":[12],"is_endless":false,"potions_floor_spawned":[4,11,14],"killed_by":"Hexaghost","ascension_level":14}}