{"host":"c95txy58ipbu969e","time":1613446268,"event":{"mods":["Act Like it!","BaseMod","Gensokyo","Minty Spire (QoL Compilation)","Quick Restart","Ruina","StSLib"],"gold_per_floor":[117,137,137,137,157,186,186,199,224,253,265,297,297,317,317,391,391,403,353,170,170,170,196,196,196,245,261,261,261,261],"floor_reached":29,"language":"ENG","playtime":1547,"items_purged":[],"score":463,"play_id":"9955a53b-7c9f-44bd-b118-3e5b7c9b1741","local_time":"20210216113108","is_ascension_mode":true,"campfire_choices":[{"data":"Armaments","floor":7.0,"key":"SMITH"},{"data":"True Grit","floor":13.0,"key":"SMITH"},{"data":"Fire Breathing","floor":15.0,"key":"SMITH"},{"data":"Limit Break","floor":25,"key":"SMITH"},{"data":"Demon Form","floor":28,"key":"SMITH"}],"circlet_count":0,"master_deck":["AscendersBane","Strike_R","Strike_R","Strike_R","Strike_R","Defend_R","Defend_R","Defend_R","Defend_R","Bash","Armaments+1","Fire Breathing+1","Spot Weakness","Inflame","Power Through","Limit Break+1","True Grit+1","Cleave","Reaper","Armaments+1","Clumsy","ruina:SwordSharpened","ruina:GoldRush","Body Slam","Demon Form+1"],"relics":["Black Blood","NeowsBlessing","MealTicket","PreservedInsect","Pen Nib","InkBottle","ruina:FalsePresent","Bronze Scales","Regal Pillow"],"acts_visited":["Gensokyo:Gensokyo","ruina:Briah"],"potions_floor_usage":[19,23],"damage_taken":[{"damage":0.0,"enemies":"Gensokyo:2_Kodama","floor":1.0,"turns":1.0},{"damage":0.0,"enemies":"Gensokyo:Gryphon","floor":2.0,"turns":1.0},{"damage":0.0,"enemies":"Gensokyo:3_Fairies","floor":5.0,"turns":2.0},{"damage":23.0,"enemies":"Gensokyo:Mamizou","floor":6.0,"turns":10.0},{"damage":13.0,"enemies":"Gensokyo:Kitsune","floor":8.0,"turns":4.0},{"damage":5.0,"enemies":"Gensokyo:Cirno","floor":10.0,"turns":7.0},{"damage":13.0,"enemies":"Gensokyo:LivingMonolith","floor":11.0,"turns":4.0},{"damage":20.0,"enemies":"Gensokyo:Aya","floor":12.0,"turns":5.0},{"damage":11.0,"enemies":"Gensokyo:Python_and_Kodama","floor":14.0,"turns":5.0},{"damage":20.0,"enemies":"Gensokyo:Yukari","floor":16.0,"turns":11.0},{"damage":21,"enemies":"ruina:2_Scarecrows","floor":18,"turns":5},{"damage":75,"enemies":"ruina:Mountain","floor":23,"turns":8},{"damage":26,"enemies":"ruina:BadWolf","floor":27,"turns":7},{"damage":42,"enemies":"ruina:RoadHome","floor":29,"turns":3}],"seed_played":"-3651976731203393249","potions_obtained":[{"floor":6.0,"key":"Fruit Juice"},{"floor":8.0,"key":"BlessingOfTheForge"},{"floor":14.0,"key":"ColorlessPotion"},{"floor":16.0,"key":"LiquidMemories"},{"floor":19,"key":"LiquidBronze"}],"is_trial":false,"path_per_floor":["M","M","?","?","M","E","R","M","T","E","M","E","R","M","R","B",null,"M","?","$","?","?","E","?","R","T","M","R","E"],"character_chosen":"IRONCLAD","items_purchased":["ruina:SwordSharpened"],"campfire_rested":0,"item_purchase_floors":[20],"current_hp_per_floor":[74,75,66,66,72,55,55,48,48,49,42,28,28,23,23,9,59,50,51,66,66,66,28,28,28,28,23,23,0,0],"gold":261,"neow_bonus":"THREE_ENEMY_KILL","is_daily":false,"chose_seed":false,"campfire_upgraded":5,"win_rate":0.0,"timestamp":1613446268,"path_taken":["M","?","?","?","M","E","R","M","T","E","M","E","R","M","R","BOSS","M","?","$","?","?","E","?","R","T","?","R","E"],"items_purchased_type":["Card"],"build_version":"2020-12-22","purchased_purges":0,"victory":false,"max_hp_per_floor":[75,75,75,75,75,75,75,75,75,75,75,75,75,75,75,75,75,75,75,75,68,68,68,68,68,68,68,68,68,68],"card_choices":[{"not_picked":["Wild Strike","Havoc"],"picked":"Armaments","floor":1.0},{"not_picked":["Searing Blow","Armaments"],"picked":"Fire Breathing","floor":2.0},{"not_picked":["Rampage","Havoc"],"picked":"Spot Weakness","floor":5.0},{"not_picked":["Wild Strike","Blood for Blood"],"picked":"Inflame","floor":6.0},{"not_picked":["Metallicize","Warcry"],"picked":"Power Through","floor":8.0},{"not_picked":["Perfected Strike","Armaments"],"picked":"Limit Break","floor":10.0},{"not_picked":["Wild Strike","Rage"],"picked":"True Grit","floor":11.0},{"not_picked":["Sever Soul","Wild Strike"],"picked":"Cleave","floor":12.0},{"not_picked":["Twin Strike","Blood for Blood","Dual Wield"],"picked":"SKIP","floor":14.0},{"not_picked":["Immolate","Exhume"],"picked":"Reaper","floor":16.0},{"not_picked":["True Grit","Sword Boomerang"],"picked":"Armaments+1","floor":18},{"not_picked":["ruina:Nihil","ruina:CrimsonScar"],"picked":"ruina:GoldRush","floor":21},{"not_picked":["Body Slam","Bloodletting","Perfected Strike"],"picked":"SKIP","floor":23},{"not_picked":["Bloodletting","Perfected Strike"],"picked":"Body Slam","floor":23},{"not_picked":["Body Slam","Armaments"],"picked":"Demon Form","floor":27}],"player_experience":256959,"relics_obtained":[{"floor":6.0,"key":"MealTicket"},{"floor":9.0,"key":"PreservedInsect"},{"floor":10.0,"key":"Pen Nib"},{"floor":12.0,"key":"InkBottle"},{"floor":23,"key":"Bronze Scales"},{"floor":26,"key":"Regal Pillow"}],"event_choices":[],"is_beta":false,"boss_relics":[{"not_picked":["Busted Crown","Snecko Eye"],"picked":"Black Blood"}],"items_purged_floors":[],"is_endless":false,"potions_floor_spawned":[6,8,10,14,16,18],"killed_by":"ruina:RoadHome","ascension_level":15}}