{"host":"yy1cu9q9bsxhflzi","time":1613501129,"event":{"mods":["BaseMod","DeckTracker","Minty Spire (QoL Compilation)","Quick Restart","StSLib","SuperFastMode","everything is the same but u backflip on backflip"],"gold_per_floor":[119,131,141,141,152,169,169,179,179,179,179,194,229,304,304,304,304],"floor_reached":16,"language":"KOR","playtime":277,"items_purged":[],"score":192,"play_id":"e4abd3ee-2514-427c-8780-f9ce9ad65b53","local_time":"20210217034529","is_ascension_mode":true,"campfire_choices":[{"data":"Terror","floor":7,"key":"SMITH"},{"floor":10,"key":"REST"},{"floor":15,"key":"REST"}],"circlet_count":0,"master_deck":["AscendersBane","Strike_G","Strike_G","Strike_G","Strike_G","Defend_G","Defend_G","Defend_G","Defend_G","Survivor","Neutralize","Shame","After Image","Distraction","Masterful Stab","Dagger Spray","Sucker Punch","Backflip","Terror+1","Phantasmal Killer"],"relics":["Ring of the Snake","Orichalcum","Nunchaku"],"acts_visited":["Exordium"],"potions_floor_usage":[8,13,16],"damage_taken":[{"damage":0,"enemies":"2 Louse","floor":1,"turns":3},{"damage":4,"enemies":"Cultist","floor":2,"turns":4},{"damage":1,"enemies":"Small Slimes","floor":3,"turns":3},{"damage":25,"enemies":"3 Louse","floor":5,"turns":5},{"damage":15,"enemies":"Blue Slaver","floor":6,"turns":5},{"damage":6,"enemies":"Exordium Thugs","floor":8,"turns":4},{"damage":5,"enemies":"Red Slaver","floor":12,"turns":3},{"damage":14,"enemies":"Gremlin Nob","floor":13,"turns":4},{"damage":16,"enemies":"Hexaghost","floor":16,"turns":8}],"seed_played":"-3524157972279815765","potions_obtained":[{"floor":1,"key":"Poison Potion"},{"floor":5,"key":"Weak Potion"},{"floor":11,"key":"CunningPotion"}],"is_trial":false,"path_per_floor":["M","M","M","?","M","M","R","M","T","R","?","M","E","?","R","B"],"character_chosen":"THE_SILENT","items_purchased":[],"campfire_rested":2,"item_purchase_floors":[],"current_hp_per_floor":[59,55,54,59,34,19,19,13,13,34,34,29,15,4,25,9,9],"gold":304,"neow_bonus":"TRANSFORM_TWO_CARDS","is_daily":false,"chose_seed":false,"campfire_upgraded":1,"win_rate":0.0,"timestamp":1613501129,"path_taken":["M","M","M","?","M","M","R","M","T","R","?","?","E","?","R","BOSS"],"items_purchased_type":[],"build_version":"2020-12-22","purchased_purges":0,"victory":false,"max_hp_per_floor":[66,66,66,71,71,71,71,71,71,71,71,71,71,71,71,71,71],"card_choices":[{"not_picked":["Crippling Poison","Cloak And Dagger"],"picked":"Masterful Stab","floor":1},{"not_picked":["Prepared","Reflex"],"picked":"Dagger Spray","floor":2},{"not_picked":["Slice","Caltrops"],"picked":"Sucker Punch","floor":3},{"not_picked":["Concentrate","Finisher"],"picked":"Backflip","floor":5},{"not_picked":["Crippling Poison","Skewer"],"picked":"Terror","floor":6},{"not_picked":["Sucker Punch","Backflip","Bouncing Flask"],"picked":"SKIP","floor":8},{"not_picked":["Backflip","Bane","Slice"],"picked":"SKIP","floor":12},{"not_picked":["Finisher","Bane"],"picked":"Phantasmal Killer","floor":13}],"player_experience":3918659,"relics_obtained":[{"floor":9,"key":"Orichalcum"},{"floor":13,"key":"Nunchaku"}],"event_choices":[{"damage_healed":0,"gold_gain":0,"player_choice":"Donut","damage_taken":0,"max_hp_gain":5,"max_hp_loss":0,"event_name":"Big Fish","floor":4,"gold_loss":0},{"damage_healed":0,"gold_gain":0,"player_choice":"Got Potions","damage_taken":0,"max_hp_gain":0,"max_hp_loss":0,"event_name":"Lab","floor":11,"gold_loss":0},{"damage_healed":0,"gold_gain":75,"player_choice":"Gather Gold","damage_taken":11,"max_hp_gain":0,"max_hp_loss":0,"event_name":"World of Goop","floor":14,"gold_loss":0}],"is_beta":false,"boss_relics":[],"items_purged_floors":[],"is_endless":false,"potions_floor_spawned":[1,5],"killed_by":"Hexaghost","ascension_level":17}}