{"host":"d5zlp9udt2hvvjfh","time":1608686283,"event":{"mods":["AchievementEnabler","BaseMod","Minty Spire (QoL Compilation)","Permanent Neow","Relic Stats","StSLib"],"gold_per_floor":[109,109,125,138,138,166,178,59,86,86,99,133,133,163,163,238,238,248,248,268,279,298,317,347,347,347,375,375,475,475,489,489,568,568,583,602,602,602,602,635,645,673,673,319,350,350,350,350],"floor_reached":47,"playtime":3835,"items_purged":["Strike_R","Defend_R"],"score":1177,"play_id":"4dce94bd-cdac-4748-bac2-3cf6c9839ff1","local_time":"20201223021803","is_ascension_mode":true,"campfire_choices":[{"data":"Whirlwind","floor":10.0,"key":"SMITH"},{"data":"Burning Pact","floor":15.0,"key":"SMITH"},{"floor":25.0,"key":"REST"},{"floor":30,"key":"REST"},{"data":"Dark Embrace","floor":32,"key":"SMITH"},{"floor":46,"key":"REST"}],"circlet_count":0,"master_deck":["AscendersBane","Defend_R","Defend_R","Defend_R","Bash","Fiend Fire+1","Blood for Blood","Dark Embrace+1","Battle Trance","Feel No Pain","Whirlwind+1","Burning Pact+1","Warcry+1","Warcry","Pommel Strike","Exhume","Iron Wave+1","Disarm+1","Anger","Thunderclap+1","Havoc","Dual Wield","Limit Break","Bite","Bite","Bite","Bite","Bite","True Grit+1","Reckless Charge+1","Limit Break","Havoc","Demon Form","Havoc","Havoc"],"relics":["Burning Blood","Smiling Mask","Potion Belt","Anchor","Omamori","Black Star","Strawberry","Bag of Preparation","Pantograph","PreservedInsect","Lantern","Juzu Bracelet","Molten Egg 2","Dead Branch","Mark of Pain","Blood Vial","StoneCalendar","Boot","White Beast Statue","Centennial Puzzle","Membership Card","Bottled Flame","War Paint","InkBottle"],"acts_visited":["Exordium","TheCity","TheBeyond"],"potions_floor_usage":[30,42,42,45],"damage_taken":[{"damage":0.0,"enemies":"2 Louse","floor":1.0,"turns":4.0},{"damage":0.0,"enemies":"Small Slimes","floor":3.0,"turns":2.0},{"damage":0.0,"enemies":"Cultist","floor":4.0,"turns":2.0},{"damage":18.0,"enemies":"Gremlin Nob","floor":6.0,"turns":3.0},{"damage":9.0,"enemies":"Looter","floor":7.0,"turns":3.0},{"damage":32.0,"enemies":"Exordium Wildlife","floor":11.0,"turns":6.0},{"damage":29.0,"enemies":"Lagavulin","floor":12.0,"turns":8.0},{"damage":0.0,"enemies":"Gremlin Nob","floor":14.0,"turns":2.0},{"damage":16.0,"enemies":"Hexaghost","floor":16.0,"turns":9.0},{"damage":2.0,"enemies":"Chosen","floor":18.0,"turns":4.0},{"damage":12.0,"enemies":"3 Byrds","floor":20.0,"turns":5.0},{"damage":24.0,"enemies":"Centurion and Healer","floor":21.0,"turns":10.0},{"damage":29.0,"enemies":"3 Cultists","floor":22.0,"turns":5.0},{"damage":0.0,"enemies":"Snake Plant","floor":23.0,"turns":2.0},{"damage":25.0,"enemies":"Slavers","floor":24.0,"turns":6.0},{"damage":29.0,"enemies":"Book of Stabbing","floor":27.0,"turns":4.0},{"damage":12,"enemies":"Colosseum Slavers","floor":29,"turns":3},{"damage":9,"enemies":"Colosseum Nobs","floor":29,"turns":8},{"damage":20,"enemies":"Shelled Parasite and Fungi","floor":31,"turns":13},{"damage":44,"enemies":"Champ","floor":33,"turns":11},{"damage":6,"enemies":"Orb Walker","floor":35,"turns":3},{"damage":26,"enemies":"3 Darklings","floor":36,"turns":4},{"damage":21,"enemies":"Nemesis","floor":40,"turns":5},{"damage":24,"enemies":"Writhing Mass","floor":41,"turns":8},{"damage":22,"enemies":"Reptomancer","floor":42,"turns":6},{"damage":24,"enemies":"Giant Head","floor":45,"turns":6},{"damage":46,"enemies":"Maw","floor":47,"turns":4}],"seed_played":"-3819743309042588717","potions_obtained":[{"floor":1.0,"key":"PowerPotion"},{"floor":4.0,"key":"Dexterity Potion"},{"floor":6.0,"key":"Swift Potion"},{"floor":11.0,"key":"BloodPotion"},{"floor":20.0,"key":"Fruit Juice"},{"floor":22.0,"key":"SteroidPotion"},{"floor":24.0,"key":"SkillPotion"},{"floor":27.0,"key":"Fire Potion"},{"floor":33,"key":"SneckoOil"},{"floor":36,"key":"AttackPotion"},{"floor":41,"key":"SteroidPotion"},{"floor":42,"key":"PowerPotion"},{"floor":45,"key":"Ancient Potion"}],"is_trial":false,"path_per_floor":["M","?","M","M","?","E","M","$","T","R","M","E","?","E","R","B",null,"M","?","M","M","M","M","E","R","T","E","?","?","R","M","R","B",null,"M","M","?","?","T","E","M","E","T","$","E","R","M"],"character_chosen":"IRONCLAD","items_purchased":["Burning Pact","Membership Card","Bottled Flame","Havoc"],"campfire_rested":3,"item_purchase_floors":[8,44,44,44],"current_hp_per_floor":[74,59,65,71,71,59,56,56,56,56,30,22,47,53,53,43,67,71,78,72,54,31,37,18,42,42,19,19,16,39,45,45,32,55,59,42,42,42,42,37,25,27,27,27,17,35,0,0],"gold":350,"neow_bonus":"ONE_RANDOM_RARE_CARD","is_daily":false,"chose_seed":false,"campfire_upgraded":3,"win_rate":0.0,"timestamp":1608686283,"path_taken":["M","?","M","M","?","E","M","$","T","R","?","E","?","E","R","BOSS","M","?","M","M","M","M","E","R","T","E","?","?","R","M","R","BOSS","M","M","?","?","?","E","M","E","T","$","E","R","M"],"items_purchased_type":["Card","Relic","Relic","Card"],"build_version":"2020-12-13","purchased_purges":2,"victory":false,"max_hp_per_floor":[75,75,75,75,75,75,75,75,75,75,75,75,75,75,75,75,75,75,82,82,82,82,82,82,82,82,82,57,57,62,62,62,62,62,62,62,62,62,62,62,62,62,62,62,62,62,62,62],"relic_stats":{"counters":[27,146],"Dead Branch":[184],"StoneCalendar":[49],"PreservedInsect":332,"Bag of Preparation":[24],"Juzu Bracelet":1,"War Paint":["True Grit","Warcry"],"Smiling Mask":25,"Boot":[2],"Burning Blood":156,"Blood Vial":10,"Centennial Puzzle":[6],"Pantograph":17,"Black Star":5,"obtain_stats":[{"Potion Belt":9,"Lantern":27,"Dead Branch":29,"StoneCalendar":40,"PreservedInsect":26,"Omamori":14,"Bag of Preparation":24,"Juzu Bracelet":27,"War Paint":45,"Smiling Mask":6,"Boot":40,"Burning Blood":0,"White Beast Statue":42,"Blood Vial":39,"Anchor":12,"Centennial Puzzle":42,"Bottled Flame":44,"Strawberry":19,"Pantograph":24,"Molten Egg 2":29,"Mark of Pain":34,"Black Star":17,"Membership Card":44,"InkBottle":45},{"Potion Belt":5,"Lantern":16,"Dead Branch":18,"StoneCalendar":23,"PreservedInsect":15,"Omamori":8,"Bag of Preparation":15,"Juzu Bracelet":16,"War Paint":26,"Smiling Mask":4,"Boot":23,"Burning Blood":0,"White Beast Statue":25,"Blood Vial":22,"Anchor":7,"Centennial Puzzle":25,"Bottled Flame":25,"Strawberry":10,"Pantograph":15,"Molten Egg 2":18,"Mark of Pain":20,"Black Star":9,"Membership Card":25,"InkBottle":26},{"Potion Belt":14,"Lantern":75,"Dead Branch":86,"StoneCalendar":122,"PreservedInsect":71,"Omamori":30,"Bag of Preparation":71,"Juzu Bracelet":75,"War Paint":142,"Smiling Mask":11,"Boot":122,"Burning Blood":0,"White Beast Statue":136,"Blood Vial":117,"Anchor":28,"Centennial Puzzle":136,"Bottled Flame":136,"Strawberry":43,"Pantograph":71,"Molten Egg 2":86,"Mark of Pain":110,"Black Star":39,"Membership Card":136,"InkBottle":142}],"InkBottle":[2]},"card_choices":[{"not_picked":["Dropkick","Clothesline"],"picked":"Blood for Blood","floor":1.0},{"not_picked":["Metallicize","Cleave"],"picked":"Dark Embrace","floor":3.0},{"not_picked":["Pommel Strike","Heavy Blade"],"picked":"Battle Trance","floor":4.0},{"not_picked":["Flex","Cleave"],"picked":"Feel No Pain","floor":6.0},{"not_picked":["Reckless Charge","Wild Strike"],"picked":"Whirlwind","floor":7.0},{"not_picked":["Headbutt","Twin Strike"],"picked":"Warcry","floor":11.0},{"not_picked":["Hemokinesis","Combust"],"picked":"Warcry","floor":12.0},{"not_picked":["Cleave","Clash"],"picked":"Pommel Strike","floor":14.0},{"not_picked":["Barricade","Fiend Fire"],"picked":"Exhume","floor":16.0},{"not_picked":["Combust","Sever Soul"],"picked":"Iron Wave+1","floor":18.0},{"not_picked":["Fire Breathing+1","Blood for Blood"],"picked":"Disarm+1","floor":20.0},{"not_picked":["Evolve","Sword Boomerang"],"picked":"Anger","floor":21.0},{"not_picked":["Flex","Armaments"],"picked":"Thunderclap+1","floor":22.0},{"not_picked":["Cleave","Warcry"],"picked":"Havoc","floor":23.0},{"not_picked":["Wild Strike","Twin Strike"],"picked":"Dual Wield","floor":24.0},{"not_picked":["Barricade","True Grit"],"picked":"Limit Break","floor":27.0},{"not_picked":["Wild Strike+1","Sword Boomerang+1"],"picked":"True Grit","floor":29},{"not_picked":["Warcry","Reckless Charge+1","Cleave+1"],"picked":"SKIP","floor":31},{"not_picked":["Warcry","Cleave+1"],"picked":"Reckless Charge+1","floor":31},{"not_picked":["Juggernaut","Brutality"],"picked":"Limit Break","floor":33},{"not_picked":["Sever Soul+1","Heavy Blade+1"],"picked":"Havoc","floor":35},{"not_picked":["Heavy Blade+1","Cleave+1","Rupture"],"picked":"SKIP","floor":36},{"not_picked":["Cleave+1","Body Slam+1"],"picked":"Demon Form","floor":40},{"not_picked":["Combust","Rupture"],"picked":"Havoc","floor":41},{"not_picked":["Iron Wave+1","Body Slam+1","Brutality"],"picked":"SKIP","floor":42},{"not_picked":["Wild Strike+1","Combust+1","Armaments"],"picked":"SKIP","floor":45}],"player_experience":1129747,"relics_obtained":[{"floor":6.0,"key":"Smiling Mask"},{"floor":9.0,"key":"Potion Belt"},{"floor":12.0,"key":"Anchor"},{"floor":14.0,"key":"Omamori"},{"floor":24.0,"key":"Bag of Preparation"},{"floor":24.0,"key":"Pantograph"},{"floor":26.0,"key":"PreservedInsect"},{"floor":27.0,"key":"Lantern"},{"floor":27.0,"key":"Juzu Bracelet"},{"floor":29,"key":"Molten Egg 2"},{"floor":29,"key":"Dead Branch"},{"floor":39,"key":"Blood Vial"},{"floor":40,"key":"StoneCalendar"},{"floor":40,"key":"Boot"},{"floor":42,"key":"White Beast Statue"},{"floor":42,"key":"Centennial Puzzle"},{"floor":45,"key":"War Paint"},{"floor":45,"key":"InkBottle"}],"event_choices":[{"damage_healed":0.0,"max_hp_gain":0.0,"max_hp_loss":0.0,"gold_gain":0.0,"event_name":"Shining Light","player_choice":"Entered Light","floor":2.0,"gold_loss":0.0,"damage_taken":15.0,"cards_upgraded":["Strike_R","Fiend Fire"]},{"damage_healed":0.0,"max_hp_gain":0.0,"max_hp_loss":0.0,"gold_gain":0.0,"event_name":"Match and Keep!","player_choice":"0 cards matched","floor":5.0,"gold_loss":0.0,"damage_taken":0.0,"cards_obtained":[]},{"damage_healed":25.0,"max_hp_gain":0.0,"max_hp_loss":0.0,"gold_gain":0.0,"event_name":"Big Fish","player_choice":"Banana","floor":13.0,"gold_loss":0.0,"damage_taken":0.0},{"damage_healed":0.0,"max_hp_gain":0.0,"max_hp_loss":0.0,"gold_gain":0.0,"event_name":"The Mausoleum","player_choice":"Opened","floor":19.0,"gold_loss":0.0,"damage_taken":0.0,"relics_obtained":["Strawberry"]},{"damage_healed":0.0,"max_hp_gain":0.0,"max_hp_loss":25.0,"gold_gain":0.0,"event_name":"Vampires","player_choice":"Became a vampire","floor":28.0,"gold_loss":0.0,"damage_taken":0.0,"cards_obtained":["Bite","Bite","Bite","Bite","Bite"]},{"damage_healed":0,"gold_gain":0,"player_choice":"Fight","damage_taken":0,"max_hp_gain":0,"max_hp_loss":0,"event_name":"Colosseum","floor":29,"gold_loss":0},{"damage_healed":0,"gold_gain":0,"player_choice":"Fought Nobs","damage_taken":0,"max_hp_gain":0,"max_hp_loss":0,"event_name":"Colosseum","floor":29,"gold_loss":0},{"damage_healed":0,"gold_gain":0,"player_choice":"Bought 0 Potions","damage_taken":0,"max_hp_gain":0,"max_hp_loss":0,"event_name":"The Woman in Blue","floor":37,"gold_loss":0},{"damage_healed":0,"gold_gain":0,"player_choice":"Ignored","damage_taken":0,"max_hp_gain":0,"max_hp_loss":0,"event_name":"SecretPortal","floor":38,"gold_loss":0}],"is_beta":false,"boss_relics":[{"not_picked":["SlaversCollar","Fusion Hammer"],"picked":"Black Star"},{"not_picked":["Empty Cage","Sozu"],"picked":"Mark of Pain"}],"items_purged_floors":[8,44],"is_endless":false,"potions_floor_spawned":[1,4,6,11,20,22,24,27,33,36,41,42,45],"killed_by":"Maw","ascension_level":14}}