{"host":"ci7ivtocgfxh0ueo","time":1608694991,"event":{"mods":["BaseMod","GifTheSpireLib","Minty Spire (QoL Compilation)","StSLib"],"gold_per_floor":[112,112,125,125,142,177,177,13,13,13,25,25,44,77,77,150,150,166,166,166],"floor_reached":19,"playtime":594,"items_purged":[],"score":466,"play_id":"f3e9a3a1-15e5-40d3-9184-69de51e2abfe","local_time":"20201223114311","is_ascension_mode":true,"campfire_choices":[{"data":"Footwork","floor":7,"key":"SMITH"},{"data":"Noxious Fumes","floor":10,"key":"SMITH"},{"floor":12,"key":"REST"},{"data":"Venomology","floor":15,"key":"SMITH"}],"circlet_count":0,"master_deck":["AscendersBane","Strike_G","Strike_G","Strike_G","Strike_G","Strike_G","Defend_G","Defend_G","Defend_G","Defend_G","Defend_G","Survivor","Neutralize","Dagger Throw","Eviscerate","Neutralize","Noxious Fumes+1","Bouncing Flask","Footwork+1","Venomology+1","Venomology","All Out Attack"],"relics":["Ring of the Snake","NeowsBlessing","Singing Bowl","PreservedInsect","Question Card","Bottled Flame","SacredBark"],"acts_visited":["Exordium","TheCity"],"potions_floor_usage":[11,13,16,18,18,19,19,19],"damage_taken":[{"damage":0,"enemies":"Jaw Worm","floor":1,"turns":1},{"damage":0,"enemies":"Cultist","floor":3,"turns":1},{"damage":0,"enemies":"2 Louse","floor":5,"turns":1},{"damage":36,"enemies":"3 Sentries","floor":6,"turns":8},{"damage":11,"enemies":"Looter","floor":11,"turns":3},{"damage":5,"enemies":"Exordium Wildlife","floor":13,"turns":6},{"damage":0,"enemies":"Lagavulin","floor":14,"turns":7},{"damage":0,"enemies":"Hexaghost","floor":16,"turns":8},{"damage":26,"enemies":"Shell Parasite","floor":18,"turns":6},{"damage":40,"enemies":"Masked Bandits","floor":19,"turns":4}],"seed_played":"6889895053448868710","potions_obtained":[{"floor":6,"key":"DuplicationPotion"},{"floor":11,"key":"BlessingOfTheForge"},{"floor":14,"key":"SneckoOil"}],"is_trial":false,"path_per_floor":["M","?","M","?","M","E","R","$","T","R","M","R","M","E","R","B",null,"M","?"],"character_chosen":"THE_SILENT","items_purchased":["PreservedInsect"],"campfire_rested":1,"item_purchase_floors":[8],"current_hp_per_floor":[59,59,59,64,64,28,28,28,28,28,19,40,37,37,37,37,66,40,0,0],"gold":166,"neow_bonus":"THREE_ENEMY_KILL","is_daily":false,"chose_seed":false,"campfire_upgraded":3,"win_rate":0.0,"timestamp":1608694991,"path_taken":["M","?","?","?","M","E","R","$","T","R","M","R","M","E","R","BOSS","M","?"],"items_purchased_type":["Relic"],"build_version":"2020-12-13","purchased_purges":0,"victory":false,"max_hp_per_floor":[66,66,66,71,71,71,71,71,71,71,73,73,75,75,75,75,75,75,75,75],"card_choices":[{"not_picked":["Dagger Spray","Deflect"],"picked":"Dagger Throw","floor":1},{"not_picked":["Slice","Dagger Spray"],"picked":"Noxious Fumes","floor":3},{"not_picked":["Noxious Fumes","Poisoned Stab"],"picked":"Bouncing Flask","floor":5},{"not_picked":["Poisoned Stab","Prepared"],"picked":"Footwork","floor":6},{"not_picked":["Flying Knee","Eviscerate","Blade Dance","Setup"],"picked":"Singing Bowl","floor":11},{"not_picked":["Flying Knee","Blade Dance","Backflip","Endless Agony"],"picked":"Singing Bowl","floor":13},{"not_picked":["Flying Knee","Eviscerate","Envenom"],"picked":"Venomology","floor":14},{"not_picked":["Burst","Die Die Die","Envenom"],"picked":"Venomology","floor":16},{"not_picked":["Deadly Poison","Prepared","Outmaneuver"],"picked":"All Out Attack","floor":18}],"player_experience":1279157,"relics_obtained":[{"floor":6,"key":"Singing Bowl"},{"floor":9,"key":"Question Card"},{"floor":14,"key":"Bottled Flame"}],"event_choices":[{"damage_healed":0,"gold_gain":0,"player_choice":"2 cards matched","damage_taken":0,"max_hp_gain":0,"max_hp_loss":0,"event_name":"Match and Keep!","floor":2,"gold_loss":0,"cards_obtained":["Eviscerate","Neutralize"]},{"damage_healed":0,"gold_gain":0,"player_choice":"Donut","damage_taken":0,"max_hp_gain":5,"max_hp_loss":0,"event_name":"Big Fish","floor":4,"gold_loss":0},{"damage_healed":0,"gold_gain":0,"player_choice":"Fought Bandits","damage_taken":0,"max_hp_gain":0,"max_hp_loss":0,"event_name":"Masked Bandits","floor":19,"gold_loss":0}],"is_beta":false,"boss_relics":[{"not_picked":["Runic Pyramid","Black Star"],"picked":"SacredBark"}],"items_purged_floors":[],"is_endless":false,"potions_floor_spawned":[6,11,14],"killed_by":"Masked Bandits","ascension_level":17}}