{"host":"gop1q6bv59twswbp","time":1608693873,"event":{"mods":["AlwaysNeverKeys","BaseMod","Downfall","Hermit","Key Reminder","Minty Spire (QoL Compilation)","Permanent Neow","StSLib"],"gold_per_floor":[99,58,71,89,189,206,206,217,244,169,181,196,121,147,174,287,299,236,261,373,37,237,237,237,563,563,578,603,603,617,617,634,730,730,730,743,757,757,774,808,808,808,841,858,890,890,626,21,34,34,34,60,60,60,60],"floor_reached":56,"playtime":10323,"items_purged":["champ:Strike","champ:Defend","champ:Strike"],"score":1362,"play_id":"486b673d-47bb-413a-8a0d-fbf75465d742","local_time":"20201222222433","is_ascension_mode":false,"campfire_choices":[{"data":"champ:Taunt","floor":1.0,"key":"SMITH"},{"data":"champ:StanceDance","floor":10.0,"key":"SMITH"},{"data":"champ:CrookedStrike","floor":13,"key":"SMITH"},{"data":"champ:Encircle","floor":18,"key":"SMITH"},{"data":"champ:ArenaPreparation","floor":23,"key":"SMITH"},{"data":"champ:GutPunch","floor":26,"key":"SMITH"},{"data":"champ:PerfectForm","floor":29,"key":"SMITH"},{"data":"champ:VampiricStrike","floor":35,"key":"SMITH"},{"data":"champ:GutPunch","floor":46,"key":"SMITH"},{"data":"Apotheosis","floor":54,"key":"SMITH"}],"circlet_count":0,"master_deck":["champ:Strike","champ:Strike+1","champ:Defend","champ:Defend","champ:Defend","champ:Execute","champ:Taunt+1","champ:Backstep","champ:CrookedStrike+1","champ:GutPunch+1","champ:Encircle+1","champ:StanceDance+1","champ:GutPunch+1","champ:RecklessLeap","champ:BringItOn","champ:DeathBlow","champ:PerfectForm+1","champ:CrookedStrike+1","champ:BerserkersShout","champ:Duel+1","champ:ArenaPreparation+1","champ:SkillfulDodge","champ:ViciousMockery","champ:FaceSlap","champ:FocusedDefense+1","champ:VampiricStrike+1","champ:Circumvent","Apotheosis+1"],"relics":["Velvet Choker","Dream Catcher","Gambling Chip","downfall:HeartBlessingGreen","downfall:HeartBlessingBlue","MawBank","champ:ChampionCrownUpgraded","downfall:HeartBlessingRed","Whetstone","Matryoshka","Old Coin","Bottled Tornado","Busted Crown","Orichalcum","champ:DefensiveTrainingManual","Frozen Egg 2","Bottled Lightning","Juzu Bracelet","Bottled Flame","StrikeDummy","Calipers","MealTicket","Lantern","Frozen Eye","hexamod:BolsterEngine"],"acts_visited":["Exordium","TheCity","TheBeyond","TheEnding"],"potions_floor_usage":[33,55,55],"damage_taken":[{"damage":15.0,"enemies":"downfall:FleeingMerchant","floor":2.0,"turns":4.0},{"damage":5.0,"enemies":"Cultist","floor":3.0,"turns":4.0},{"damage":5.0,"enemies":"Jaw Worm","floor":4.0,"turns":3.0},{"damage":2.0,"enemies":"Small Slimes","floor":6.0,"turns":2.0},{"damage":16.0,"enemies":"3 Louse","floor":8.0,"turns":3.0},{"damage":33.0,"enemies":"Lagavulin","floor":9.0,"turns":7.0},{"damage":17.0,"enemies":"Exordium Wildlife","floor":11.0,"turns":3.0},{"damage":28,"enemies":"Large Slime","floor":12,"turns":3},{"damage":36,"enemies":"Gremlin Nob","floor":14,"turns":3},{"damage":7,"enemies":"3 Louse","floor":15,"turns":3},{"damage":88,"enemies":"downfall:Defect","floor":16,"turns":7},{"damage":37,"enemies":"3 Byrds","floor":19,"turns":3},{"damage":55,"enemies":"downfall:FleeingMerchant","floor":21,"turns":4},{"damage":35,"enemies":"Slavers","floor":25,"turns":2},{"damage":36,"enemies":"Shell Parasite","floor":27,"turns":2},{"damage":92,"enemies":"Gremlin Leader","floor":28,"turns":5},{"damage":35,"enemies":"Snecko","floor":30,"turns":3},{"damage":20,"enemies":"Snake Plant","floor":32,"turns":3},{"damage":100,"enemies":"downfall:Watcher","floor":33,"turns":6},{"damage":76,"enemies":"3 Darklings","floor":36,"turns":5},{"damage":29,"enemies":"Orb Walker","floor":37,"turns":3},{"damage":101,"enemies":"4 Shapes","floor":39,"turns":5},{"damage":80,"enemies":"Reptomancer","floor":40,"turns":5},{"damage":104,"enemies":"Nemesis","floor":43,"turns":5},{"damage":57,"enemies":"Jaw Worm Horde","floor":44,"turns":4},{"damage":79,"enemies":"Giant Head","floor":45,"turns":6},{"damage":63,"enemies":"downfall:FleeingMerchant","floor":47,"turns":2},{"damage":117,"enemies":"Transient","floor":49,"turns":5},{"damage":112,"enemies":"downfall:Ironclad","floor":50,"turns":6},{"damage":107,"enemies":"downfall:CharBossMerchant","floor":52,"turns":7},{"damage":287,"enemies":"downfall:NeowBoss","floor":55,"turns":24}],"seed_played":"-2898540745606248370","potions_obtained":[{"floor":3.0,"key":"ColorlessPotion"},{"floor":4.0,"key":"Energy Potion"},{"floor":8.0,"key":"ColorlessPotion"},{"floor":11.0,"key":"PowerPotion"},{"floor":15,"key":"sneckomod:MuddlingPotion"},{"floor":28,"key":"Fire Potion"},{"floor":37,"key":"FearPotion"}],"is_trial":false,"path_per_floor":["R","$","M","M","?","M","T","M","E","R","M","M","R","E","M","B",null,"R","M","?","$","?","R","T","E","R","M","E","R","M","?","M","B",null,"R","M","M","?","M","E","T","T","E","M","E","R","$","?","M","B",null,"E","$","R","B",null],"character_chosen":"THE_CHAMP","items_purchased":["champ:CrookedStrike","champ:Duel","champ:ArenaPreparation","Whetstone","Calipers","champ:Circumvent","MealTicket","Lantern","Frozen Eye","Apotheosis"],"campfire_rested":0,"item_purchase_floors":[2,21,21,21,47,47,47,48,48,48],"current_hp_per_floor":[90,85,85,85,85,85,85,83,67,67,62,61,71,58,58,10,100,100,100,100,100,100,100,100,100,100,94,76,76,76,76,75,47,100,100,90,90,90,100,84,84,84,74,84,100,100,100,100,100,100,100,100,100,100,85],"gold":60,"neow_bonus":"BOSS_RELIC","is_daily":false,"chose_seed":false,"campfire_upgraded":10,"win_rate":0.0,"timestamp":1608693873,"path_taken":["R","$","M","?","?","M","T","M","E","R","M","M","R","E","M","BOSS","R","M","?","$","?","R","T","E","R","?","E","R","M","?","M","BOSS","R","M","M","?","M","E","T","?","E","M","E","R","$","?","M","BOSS","E","$","R","BOSS"],"items_purchased_type":["Card","Card","Card","Relic","Relic","Card","Relic","Relic","Relic","Card"],"build_version":"2020-12-13","purchased_purges":3,"victory":true,"max_hp_per_floor":[90,90,90,90,90,90,90,90,90,90,90,90,100,100,100,100,100,100,100,100,100,100,100,100,100,100,100,100,100,100,100,100,100,100,100,100,100,100,100,100,100,100,100,100,100,100,100,100,100,100,100,100,100,100,100],"card_choices":[{"not_picked":["champ:DeathBlow","champ:EnGarde"],"picked":"champ:Backstep","floor":2.0},{"not_picked":["champ:FanOfKnives","champ:Circumvent"],"picked":"champ:GutPunch","floor":3.0},{"not_picked":["champ:BladeFlurry","champ:EndlessRage"],"picked":"champ:Encircle","floor":4.0},{"not_picked":["champ:PreciseThrust","champ:HeartStrike","champ:DefensiveShout"],"picked":"SKIP","floor":6.0},{"not_picked":["champ:Circumvent","champ:CrookedStrike"],"picked":"champ:StanceDance","floor":8.0},{"not_picked":["champ:DancingMaster","champ:CalledShot"],"picked":"champ:GutPunch","floor":9.0},{"not_picked":["champ:FanOfKnives","champ:StanceDance"],"picked":"champ:RecklessLeap","floor":11.0},{"not_picked":["champ:RapidStrikes","champ:FlashCut"],"picked":"champ:BerserkerStyle","floor":12},{"not_picked":["champ:FalseCounter","champ:FanOfKnives"],"picked":"champ:BringItOn","floor":14},{"not_picked":["champ:GladiatorStyle","champ:Shatter"],"picked":"champ:DeathBlow","floor":15},{"not_picked":["champ:ShieldSlam","champ:LastStand"],"picked":"champ:PerfectForm","floor":16},{"not_picked":["champ:TornadoPunch+1","champ:Encircle"],"picked":"champ:CrookedStrike+1","floor":19},{"not_picked":["champ:PreciseThrust","champ:DefensiveShout"],"picked":"champ:BerserkersShout","floor":21},{"not_picked":["champ:GladiatorStyle","champ:Encircle+1"],"picked":"champ:SkillfulDodge","floor":25},{"not_picked":["champ:HeartStrike","champ:FalseCounter","champ:FocusedGladiator+1"],"picked":"SKIP","floor":27},{"not_picked":["champ:Duel","champ:EndlessRage+1"],"picked":"champ:ViciousMockery","floor":28},{"not_picked":["champ:Encircle","champ:StanceDance"],"picked":"champ:FaceSlap","floor":30},{"not_picked":["champ:Haymaker","champ:GladiatorsShout"],"picked":"champ:FocusedDefense+1","floor":32},{"not_picked":["champ:HeavySlash","champ:SteelEdge"],"picked":"champ:VampiricStrike","floor":33},{"not_picked":["champ:FanOfKnives"],"picked":"SKIP","floor":36},{"not_picked":["champ:BringItOn"],"picked":"SKIP","floor":37},{"not_picked":["champ:GladiatorStyle+1"],"picked":"SKIP","floor":39},{"not_picked":["champ:CrookedStrike+1"],"picked":"SKIP","floor":40},{"not_picked":["champ:SteelEdge"],"picked":"SKIP","floor":43},{"not_picked":["champ:ShieldWall+1"],"picked":"SKIP","floor":44},{"not_picked":["champ:IronFortress+1"],"picked":"SKIP","floor":45},{"not_picked":["champ:FocusedGladiator+1"],"picked":"SKIP","floor":47},{"not_picked":["champ:RecklessLeap+1"],"picked":"SKIP","floor":49},{"not_picked":["champ:Encircle"],"picked":"SKIP","floor":52}],"player_experience":746851,"relics_obtained":[{"floor":7.0,"key":"Dream Catcher"},{"floor":9.0,"key":"Gambling Chip"},{"floor":14,"key":"MawBank"},{"floor":24,"key":"Matryoshka"},{"floor":25,"key":"Old Coin"},{"floor":28,"key":"Bottled Tornado"},{"floor":40,"key":"Orichalcum"},{"floor":41,"key":"champ:DefensiveTrainingManual"},{"floor":41,"key":"Frozen Egg 2"},{"floor":42,"key":"Bottled Lightning"},{"floor":42,"key":"Juzu Bracelet"},{"floor":43,"key":"Bottled Flame"},{"floor":45,"key":"StrikeDummy"},{"floor":52,"key":"hexamod:BolsterEngine"}],"event_choices":[{"cards_removed":["champ:BerserkerStyle"],"damage_healed":0,"gold_gain":0,"player_choice":"Removed Power","damage_taken":0,"max_hp_gain":0,"max_hp_loss":0,"event_name":"Falling","floor":38,"gold_loss":0}],"is_beta":false,"boss_relics":[{"not_picked":["Snecko Eye","Calling Bell"],"picked":"champ:ChampionCrownUpgraded"},{"not_picked":["Sozu","Philosopher\u0027s Stone"],"picked":"Busted Crown"}],"items_purged_floors":[21,47,48],"is_endless":false,"potions_floor_spawned":[3,4,8,11,15,19,25,28,37,40,49],"ascension_level":0}}