{"host":"djm8p3ivrj05jd45","time":1608699698,"event":{"mods":["AchievementEnabler","BaseMod","Downfall","Minty Spire (QoL Compilation)","StSLib","slay the spire mod where everything is the same but ironclad has a cowboy hat"],"gold_per_floor":[110,110,129,129,146,176,176,201,269,289,301,333,333,352,352,448,448,458,87,106,106,116,116,116,128,152,195,207,207],"floor_reached":28,"playtime":1904,"items_purged":[],"score":273,"play_id":"24d73360-3e81-4557-bee0-fd6a46e1c0c6","local_time":"20201223000138","is_ascension_mode":true,"campfire_choices":[{"floor":7,"key":"REST"},{"floor":13,"key":"REST"},{"floor":15,"key":"REST"},{"floor":23,"key":"REST"}],"circlet_count":0,"master_deck":["Strike_B","Strike_B","Strike_B+1","Strike_B","Defend_B","Defend_B","Defend_B","Defend_B","Cold Snap","Defragment","Loop","Sweeping Beam+1","Conserve Battery","Gash","FTL","All For One","Leap+1","Core Surge+1","Rip and Tear+1","Coolheaded+1","Chill","Capacitor","Beam Cell","Go for the Eyes","RitualDagger","Go for the Eyes","Beam Cell+1","Aggregate"],"relics":["Cracked Core","NeowsBlessing","Thread and Needle","Pen Nib","White Beast Statue","Whetstone","Astrolabe","Toolbox","MawBank","Juzu Bracelet"],"acts_visited":["Exordium","TheCity"],"potions_floor_usage":[6,11,12,16,16,16,22,22,25,27],"damage_taken":[{"damage":0,"enemies":"Jaw Worm","floor":1,"turns":1},{"damage":0,"enemies":"Small Slimes","floor":3,"turns":1},{"damage":0,"enemies":"Cultist","floor":5,"turns":1},{"damage":40,"enemies":"Gremlin Nob","floor":6,"turns":6},{"damage":9,"enemies":"Lagavulin","floor":8,"turns":7},{"damage":2,"enemies":"Exordium Thugs","floor":10,"turns":5},{"damage":0,"enemies":"Large Slime","floor":11,"turns":5},{"damage":7,"enemies":"3 Sentries","floor":12,"turns":5},{"damage":2,"enemies":"3 Louse","floor":14,"turns":2},{"damage":2,"enemies":"Slime Boss","floor":16,"turns":7},{"damage":14,"enemies":"Spheric Guardian","floor":18,"turns":4},{"damage":23,"enemies":"3 Byrds","floor":20,"turns":5},{"damage":27,"enemies":"Snake Plant","floor":22,"turns":4},{"damage":8,"enemies":"Centurion and Healer","floor":25,"turns":5},{"damage":14,"enemies":"Gremlin Leader","floor":27,"turns":8},{"damage":5,"enemies":"Colosseum Slavers","floor":28,"turns":2}],"seed_played":"-3444330110349358782","potions_obtained":[{"floor":5,"key":"LiquidMemories"},{"floor":6,"key":"Strength Potion"},{"floor":8,"key":"SkillPotion"},{"floor":10,"key":"SkillPotion"},{"floor":11,"key":"Ancient Potion"},{"floor":12,"key":"Fire Potion"},{"floor":14,"key":"Energy Potion"},{"floor":16,"key":"BlessingOfTheForge"},{"floor":18,"key":"hexamod:EctoCoolerPotion"},{"floor":22,"key":"CultistPotion"},{"floor":25,"key":"Weak Potion"},{"floor":27,"key":"SpeedPotion"}],"is_trial":false,"path_per_floor":["M","?","M","?","M","E","R","E","T","M","M","E","R","M","R","B",null,"M","$","M","?","M","R","?","M","T","E","?"],"character_chosen":"DEFECT","items_purchased":["Chill","Capacitor","Beam Cell","Toolbox","Energy Potion"],"campfire_rested":4,"item_purchase_floors":[19,19,19,19,19],"current_hp_per_floor":[75,75,75,75,75,35,57,48,48,46,46,39,61,59,75,73,75,61,61,38,32,5,27,27,19,19,5,0,0],"gold":207,"neow_bonus":"THREE_ENEMY_KILL","is_daily":false,"chose_seed":false,"campfire_upgraded":0,"win_rate":0.0,"timestamp":1608699698,"path_taken":["M","?","M","?","?","E","R","E","T","M","M","E","R","M","R","BOSS","M","$","M","?","M","R","?","M","T","E","?"],"items_purchased_type":["Card","Card","Card","Relic","Potion"],"build_version":"2020-12-22","purchased_purges":0,"victory":false,"max_hp_per_floor":[75,75,75,75,75,75,75,75,75,75,75,75,75,75,75,75,75,75,75,75,75,75,75,75,75,75,75,75,75],"card_choices":[{"not_picked":["Barrage","Consume"],"picked":"Cold Snap","floor":1},{"not_picked":["Streamline","Chill"],"picked":"Defragment","floor":3},{"not_picked":["Steam","Conserve Battery"],"picked":"Loop","floor":5},{"not_picked":["Ball Lightning","Rainbow"],"picked":"Sweeping Beam","floor":6},{"not_picked":["Ball Lightning","Creative AI"],"picked":"Conserve Battery","floor":8},{"not_picked":["Reprogram","Skim"],"picked":"Gash","floor":10},{"not_picked":["Coolheaded","Ball Lightning"],"picked":"FTL","floor":11},{"not_picked":["Steam Power","Skim"],"picked":"All For One","floor":12},{"not_picked":["Recycle","Redo"],"picked":"Stack","floor":14},{"not_picked":["Machine Learning","Hyperbeam"],"picked":"Echo Form","floor":16},{"not_picked":["Lockon","Stack"],"picked":"Coolheaded+1","floor":18},{"not_picked":["Conserve Battery","Lockon"],"picked":"Go for the Eyes","floor":20},{"not_picked":["Self Repair","Ball Lightning+1"],"picked":"Go for the Eyes","floor":22},{"not_picked":["Rainbow","Conserve Battery"],"picked":"Beam Cell+1","floor":25},{"not_picked":["Loop","Rip and Tear"],"picked":"Aggregate","floor":27}],"player_experience":89164,"relics_obtained":[{"floor":6,"key":"Thread and Needle"},{"floor":8,"key":"Pen Nib"},{"floor":9,"key":"White Beast Statue"},{"floor":12,"key":"Whetstone"},{"floor":26,"key":"MawBank"},{"floor":27,"key":"Juzu Bracelet"}],"event_choices":[{"damage_healed":0,"gold_gain":0,"player_choice":"Leave","damage_taken":0,"max_hp_gain":0,"max_hp_loss":0,"event_name":"The Cleric","floor":2,"gold_loss":0},{"cards_removed":["Dualcast"],"damage_healed":0,"gold_gain":0,"player_choice":"Offered Basic","damage_taken":0,"max_hp_gain":0,"max_hp_loss":0,"event_name":"Bonfire Elementals","floor":4,"gold_loss":0},{"damage_healed":0,"gold_gain":0,"player_choice":"Joined the Cult","damage_taken":6,"max_hp_gain":0,"max_hp_loss":0,"event_name":"Nest","floor":21,"gold_loss":0,"cards_obtained":["RitualDagger"]},{"damage_healed":0,"gold_gain":0,"player_choice":"Fight","damage_taken":0,"max_hp_gain":0,"max_hp_loss":0,"event_name":"Colosseum","floor":28,"gold_loss":0}],"is_beta":false,"boss_relics":[{"not_picked":["Busted Crown","Tiny House"],"picked":"Astrolabe"}],"items_purged_floors":[],"is_endless":false,"potions_floor_spawned":[5,6,8,10,11,12,14,16,18,20,22,25,27],"killed_by":"Colosseum Slavers","ascension_level":1}}