{"host":"f5n4tidiz2n5sooh","time":1608707124,"event":{"mods":["BaseMod","Bestiary","Colored Map","Minty Spire (QoL Compilation)","Relic Stats","StSLib"],"gold_per_floor":[111,111,127,52,79,112,112,187,187,187,206,225,235,260,260,331,331,331,331,331,2,2,2,2,2,2,2,2,2,2,2,2,2,2,2,2,2,2,2,2,2,2,2,2,2,2,2,2,2,2,2],"floor_reached":50,"playtime":2349,"items_purged":["Pain","Strike_B"],"score":1327,"play_id":"cfaa7a58-fa79-4d6c-958e-53028df742b7","local_time":"20201223010524","is_ascension_mode":true,"campfire_choices":[{"data":"Zap","floor":7.0,"key":"SMITH"},{"data":"Dualcast","floor":10.0,"key":"SMITH"},{"data":"Cold Snap","floor":15.0,"key":"SMITH"},{"data":"Turbo","floor":23.0,"key":"SMITH"},{"data":"Glacier","floor":28.0,"key":"SMITH"},{"floor":32.0,"key":"REST"},{"data":"Buffer","floor":40,"key":"SMITH"},{"data":"Biased Cognition","floor":45,"key":"SMITH"},{"data":"Steam Power","floor":47,"key":"SMITH"},{"floor":49,"key":"RECALL"}],"circlet_count":0,"master_deck":["AscendersBane","Strike_B","Strike_B","Strike_B","Defend_B","Defend_B","Defend_B","Defend_B","Zap+1","Dualcast+1","Cold Snap+1","All For One","Steam Power+1","Doom and Gloom+1","Ball Lightning+1","Go for the Eyes+1","Beam Cell+1","Turbo+1","RitualDagger+1","Compile Driver+1","Glacier+1","Buffer+1","Stack+1","Biased Cognition+1","Defragment+1","Stack","Glacier","Parasite","Compile Driver+1","Buffer+1","BootSequence+1"],"relics":["Cracked Core","NeowsBlessing","Boot","Molten Egg 2","Ornamental Fan","Strawberry","Ectoplasm","Art of War","Ginger","Red Mask","Akabeko","SlaversCollar","CaptainsWheel","Pen Nib","Orichalcum","Bag of Preparation"],"acts_visited":["Exordium","TheCity","TheBeyond"],"potions_floor_usage":[33,37,44,50],"damage_taken":[{"damage":0.0,"enemies":"2 Louse","floor":1.0,"turns":1.0},{"damage":0.0,"enemies":"Cultist","floor":3.0,"turns":1.0},{"damage":0.0,"enemies":"3 Sentries","floor":6.0,"turns":1.0},{"damage":0.0,"enemies":"Small Slimes","floor":11.0,"turns":2.0},{"damage":12.0,"enemies":"Exordium Wildlife","floor":12.0,"turns":2.0},{"damage":12.0,"enemies":"2 Fungi Beasts","floor":13.0,"turns":2.0},{"damage":0.0,"enemies":"Gremlin Nob","floor":14.0,"turns":2.0},{"damage":0.0,"enemies":"Slime Boss","floor":16.0,"turns":3.0},{"damage":0.0,"enemies":"Chosen","floor":18.0,"turns":2.0},{"damage":0.0,"enemies":"Spheric Guardian","floor":22.0,"turns":2.0},{"damage":8.0,"enemies":"Centurion and Healer","floor":25.0,"turns":3.0},{"damage":0.0,"enemies":"3 Cultists","floor":27.0,"turns":3.0},{"damage":18.0,"enemies":"Gremlin Leader","floor":29.0,"turns":4.0},{"damage":4.0,"enemies":"Masked Bandits","floor":30.0,"turns":4.0},{"damage":27,"enemies":"Champ","floor":33,"turns":9},{"damage":0,"enemies":"3 Darklings","floor":35,"turns":3},{"damage":0,"enemies":"Orb Walker","floor":36,"turns":3},{"damage":0,"enemies":"Mind Bloom Boss Battle","floor":37,"turns":6},{"damage":23,"enemies":"Giant Head","floor":41,"turns":8},{"damage":0,"enemies":"Writhing Mass","floor":42,"turns":7},{"damage":6,"enemies":"Nemesis","floor":44,"turns":3},{"damage":0,"enemies":"Transient","floor":48,"turns":6},{"damage":61,"enemies":"Awakened One","floor":50,"turns":9}],"seed_played":"6833941861935242338","potions_obtained":[{"floor":3.0,"key":"Energy Potion"},{"floor":12.0,"key":"Regen Potion"},{"floor":16.0,"key":"SteroidPotion"},{"floor":25.0,"key":"FearPotion"},{"floor":30.0,"key":"Explosive Potion"},{"floor":33,"key":"Regen Potion"},{"floor":42,"key":"GamblersBrew"},{"floor":44,"key":"EssenceOfSteel"}],"is_trial":false,"path_per_floor":["M","?","M","$","T","E","R","?","T","R","M","M","M","E","R","B",null,"M","?","?","$","M","R","?","M","T","M","R","E","?","T","R","B",null,"M","M","?","?","?","R","E","M","T","E","R","?","R","M","R","B"],"character_chosen":"DEFECT","items_purchased":["Art of War","AttackPotion"],"campfire_rested":1,"item_purchase_floors":[21,21],"current_hp_per_floor":[64,64,64,64,64,64,64,53,53,53,53,41,29,36,36,45,70,70,64,42,42,42,42,42,34,34,34,34,16,12,12,36,9,65,65,65,80,80,80,80,57,57,57,51,51,51,51,51,51,0,0],"gold":2,"neow_bonus":"THREE_ENEMY_KILL","is_daily":false,"chose_seed":false,"campfire_upgraded":8,"win_rate":0.0,"timestamp":1608707124,"path_taken":["M","?","M","$","?","E","R","?","T","R","?","M","M","E","R","BOSS","M","?","?","?","M","R","?","?","T","M","R","E","?","?","R","BOSS","M","M","?","?","?","R","E","M","T","E","R","?","R","?","R","BOSS"],"items_purchased_type":["Relic","Potion"],"build_version":"2020-12-22","purchased_purges":2,"victory":false,"max_hp_per_floor":[71,71,71,71,71,71,71,71,71,71,71,71,71,78,78,78,78,78,78,83,83,83,83,83,83,83,83,83,83,83,83,83,83,83,83,83,83,83,83,83,83,83,83,83,83,83,83,83,83,83,83],"relic_stats":{"counters":[23,86],"Ornamental Fan":[196],"Ectoplasm":416,"Pen Nib":[5],"Art of War":[7],"Bag of Preparation":[4],"Ginger":[10],"Orichalcum":[18],"Boot":[48],"obtain_stats":[{"NeowsBlessing":0,"Pen Nib":41,"Bag of Preparation":44,"Ginger":29,"Orichalcum":43,"Boot":5,"Akabeko":31,"SlaversCollar":34,"CaptainsWheel":37,"Ornamental Fan":9,"Strawberry":14,"Molten Egg 2":6,"Ectoplasm":17,"Art of War":21,"Red Mask":30,"Cracked Core":0},{"NeowsBlessing":0,"Pen Nib":19,"Bag of Preparation":21,"Ginger":13,"Orichalcum":20,"Boot":2,"Akabeko":14,"SlaversCollar":15,"CaptainsWheel":18,"Ornamental Fan":3,"Strawberry":7,"Molten Egg 2":3,"Ectoplasm":8,"Art of War":9,"Red Mask":14,"Cracked Core":0},{"NeowsBlessing":0,"Pen Nib":61,"Bag of Preparation":71,"Ginger":28,"Orichalcum":68,"Boot":2,"Akabeko":32,"SlaversCollar":41,"CaptainsWheel":53,"Ornamental Fan":3,"Strawberry":11,"Molten Egg 2":3,"Ectoplasm":14,"Art of War":16,"Red Mask":32,"Cracked Core":0}]},"card_choices":[{"not_picked":["Melter","Force Field"],"picked":"Cold Snap","floor":1.0},{"not_picked":["Coolheaded","Redo"],"picked":"Steam Power","floor":3.0},{"not_picked":["Consume","Seek"],"picked":"Doom and Gloom+1","floor":6.0},{"not_picked":["Darkness","Loop"],"picked":"Ball Lightning+1","floor":11.0},{"not_picked":["Hologram","Compile Driver+1"],"picked":"Go for the Eyes+1","floor":12.0},{"not_picked":["Compile Driver+1","Gash+1"],"picked":"Beam Cell+1","floor":13.0},{"not_picked":["Gash+1","Barrage+1"],"picked":"Turbo","floor":14.0},{"not_picked":["Meteor Strike+1","Rainbow"],"picked":"Multi-Cast","floor":16.0},{"not_picked":["Force Field+1","Undo","Sweeping Beam+1"],"picked":"SKIP","floor":18.0},{"not_picked":["Doom and Gloom+1","Go for the Eyes+1"],"picked":"Compile Driver+1","floor":22.0},{"not_picked":["Hologram","Coolheaded"],"picked":"Glacier","floor":25.0},{"not_picked":["Ball Lightning+1","Turbo","Conserve Battery"],"picked":"SKIP","floor":27.0},{"not_picked":["Machine Learning","Gash+1"],"picked":"Buffer","floor":29.0},{"not_picked":["Sweeping Beam+1","Go for the Eyes+1"],"picked":"Stack+1","floor":30.0},{"not_picked":["Hyperbeam+1","Thunder Strike+1"],"picked":"Biased Cognition","floor":33},{"not_picked":["Double Energy","Steam"],"picked":"Defragment+1","floor":35},{"not_picked":["Leap","Ball Lightning+1"],"picked":"Stack","floor":36},{"not_picked":["White Noise","Melter+1"],"picked":"Glacier","floor":37},{"not_picked":["Storm+1","Turbo","Leap"],"picked":"SKIP","floor":41},{"not_picked":["Self Repair","Tempest"],"picked":"Compile Driver+1","floor":42},{"not_picked":["Rip and Tear+1","Conserve Battery","Static Discharge"],"picked":"SKIP","floor":44},{"not_picked":["Barrage+1","Reboot"],"picked":"BootSequence+1","floor":48}],"player_experience":1917308,"relics_obtained":[{"floor":5.0,"key":"Boot"},{"floor":6.0,"key":"Molten Egg 2"},{"floor":9.0,"key":"Ornamental Fan"},{"floor":14.0,"key":"Strawberry"},{"floor":29.0,"key":"Ginger"},{"floor":30.0,"key":"Red Mask"},{"floor":31.0,"key":"Akabeko"},{"floor":37,"key":"CaptainsWheel"},{"floor":41,"key":"Pen Nib"},{"floor":43,"key":"Orichalcum"},{"floor":44,"key":"Bag of Preparation"}],"event_choices":[{"damage_healed":0.0,"max_hp_gain":0.0,"max_hp_loss":0.0,"gold_gain":0.0,"event_name":"Match and Keep!","player_choice":"2 cards matched","floor":2.0,"gold_loss":0.0,"damage_taken":0.0,"cards_obtained":["Pain","All For One"]},{"damage_healed":0.0,"max_hp_gain":0.0,"max_hp_loss":0.0,"gold_gain":75.0,"event_name":"World of Goop","player_choice":"Gather Gold","floor":8.0,"gold_loss":0.0,"damage_taken":11.0},{"damage_healed":0.0,"max_hp_gain":0.0,"max_hp_loss":0.0,"gold_gain":0.0,"event_name":"Nest","player_choice":"Joined the Cult","floor":19.0,"gold_loss":0.0,"damage_taken":6.0,"cards_obtained":["RitualDagger"]},{"damage_healed":0.0,"max_hp_gain":5.0,"max_hp_loss":0.0,"gold_gain":0.0,"event_name":"Forgotten Altar","player_choice":"Shed Blood","floor":20.0,"gold_loss":0.0,"damage_taken":27.0},{"damage_healed":0.0,"max_hp_gain":0.0,"max_hp_loss":0.0,"gold_gain":0.0,"event_name":"The Mausoleum","player_choice":"Ignored","floor":24.0,"gold_loss":0.0,"damage_taken":0.0},{"damage_healed":0.0,"max_hp_gain":0.0,"max_hp_loss":0.0,"gold_gain":0.0,"event_name":"Masked Bandits","player_choice":"Fought Bandits","floor":30.0,"gold_loss":0.0,"damage_taken":0.0},{"damage_healed":0,"gold_gain":0,"player_choice":"Fight","damage_taken":0,"max_hp_gain":0,"max_hp_loss":0,"event_name":"MindBloom","floor":37,"gold_loss":0},{"cards_removed":["Multi-Cast"],"damage_healed":0,"gold_gain":0,"player_choice":"Removed Skill","damage_taken":0,"max_hp_gain":0,"max_hp_loss":0,"event_name":"Falling","floor":38,"gold_loss":0},{"damage_healed":0,"gold_gain":0,"player_choice":"Ignored","damage_taken":0,"max_hp_gain":0,"max_hp_loss":0,"event_name":"Mysterious Sphere","floor":39,"gold_loss":0},{"damage_healed":0,"gold_gain":0,"player_choice":"Copied","damage_taken":0,"max_hp_gain":0,"max_hp_loss":0,"event_name":"Duplicator","floor":46,"gold_loss":0,"cards_obtained":["Buffer"]}],"is_beta":false,"boss_relics":[{"not_picked":["Pandora\u0027s Box","Coffee Dripper"],"picked":"Ectoplasm"},{"not_picked":["Busted Crown","FrozenCore"],"picked":"SlaversCollar"}],"items_purged_floors":[4,21],"is_endless":false,"potions_floor_spawned":[3,12,13,14,16,25,30,33,35,42,44],"killed_by":"Awakened One","ascension_level":20}}