{"host":"sxnl403xm2xmiyj1","time":1608708339,"event":{"mods":["AchievementEnabler","BaseMod","Colored Map","Keyboard Shortcuts","Minty Spire (QoL Compilation)","Quick Restart","StSLib","SuperFastMode"],"gold_per_floor":[116,216,232,232,407,407,442,442,442,459,459,17,32,48,48,150,150,167,183,197,216,44,76,76,108,108,138,238,7,33,44,44,144,144,161,174,192,209,223,223,258,258,281,281,261,271,286,304,304,304,304,304,24,53,53],"floor_reached":56,"playtime":1269,"items_purged":["Doubt","Strike_G"],"score":1703,"play_id":"113f0014-203b-48e7-8123-8b7f01bd1ad8","local_time":"20201223162539","is_ascension_mode":true,"campfire_choices":[{"data":"Underhanded Strike","floor":6.0,"key":"SMITH"},{"data":"Sucker Punch","floor":8.0,"key":"SMITH"},{"data":"Prepared","floor":11.0,"key":"SMITH"},{"data":"Blade Dance","floor":15.0,"key":"SMITH"},{"data":"Accuracy","floor":32.0,"key":"SMITH"},{"data":"Blade Dance","floor":40.0,"key":"SMITH"},{"data":"Calculated Gamble","floor":42.0,"key":"SMITH"},{"data":"Acrobatics","floor":44.0,"key":"SMITH"},{"floor":49.0,"key":"RECALL"},{"data":"Prepared","floor":52.0,"key":"SMITH"}],"circlet_count":0,"master_deck":["Strike_G","Strike_G","Strike_G","Strike_G","Defend_G","Defend_G","Defend_G","Defend_G","Defend_G","Survivor","Neutralize","Underhanded Strike+1","Die Die Die","Sucker Punch+1","Prepared+1","Leg Sweep","Deflect","Backstab","Blade Dance+1","Glass Knife","Acrobatics+1","Terror","Blur","Accuracy+1","Footwork","Prepared+1","Blade Dance+1","Blur","Dagger Spray","Footwork","Flash of Steel","Backstab","Concentrate+1","Cloak And Dagger+1","Backflip","Slice+1","Footwork","Leg Sweep+1","Leg Sweep+1","PiercingWail+1","Calculated Gamble+1","Acrobatics+1","Cloak And Dagger+1","Sucker Punch+1","Blur+1","Slice","Accuracy+1","Backstab+1","Slice","Cloak And Dagger","Infinite Blades","Flash of Steel","Slice","Underhanded Strike","Concentrate+1"],"relics":["Ring of the Serpent","NeowsBlessing","Kunai","HornCleat","Ninja Scroll","Sozu","Lantern","Prayer Wheel","Shuriken","MealTicket","FossilizedHelix","Paper Crane","Pen Nib"],"acts_visited":["Exordium","TheCity","TheBeyond","TheEnding"],"potions_floor_usage":[],"damage_taken":[{"damage":0.0,"enemies":"Jaw Worm","floor":1.0,"turns":1.0},{"damage":0.0,"enemies":"Cultist","floor":3.0,"turns":1.0},{"damage":0.0,"enemies":"Lagavulin","floor":7.0,"turns":1.0},{"damage":0.0,"enemies":"Small Slimes","floor":10.0,"turns":3.0},{"damage":0.0,"enemies":"Blue Slaver","floor":13.0,"turns":2.0},{"damage":0.0,"enemies":"Large Slime","floor":14.0,"turns":4.0},{"damage":5.0,"enemies":"Slime Boss","floor":16.0,"turns":12.0},{"damage":1.0,"enemies":"Shell Parasite","floor":18.0,"turns":4.0},{"damage":0.0,"enemies":"Spheric Guardian","floor":19.0,"turns":1.0},{"damage":0.0,"enemies":"Snecko","floor":20.0,"turns":5.0},{"damage":0.0,"enemies":"Centurion and Healer","floor":21.0,"turns":5.0},{"damage":7.0,"enemies":"Gremlin Leader","floor":23.0,"turns":6.0},{"damage":0.0,"enemies":"Slavers","floor":25.0,"turns":5.0},{"damage":0.0,"enemies":"Gremlin Leader","floor":27.0,"turns":7.0},{"damage":3.0,"enemies":"Book of Stabbing","floor":30.0,"turns":5.0},{"damage":0.0,"enemies":"3 Cultists","floor":31.0,"turns":3.0},{"damage":35.0,"enemies":"Champ","floor":33.0,"turns":7.0},{"damage":0.0,"enemies":"3 Darklings","floor":35.0,"turns":5.0},{"damage":0.0,"enemies":"3 Shapes","floor":36.0,"turns":3.0},{"damage":11.0,"enemies":"Sphere and 2 Shapes","floor":37.0,"turns":5.0},{"damage":20.0,"enemies":"Writhing Mass","floor":38.0,"turns":5.0},{"damage":0.0,"enemies":"Jaw Worm Horde","floor":39.0,"turns":3.0},{"damage":0.0,"enemies":"Reptomancer","floor":41.0,"turns":6.0},{"damage":0.0,"enemies":"Transient","floor":46.0,"turns":5.0},{"damage":40.0,"enemies":"Sphere and 2 Shapes","floor":47.0,"turns":5.0},{"damage":0.0,"enemies":"Spire Growth","floor":48.0,"turns":4.0},{"damage":0.0,"enemies":"Awakened One","floor":50.0,"turns":13.0},{"damage":30.0,"enemies":"Shield and Spear","floor":54.0,"turns":6.0},{"damage":18,"enemies":"The Heart","floor":55,"turns":11}],"seed_played":"6134191667451541575","potions_obtained":[{"floor":1.0,"key":"Weak Potion"},{"floor":13.0,"key":"Block Potion"}],"is_trial":false,"path_per_floor":["M","?","M","?","?","R","E","R","T","M","R","$","M","M","R","B",null,"M","M","M","M","$","E","?","E","T","E","?","$","E","M","R","B",null,"M","M","M","M","M","R","E","R","T","R","?","M","M","M","R","B",null,"R","$","E","B",null],"character_chosen":"THE_SILENT","items_purchased":["Ninja Scroll","Leg Sweep","Deflect","Footwork","Footwork","Flash of Steel","Backstab","Infinite Blades","Flash of Steel","Slice","Underhanded Strike"],"campfire_rested":0,"item_purchase_floors":[12,12,12,22,29,29,29,53,53,53,53],"current_hp_per_floor":[70,70,70,75,75,75,75,75,75,75,75,75,75,75,75,70,75,74,74,74,74,74,67,67,67,67,67,67,75,72,72,72,37,75,75,75,64,44,44,44,44,44,44,44,44,44,4,4,4,4,75,75,75,45,27],"gold":53,"neow_bonus":"THREE_ENEMY_KILL","is_daily":false,"chose_seed":false,"campfire_upgraded":9,"win_rate":0.0,"timestamp":1608708339,"path_taken":["M","?","?","?","?","R","E","R","T","M","R","$","M","M","R","BOSS","M","M","M","M","$","E","?","E","T","E","?","$","E","?","R","BOSS","M","M","?","?","M","R","E","R","T","R","?","M","?","?","R","BOSS","R","$","E","BOSS"],"items_purchased_type":["Relic","Card","Card","Card","Card","Card","Card","Card","Card","Card","Card"],"build_version":"2020-12-22","purchased_purges":2,"victory":true,"max_hp_per_floor":[70,70,70,75,75,75,75,75,75,75,75,75,75,75,75,75,75,75,75,75,75,75,75,75,75,75,75,75,75,75,75,75,75,75,75,75,75,75,75,75,75,75,75,75,75,75,75,75,75,75,75,75,75,75,75],"card_choices":[{"not_picked":["Quick Slash","PiercingWail"],"picked":"Underhanded Strike","floor":1.0},{"not_picked":["Dagger Spray","Quick Slash"],"picked":"Die Die Die","floor":3.0},{"not_picked":["Outmaneuver","Deadly Poison"],"picked":"Sucker Punch","floor":7.0},{"not_picked":["Distraction","Well Laid Plans"],"picked":"Prepared","floor":10.0},{"not_picked":["Catalyst","Footwork"],"picked":"Backstab","floor":13.0},{"not_picked":["Prepared","Outmaneuver"],"picked":"Blade Dance","floor":14.0},{"not_picked":["Doppelganger","Venomology"],"picked":"Glass Knife","floor":16.0},{"not_picked":["Slice","Outmaneuver+1"],"picked":"Acrobatics+1","floor":18.0},{"not_picked":["Footwork+1","Heel Hook"],"picked":"Terror","floor":19.0},{"not_picked":["Flechettes","Dagger Spray+1"],"picked":"Blur","floor":20.0},{"not_picked":["Heel Hook","Predator"],"picked":"Accuracy","floor":21.0},{"not_picked":["Noxious Fumes+1","PiercingWail"],"picked":"Prepared","floor":23.0},{"not_picked":["Die Die Die","Setup"],"picked":"Blur","floor":25.0},{"not_picked":["Catalyst","Distraction"],"picked":"Dagger Spray","floor":27.0},{"not_picked":["Sucker Punch","Terror"],"picked":"Concentrate+1","floor":30.0},{"not_picked":["Bane","Skewer"],"picked":"Cloak And Dagger+1","floor":31.0},{"not_picked":["Deadly Poison","Slice"],"picked":"Backflip","floor":31.0},{"not_picked":["Deadly Poison","Flechettes"],"picked":"Slice+1","floor":35.0},{"not_picked":["Blur","Slice"],"picked":"Footwork","floor":35.0},{"not_picked":["Flying Knee","Endless Agony+1"],"picked":"Leg Sweep+1","floor":36.0},{"not_picked":["Sucker Punch","Calculated Gamble"],"picked":"Leg Sweep+1","floor":36.0},{"not_picked":["Outmaneuver","Masterful Stab+1"],"picked":"PiercingWail+1","floor":37.0},{"not_picked":["Unload","Flechettes","Masterful Stab"],"picked":"SKIP","floor":37.0},{"not_picked":["Deflect","Deadly Poison"],"picked":"Calculated Gamble","floor":38.0},{"not_picked":["Flechettes+1","Prepared+1"],"picked":"Acrobatics","floor":38.0},{"not_picked":["Quick Slash","Backflip+1"],"picked":"Cloak And Dagger+1","floor":39.0},{"not_picked":["Noxious Fumes+1","Terror+1"],"picked":"Sucker Punch+1","floor":39.0},{"not_picked":["Masterful Stab+1","Noxious Fumes"],"picked":"Blur+1","floor":41.0},{"not_picked":["Underhanded Strike","Dagger Spray"],"picked":"Slice","floor":46.0},{"not_picked":["Backflip+1","Deadly Poison"],"picked":"Accuracy+1","floor":46.0},{"not_picked":["Slice","Dagger Throw"],"picked":"Backstab+1","floor":47.0},{"not_picked":["Glass Knife","Dagger Spray+1"],"picked":"Slice","floor":47.0},{"not_picked":["Terror+1","Bane+1"],"picked":"Cloak And Dagger","floor":48.0},{"not_picked":["Terror","Deadly Poison+1","Endless Agony"],"picked":"SKIP","floor":48.0},{"not_picked":["Well Laid Plans+1","Poisoned Stab"],"picked":"Concentrate+1","floor":54.0}],"player_experience":119430,"relics_obtained":[{"floor":7.0,"key":"Kunai"},{"floor":9.0,"key":"HornCleat"},{"floor":23.0,"key":"Lantern"},{"floor":25.0,"key":"Prayer Wheel"},{"floor":26.0,"key":"Shuriken"},{"floor":27.0,"key":"MealTicket"},{"floor":30.0,"key":"FossilizedHelix"},{"floor":41.0,"key":"Paper Crane"},{"floor":54.0,"key":"Pen Nib"}],"event_choices":[{"damage_healed":0.0,"max_hp_gain":0.0,"max_hp_loss":0.0,"gold_gain":100.0,"event_name":"Golden Shrine","player_choice":"Pray","floor":2.0,"gold_loss":0.0,"damage_taken":0.0},{"damage_healed":0.0,"max_hp_gain":5.0,"max_hp_loss":0.0,"gold_gain":0.0,"event_name":"Big Fish","player_choice":"Donut","floor":4.0,"gold_loss":0.0,"damage_taken":0.0},{"damage_healed":0.0,"max_hp_gain":0.0,"max_hp_loss":0.0,"gold_gain":175.0,"event_name":"Liars Game","player_choice":"AGREE","floor":5.0,"gold_loss":0.0,"damage_taken":0.0,"cards_obtained":["Doubt"]},{"damage_healed":0.0,"max_hp_gain":0.0,"max_hp_loss":0.0,"gold_gain":0.0,"event_name":"The Library","player_choice":"Read","floor":24.0,"gold_loss":0.0,"damage_taken":0.0,"cards_obtained":["Blade Dance"]},{"damage_healed":0.0,"max_hp_gain":0.0,"max_hp_loss":0.0,"gold_gain":100.0,"event_name":"Golden Shrine","player_choice":"Pray","floor":28.0,"gold_loss":0.0,"damage_taken":0.0},{"damage_healed":0.0,"max_hp_gain":0.0,"max_hp_loss":0.0,"gold_gain":0.0,"event_name":"The Woman in Blue","player_choice":"Bought 1 Potion","floor":45.0,"gold_loss":0.0,"damage_taken":0.0}],"is_beta":false,"boss_relics":[{"not_picked":["Fusion Hammer","SacredBark"],"picked":"Sozu"},{"not_picked":["Pandora\u0027s Box","Velvet Choker"],"picked":"Ring of the Serpent"}],"items_purged_floors":[12,22],"is_endless":false,"potions_floor_spawned":[1,13,20,23,27,31,33,35,38,39,46],"ascension_level":4}}