{"host":"Letariel","time":1608762130,"event":{"mods":["BaseMod","Minty Spire (QoL Compilation)"],"gold_per_floor":[114,114,131,131,151,185,206,17,17,17,47,47,63,86,86,210,210,233,233,233,158,177,177,77,77,77,108,123,123,144,162,162,285,285,301,316,336,336,336],"floor_reached":38,"playtime":4846,"items_purged":["Perfected Strike","Writhe"],"score":398,"play_id":"6c22d3da-d84d-43ee-952a-71f555620335","local_time":"20201223142210","is_ascension_mode":false,"campfire_choices":[{"data":"True Grit","floor":10,"key":"SMITH"},{"data":"True Grit","floor":12,"key":"SMITH"},{"data":"Metallicize","floor":15,"key":"SMITH"},{"data":"Metallicize","floor":23,"key":"SMITH"},{"data":"Juggernaut","floor":29,"key":"SMITH"},{"data":"Clothesline","floor":32,"key":"SMITH"}],"circlet_count":0,"master_deck":["Bash","Sword Boomerang+1","Wild Strike","Metallicize+1","Rage","True Grit+1","Metallicize+1","True Grit+1","Shrug It Off","Fire Breathing","Limit Break","Rage","Cleave","Shrug It Off","Juggernaut+1","Reaper","Havoc","Clothesline+1","Infernal Blade","Whirlwind","Power Through","Feed","Demon Form+1","Disarm+1","Fire Breathing+1","Disarm"],"relics":["Burning Blood","Golden Idol","Oddly Smooth Stone","Sundial","Odd Mushroom","Pandora\u0027s Box","Frozen Egg 2","Nloth\u0027s Gift","Singing Bowl","Self Forming Clay","Sozu"],"acts_visited":["Exordium","TheCity","TheBeyond"],"potions_floor_usage":[7,11,16,27,30],"damage_taken":[{"damage":3,"enemies":"Small Slimes","floor":1,"turns":4},{"damage":5,"enemies":"2 Louse","floor":3,"turns":2},{"damage":1,"enemies":"Cultist","floor":5,"turns":3},{"damage":46,"enemies":"Lagavulin","floor":6,"turns":7},{"damage":1,"enemies":"Gremlin Gang","floor":7,"turns":5},{"damage":7,"enemies":"The Mushroom Lair","floor":11,"turns":4},{"damage":0,"enemies":"Red Slaver","floor":13,"turns":4},{"damage":0,"enemies":"2 Fungi Beasts","floor":14,"turns":3},{"damage":10,"enemies":"Hexaghost","floor":16,"turns":12},{"damage":15,"enemies":"3 Byrds","floor":18,"turns":5},{"damage":13,"enemies":"Spheric Guardian","floor":22,"turns":6},{"damage":8,"enemies":"Book of Stabbing","floor":27,"turns":6},{"damage":31,"enemies":"Shelled Parasite and Fungi","floor":28,"turns":9},{"damage":2,"enemies":"Centurion and Healer","floor":30,"turns":9},{"damage":9,"enemies":"Snecko","floor":31,"turns":6},{"damage":29,"enemies":"Champ","floor":33,"turns":12},{"damage":7,"enemies":"Orb Walker","floor":35,"turns":3},{"damage":24,"enemies":"3 Shapes","floor":36,"turns":7},{"damage":52,"enemies":"Jaw Worm Horde","floor":37,"turns":7},{"damage":33,"enemies":"3 Darklings","floor":38,"turns":4}],"seed_played":"-1710265243893176733","potions_obtained":[{"floor":6,"key":"DistilledChaos"},{"floor":7,"key":"PowerPotion"},{"floor":11,"key":"ColorlessPotion"},{"floor":22,"key":"LiquidMemories"},{"floor":28,"key":"AttackPotion"}],"is_trial":false,"path_per_floor":["M","?","M","?","M","E","M","$","T","R","?","R","M","M","R","B",null,"M","?","?","$","M","R","$","?","T","E","M","R","M","M","R","B",null,"M","M","M","M"],"character_chosen":"IRONCLAD","items_purchased":["Oddly Smooth Stone","Metallicize"],"campfire_rested":0,"item_purchase_floors":[8,8],"current_hp_per_floor":[80,64,65,65,70,30,35,35,35,35,34,34,40,46,46,42,74,72,72,72,72,65,65,65,65,65,65,44,44,54,55,55,36,78,77,72,33,0,0],"gold":336,"neow_bonus":"REMOVE_CARD","is_daily":false,"chose_seed":false,"campfire_upgraded":6,"win_rate":0.0,"timestamp":1608762130,"path_taken":["M","?","M","?","M","E","M","$","T","R","?","R","M","M","R","BOSS","M","?","?","$","M","R","$","?","T","E","M","R","M","?","R","BOSS","M","M","?","M"],"items_purchased_type":["Relic","Card"],"build_version":"2020-12-18","purchased_purges":2,"victory":false,"max_hp_per_floor":[80,80,80,74,74,74,74,74,74,74,74,74,74,74,74,74,74,74,74,74,74,74,74,74,74,74,76,76,76,78,78,78,78,78,78,81,84,84,84],"card_choices":[{"not_picked":["Havoc","Perfected Strike"],"picked":"Sword Boomerang","floor":1},{"not_picked":["Sentinel","Iron Wave"],"picked":"Wild Strike","floor":3},{"not_picked":["Armaments","Iron Wave"],"picked":"Metallicize","floor":5},{"not_picked":["Sever Soul","Rupture"],"picked":"Rage","floor":6},{"not_picked":["Dark Embrace","Reckless Charge"],"picked":"True Grit","floor":7},{"not_picked":["Wild Strike","Iron Wave"],"picked":"True Grit","floor":11},{"not_picked":["Metallicize","Combust"],"picked":"Shrug It Off","floor":13},{"not_picked":["Metallicize","Rage"],"picked":"Fire Breathing","floor":14},{"not_picked":["Double Tap","Fiend Fire"],"picked":"Limit Break","floor":16},{"not_picked":["Bloodletting","Cleave"],"picked":"Clothesline","floor":18},{"not_picked":["Dual Wield","Anger"],"picked":"Whirlwind","floor":22},{"not_picked":["Reckless Charge","Ghostly Armor","Flex"],"picked":"Singing Bowl","floor":27},{"not_picked":["Body Slam","Thunderclap"],"picked":"Power Through","floor":28},{"not_picked":["Body Slam","Havoc","Iron Wave"],"picked":"Singing Bowl","floor":30},{"not_picked":["Combust+1","Clothesline"],"picked":"Feed","floor":31},{"not_picked":["Offering","Reaper"],"picked":"Demon Form+1","floor":33},{"not_picked":["Pommel Strike+1","True Grit"],"picked":"Disarm+1","floor":35},{"not_picked":["Shrug It Off+1","Pommel Strike"],"picked":"Fire Breathing+1","floor":36},{"not_picked":["Clothesline","Ghostly Armor"],"picked":"Disarm","floor":37}],"player_experience":728319,"relics_obtained":[{"floor":6,"key":"Happy Flower"},{"floor":9,"key":"Sundial"},{"floor":11,"key":"Odd Mushroom"},{"floor":26,"key":"Singing Bowl"},{"floor":27,"key":"Self Forming Clay"}],"event_choices":[{"damage_healed":0,"gold_gain":0,"player_choice":"Entered Light","damage_taken":16,"max_hp_gain":0,"max_hp_loss":0,"event_name":"Shining Light","floor":2,"gold_loss":0,"cards_upgraded":["Strike_R","Sword Boomerang"]},{"damage_healed":0,"gold_gain":0,"player_choice":"Lose Max HP","damage_taken":0,"relics_obtained":["Golden Idol"],"max_hp_gain":0,"max_hp_loss":6,"event_name":"Golden Idol","floor":4,"gold_loss":0},{"damage_healed":0,"gold_gain":0,"player_choice":"Fought Mushrooms","damage_taken":0,"max_hp_gain":0,"max_hp_loss":0,"event_name":"Mushrooms","floor":11,"gold_loss":0},{"damage_healed":0,"gold_gain":0,"player_choice":"Opened","damage_taken":0,"relics_obtained":["Frozen Egg 2"],"max_hp_gain":0,"max_hp_loss":0,"event_name":"The Mausoleum","floor":19,"gold_loss":0,"cards_obtained":["Writhe"]},{"damage_healed":0,"gold_gain":0,"cards_transformed":["Sever Soul","Havoc"],"player_choice":"Became Test Subject","damage_taken":0,"max_hp_gain":0,"max_hp_loss":0,"event_name":"Drug Dealer","floor":20,"gold_loss":0,"cards_obtained":["Infernal Blade","Perfected Strike"]},{"damage_healed":0,"gold_gain":0,"player_choice":"Traded Relic","damage_taken":0,"relics_obtained":["Nloth\u0027s Gift"],"max_hp_gain":0,"max_hp_loss":0,"event_name":"N\u0027loth","floor":25,"relics_lost":["Happy Flower"],"gold_loss":0}],"is_beta":true,"boss_relics":[{"not_picked":["Calling Bell","Coffee Dripper"],"picked":"Pandora\u0027s Box"},{"not_picked":["Runic Pyramid","Cursed Key"],"picked":"Sozu"}],"items_purged_floors":[21,24],"is_endless":false,"potions_floor_spawned":[6,7,11,22,28],"killed_by":"3 Darklings","ascension_level":0}}