{"host":"nox","time":1608731799,"event":{"mods":["Aspiration","BaseMod","Better Third Choice","Colored Powertips","Conspire","Hubris","Infinite Spire","Minty Spire (QoL Compilation)","Quick Restart","Rare Cards Sparkle","Replay The Spire","Shop Mod","Spikes Relics","StSLib","SuperFastMode","The Alterego","vexMod"],"gold_per_floor":[111,121,121,46,121,149,149,159,185,211,41,74,89,89,89,187,187,204,204,204,215,232,257,257,303,326,344,344,371,396,406,406,406,406],"floor_reached":33,"playtime":1022,"items_purged":["Strike_B","Strike_B"],"score":409,"play_id":"9d8334c5-5331-46c1-8805-970d1f18e2f6","local_time":"20201223205639","is_ascension_mode":true,"campfire_choices":[{"floor":7.0,"key":"REST"},{"floor":15.0,"key":"REST"},{"floor":24.0,"key":"REST"},{"floor":28.0,"key":"REST"},{"floor":32.0,"key":"RECALL"}],"circlet_count":0,"master_deck":["Defend_B+1","Zap","Dualcast","Ball Lightning","Conserve Battery","Lockon","Ball Lightning+1","Capacitor","Ball Lightning","Electrodynamics","Panic Button","BasicCrystalCard+1","RefreshScreen","Tempest","RefreshScreen+1","Leap","Leap"],"relics":["Cracked Core","vexMod:MemoryStick","Vajra","Gremlin Food","SpikesRelics:DaevaFist","hubris:64BitClover","Replay:Grab Bag","vexMod:CursedCompass","Velvet Choker","Kintsugi","Empty Cage","vexMod:PlasmaPancake","aspiration:FutureDiary","RoseTintedShades","Replay:Baseball","Potion Belt","Red Mask","Replay:WaspNest","infinitespire:Joker Card"],"acts_visited":["Exordium","TheCity"],"potions_floor_usage":[33,33],"damage_taken":[{"damage":2.0,"enemies":"Jaw Worm","floor":1.0,"turns":3.0},{"damage":1.0,"enemies":"Cultist","floor":2.0,"turns":3.0},{"damage":33.0,"enemies":"Lagavulin","floor":6.0,"turns":6.0},{"damage":0.0,"enemies":"2 Louse","floor":8.0,"turns":1.0},{"damage":26.0,"enemies":"3 Sentries","floor":10.0,"turns":7.0},{"damage":18.0,"enemies":"Lagavulin","floor":12.0,"turns":6.0},{"damage":1.0,"enemies":"Looter","floor":13.0,"turns":2.0},{"damage":6.0,"enemies":"Slime Boss","floor":16.0,"turns":7.0},{"damage":7.0,"enemies":"2 Thieves","floor":18.0,"turns":2.0},{"damage":0.0,"enemies":"3 Byrds","floor":21.0,"turns":2.0},{"damage":4.0,"enemies":"3 Cultists","floor":22.0,"turns":3.0},{"damage":22.0,"enemies":"Replay:Snechameleon","floor":23.0,"turns":3.0},{"damage":35.0,"enemies":"Shelled Parasite and Fungi","floor":27.0,"turns":3.0},{"damage":5.0,"enemies":"Masked Bandits","floor":29.0,"turns":2.0},{"damage":22.0,"enemies":"Nightmare","floor":30.0,"turns":5.0},{"damage":0.0,"enemies":"Cultist and Chosen","floor":31.0,"turns":3.0},{"damage":44,"enemies":"conspire:MysteriousRune","floor":33,"turns":6}],"seed_played":"-4895575340967867841","potions_obtained":[{"floor":12.0,"key":"Languid Potion"},{"floor":13.0,"key":"Regen Potion"},{"floor":18.0,"key":"Block Potion"},{"floor":29.0,"key":"CultistPotion"},{"floor":31.0,"key":"SkillPotion"}],"is_trial":false,"path_per_floor":["M","M","?","$","?","E","R","M","T","E","$","E","M","?","R","B",null,"M","AVR","?","M","M","E","R","?","T","M","R","?","NM","M","R","B"],"character_chosen":"DEFECT","items_purchased":["Lockon"],"campfire_rested":4,"item_purchase_floors":[11],"current_hp_per_floor":[73,72,69,69,58,25,49,49,49,23,23,5,4,4,28,22,67,60,66,66,66,62,40,66,66,66,31,57,52,44,44,44,0,0],"gold":406,"neow_bonus":"TEN_PERCENT_HP_BONUS","is_daily":false,"chose_seed":false,"campfire_upgraded":0,"win_rate":0.0,"timestamp":1608731799,"path_taken":["M","M","?","$","?","E","R","M","T","E","?","E","M","?","R","BOSS","M","AVR","?","M","M","E","R","?","T","M","R","?","NM","M","R","BOSS"],"items_purchased_type":["Card"],"build_version":"2020-11-17","purchased_purges":2,"victory":false,"max_hp_per_floor":[82,82,82,82,82,82,82,82,82,82,82,82,82,82,82,82,82,82,88,88,88,88,88,88,88,88,88,88,88,88,88,88,88,88],"card_choices":[{"not_picked":["Panic Button","conspire:SharedLibrary"],"picked":"Ball Lightning","floor":1.0},{"not_picked":["Leap","Barrage","Tempest"],"picked":"SKIP","floor":2.0},{"not_picked":["ReplayTheSpireMod:Reroute Power","ReplayTheSpireMod:Dual Polarity","Redo"],"picked":"SKIP","floor":6.0},{"not_picked":["Heatsinks","Panic Button"],"picked":"Conserve Battery","floor":8.0},{"not_picked":["Fusion","Barrage","Beam Cell"],"picked":"SKIP","floor":10.0},{"not_picked":["hubris:PowerSurge","Capacitor"],"picked":"Ball Lightning","floor":12.0},{"not_picked":["Leap","Cold Snap"],"picked":"Capacitor","floor":13.0},{"not_picked":["Creative AI","Hyperbeam"],"picked":"Electrodynamics","floor":16.0},{"not_picked":["Blizzard","Streamline"],"picked":"Panic Button","floor":18.0},{"not_picked":["conspire:SharedLibrary","Undo+1","ReplaySort"],"picked":"SKIP","floor":21.0},{"not_picked":["Redo+1","Conserve Battery"],"picked":"BasicCrystalCard+1","floor":22.0},{"not_picked":["Hologram","Stack+1","Beam Cell"],"picked":"SKIP","floor":23.0},{"not_picked":["Chill","Cold Snap"],"picked":"RefreshScreen","floor":25.0},{"not_picked":["Panic Button","Undo"],"picked":"Tempest","floor":25.0},{"not_picked":["Coolheaded","Steam"],"picked":"RefreshScreen","floor":27.0},{"not_picked":["Compile Driver","Rebound"],"picked":"Leap","floor":29.0},{"not_picked":["Scrape+1","Coolheaded"],"picked":"Leap","floor":30.0},{"not_picked":["Panic Button","BasicCrystalCard","Stack"],"picked":"SKIP","floor":31.0}],"player_experience":250302,"relics_obtained":[{"floor":6.0,"key":"Vajra"},{"floor":9.0,"key":"Gremlin Food"},{"floor":10.0,"key":"SpikesRelics:DaevaFist"},{"floor":12.0,"key":"hubris:64BitClover"},{"floor":23.0,"key":"RoseTintedShades"},{"floor":25.0,"key":"Replay:Baseball"},{"floor":26.0,"key":"Potion Belt"},{"floor":29.0,"key":"Red Mask"},{"floor":30.0,"key":"Replay:WaspNest"},{"floor":31.0,"key":"infinitespire:Joker Card"}],"event_choices":[{"damage_healed":0.0,"max_hp_gain":0.0,"max_hp_loss":0.0,"gold_gain":0.0,"event_name":"betterThird:BetterScrap","player_choice":"Relic ","floor":3.0,"gold_loss":0.0,"damage_taken":3.0,"cards_obtained":["Flechettes"]},{"damage_healed":0.0,"max_hp_gain":0.0,"max_hp_loss":0.0,"gold_gain":75.0,"event_name":"betterThird:BetterGoop","player_choice":"Gold","floor":5.0,"gold_loss":0.0,"damage_taken":11.0},{"damage_healed":0.0,"max_hp_gain":0.0,"max_hp_loss":0.0,"gold_gain":0.0,"event_name":"Cursed Tome","player_choice":"Ignored","floor":20.0,"gold_loss":0.0,"damage_taken":0.0},{"damage_healed":0.0,"max_hp_gain":0.0,"max_hp_loss":0.0,"gold_gain":0.0,"event_name":"Masked Bandits","player_choice":"Fought Bandits","floor":29.0,"gold_loss":0.0,"damage_taken":0.0}],"is_beta":true,"boss_relics":[{"not_picked":["Replay:Bronze Core","conspire:RoyalGoblet"],"picked":"Replay:Grab Bag"},{"not_picked":["vexMod:RockOfEvil","conspire:SeveredTorchhead"],"picked":"vexMod:CursedCompass"},{"not_picked":["hubris:CrackedHourglass","vexMod:FluxCapacitor"],"picked":"Velvet Choker"},{"not_picked":["aspiration:BursterCore","Nuclear Battery"],"picked":"Kintsugi"},{"not_picked":["aspiration:Stellarator","Sandwich"],"picked":"Empty Cage"}],"items_purged_floors":[4,11],"is_endless":false,"potions_floor_spawned":[12,13,18,23,29,31],"killed_by":"conspire:MysteriousRune","ascension_level":7}}