{"host":"mhmdt6pir7l60j7a","time":1608694305,"event":{"mods":["BaseMod","Bestiary","Better Altar","Better Sensory Stone","Better Third Choice","Displayed Cursed Tome","Dota2Spire","Downfall","Hubris","Infinite Spire","Minty Spire (QoL Compilation)","Replay The Spire","StSLib","The Alterego","The Construct","Uncapped"],"gold_per_floor":[99,116,134,134,154,154,154,154,183,198,198,38,38,49,64,164,164,164,181,192,192,192,217,244,169,201,219,253,253,178,178,194,297,297,297,307,307,357,357,377,377,255,180,212,212,212,235,245,262,262,262,295,68,68,68],"floor_reached":56,"playtime":3286,"items_purged":[],"score":1461,"play_id":"d4d90478-b351-49cc-93fb-bf53f0d1cab0","local_time":"20201222203145","is_ascension_mode":true,"campfire_choices":[{"data":"Injury","floor":1,"key":"PURGE"},{"data":"construct:QuickAttack","floor":6,"key":"SMITH"},{"data":"construct:QuickAttack+1","floor":11,"key":"SMITH"},{"data":"construct:SiegeForm+1","floor":13,"key":"SMITH"},{"data":"construct:Zapper","floor":18,"key":"SMITH"},{"data":"construct:Zapper+1","floor":25,"key":"SMITH"},{"floor":30,"key":"REST"},{"floor":35,"key":"RECALL"},{"data":"infinitespire:Collect","floor":43,"key":"SMITH"},{"data":"construct:SuppressiveFire+1","floor":46,"key":"SMITH"},{"data":"infinitespire:Fortify","floor":54,"key":"SMITH"}],"circlet_count":0,"master_deck":["construct:Strike_Gold","construct:Strike_Gold","construct:Strike_Gold","construct:Strike_Gold","construct:Strike_Gold","construct:Defend_Gold","construct:Defend_Gold","construct:Defend_Gold","construct:Defend_Gold","construct:AttackMode","construct:DefenseMode","construct:SiegeForm+2","construct:Forcefield","construct:OmegaCannon+1","infinitespire:Fortify+1","construct:QuickAttack+2","construct:MetalShell","construct:Forcefield","construct:ClusterMines","construct:Zapper+2","construct:Boost","expansioncontent:YouAreMine","Sadistic Nature","construct:Reinforce","construct:Chainstrike+1","construct:PowerUp","Necronomicurse","infinitespire:Collect+1","Replay:SS_hec_1+1","infinitespire:Punishment","construct:SuppressiveFire+2","construct:Construct_Overclock+1"],"relics":["construct:ClockworkPhoenix","StrikeDummy","hubris:MedicalManual","Guide Book","Busted Crown","Pantograph","downfall:HeartBlessingBlue","Pen Nib","Frozen Egg 2","Necronomicon","downfall:HeartBlessingGreen","Oddly Smooth Stone","construct:ClawGrip","Dota2Spire:Bloodstone","Dota2Spire:Butterfly","hubris:EmptyBottle","Replay:Wax Seal","Replay:Rubber Ducky","TheAbacus","Regal Pillow","downfall:HeartBlessingRed","construct:FoamFinger","Molten Egg 2","Dream Catcher","infinitespire:Beetle Shell","Medical Kit"],"acts_visited":["Exordium","TheCity","TheBeyond","TheEnding"],"potions_floor_usage":[10,42,42,42,42],"damage_taken":[{"damage":6,"enemies":"Cultist","floor":2,"turns":4},{"damage":4,"enemies":"Jaw Worm","floor":3,"turns":4},{"damage":0,"enemies":"2 Louse","floor":5,"turns":4},{"damage":0,"enemies":"Lagavulin","floor":9,"turns":5},{"damage":0,"enemies":"Blue Slaver","floor":10,"turns":4},{"damage":0,"enemies":"downfall:FleeingMerchant","floor":12,"turns":4},{"damage":6,"enemies":"Large Slime","floor":14,"turns":6},{"damage":0,"enemies":"3 Louse","floor":15,"turns":4},{"damage":17,"enemies":"downfall:Ironclad","floor":16,"turns":6},{"damage":4,"enemies":"Chosen","floor":19,"turns":4},{"damage":0,"enemies":"Spheric Guardian","floor":20,"turns":5},{"damage":20,"enemies":"Gremlin Leader","floor":23,"turns":6},{"damage":21,"enemies":"Book of Stabbing","floor":26,"turns":5},{"damage":7,"enemies":"Shelled Parasite and Fungi","floor":27,"turns":4},{"damage":19,"enemies":"Slavers","floor":28,"turns":5},{"damage":0,"enemies":"3 Cultists","floor":32,"turns":2},{"damage":2,"enemies":"downfall:Defect","floor":33,"turns":6},{"damage":3,"enemies":"3 Shapes","floor":36,"turns":4},{"damage":22,"enemies":"Mind Bloom Boss Battle","floor":38,"turns":3},{"damage":0,"enemies":"Orb Walker","floor":40,"turns":1},{"damage":0,"enemies":"downfall:FleeingMerchant","floor":42,"turns":2},{"damage":0,"enemies":"Nemesis","floor":44,"turns":3},{"damage":2,"enemies":"Spire Growth","floor":48,"turns":3},{"damage":0,"enemies":"Maw","floor":49,"turns":4},{"damage":1,"enemies":"downfall:Silent","floor":50,"turns":2},{"damage":0,"enemies":"downfall:CharBossMerchant","floor":52,"turns":5},{"damage":1,"enemies":"downfall:NeowBoss","floor":55,"turns":15}],"seed_played":"-4263662572457164205","potions_obtained":[{"floor":2,"key":"Flashbang"},{"floor":9,"key":"Strength Potion"},{"floor":10,"key":"Strength Potion"},{"floor":20,"key":"Elixir"},{"floor":44,"key":"Strength Potion"},{"floor":49,"key":"PowerPotion"}],"is_trial":false,"path_per_floor":["R","M","M","?","M","R","T","?","E","M","R","$","R","M","M","B",null,"R","M","M","?","?","E","T","R","E","M","E","?","R","AVR","M","B",null,"R","M","?","?","AVR","M","T","$","R","E","?","R","T","M","M","B",null,"E","$","R","B",null],"character_chosen":"THE_CONSTRUCT_MOD","items_purchased":["Guide Book","Replay:Rubber Ducky","TheAbacus","Regal Pillow","Medical Kit","construct:Construct_Overclock+1"],"campfire_rested":1,"item_purchase_floors":[12,42,42,42,53,53],"current_hp_per_floor":[85,79,75,55,55,55,55,55,55,55,55,55,55,49,49,32,85,85,81,81,81,81,61,61,71,50,43,24,8,36,36,36,59,95,95,92,92,73,73,73,73,73,73,73,73,73,73,71,71,94,95,95,95,95,94],"gold":68,"neow_bonus":"THREE_RARE_CARDS","is_daily":false,"chose_seed":false,"campfire_upgraded":8,"win_rate":0.0,"timestamp":1608694305,"path_taken":["R","M","M","?","M","R","T","?","E","M","R","$","R","?","M","BOSS","R","M","M","?","?","E","T","R","E","M","E","?","R","AVR","M","BOSS","R","M","?","?","AVR","M","T","$","R","E","?","R","?","?","M","BOSS","E","$","R","BOSS"],"items_purchased_type":["Relic","Relic","Relic","Relic","Relic","Card"],"build_version":"2020-12-13","purchased_purges":0,"victory":true,"max_hp_per_floor":[85,85,85,85,85,85,85,85,85,85,85,85,85,85,85,85,85,85,85,85,85,85,85,85,95,95,95,95,95,95,95,95,95,95,95,95,95,95,95,95,95,95,95,95,95,95,95,95,95,95,95,95,95,95,95],"card_choices":[{"not_picked":["construct:Afterburners","construct:Bunker"],"picked":"construct:SiegeForm","floor":0},{"not_picked":["construct:Anticipate","construct:ShiftStrike"],"picked":"construct:Forcefield","floor":2},{"not_picked":["construct:FlammableFog","construct:ElectricArmor"],"picked":"construct:OmegaCannon","floor":3},{"not_picked":["infinitespire:SealOfDarkness+","ReplayTheSpireMod:Book of Names"],"picked":"infinitespire:Fortify","floor":4},{"not_picked":["construct:Meltdown","construct:Reinforce"],"picked":"construct:QuickAttack","floor":5},{"not_picked":["construct:ShiftStrike","construct:SuppressiveFire"],"picked":"construct:MetalShell","floor":9},{"not_picked":["construct:ModeShift","construct:SyphonStrike"],"picked":"construct:Forcefield","floor":10},{"not_picked":["construct:Missile","construct:Reinforce"],"picked":"construct:ClusterMines","floor":12},{"not_picked":["construct:VentSteam","construct:GuardCore"],"picked":"construct:Zapper","floor":14},{"not_picked":["construct:ShiftGuard","construct:OmegaCannon"],"picked":"construct:Boost","floor":15},{"not_picked":["construct:FierceBash+1"],"picked":"SKIP","floor":19},{"not_picked":["construct:Forcefield"],"picked":"SKIP","floor":20},{"not_picked":[],"picked":"expansioncontent:YouAreMine","floor":21},{"not_picked":[],"picked":"Sadistic Nature","floor":21},{"not_picked":["construct:Missile"],"picked":"SKIP","floor":23},{"not_picked":["construct:FlammableFog"],"picked":"SKIP","floor":26},{"not_picked":[],"picked":"construct:Chainstrike+1","floor":27},{"not_picked":[],"picked":"construct:PowerUp","floor":28},{"not_picked":["construct:Reinforce"],"picked":"SKIP","floor":32},{"not_picked":["construct:CreateCores"],"picked":"SKIP","floor":36},{"not_picked":[],"picked":"Replay:SS_hec_1+1","floor":37},{"not_picked":["construct:Agitation+1"],"picked":"SKIP","floor":40},{"not_picked":["construct:Forcefield"],"picked":"SKIP","floor":42},{"not_picked":[],"picked":"construct:SuppressiveFire+1","floor":44},{"not_picked":["construct:Versatility+1"],"picked":"SKIP","floor":48},{"not_picked":["construct:Tumble+1"],"picked":"SKIP","floor":49},{"not_picked":["construct:FierceBash+1"],"picked":"SKIP","floor":52}],"player_experience":10678,"relics_obtained":[{"floor":7,"key":"StrikeDummy"},{"floor":9,"key":"hubris:MedicalManual"},{"floor":23,"key":"Pantograph"},{"floor":26,"key":"Pen Nib"},{"floor":28,"key":"Frozen Egg 2"},{"floor":29,"key":"Necronomicon"},{"floor":38,"key":"Dota2Spire:Butterfly"},{"floor":41,"key":"Replay:Wax Seal"},{"floor":44,"key":"construct:FoamFinger"},{"floor":45,"key":"Molten Egg 2"},{"floor":47,"key":"Dream Catcher"},{"floor":52,"key":"infinitespire:Beetle Shell"}],"event_choices":[{"cards_removed":["construct:Defend_Gold"],"damage_healed":0,"gold_gain":0,"player_choice":"Card Removal","damage_taken":0,"max_hp_gain":0,"max_hp_loss":0,"event_name":"Wheel of Change","floor":8,"gold_loss":0},{"damage_healed":0,"gold_gain":2,"player_choice":"1","damage_taken":0,"max_hp_gain":0,"max_hp_loss":0,"event_name":"betterStone:BetterStone","floor":21,"gold_loss":0},{"damage_healed":0,"gold_gain":0,"player_choice":"Read","damage_taken":0,"max_hp_gain":0,"max_hp_loss":0,"event_name":"The Library","floor":22,"gold_loss":0,"cards_obtained":["construct:Reinforce"]}],"is_beta":false,"boss_relics":[{"not_picked":["hubris:GrandSneckoEye","hubris:BlackHole"],"picked":"Busted Crown"},{"not_picked":["Runic Pyramid","Painkiller Herb"],"picked":"Dota2Spire:Bloodstone"}],"items_purged_floors":[],"is_endless":false,"potions_floor_spawned":[2,9,10,20,26,27,33,38,44,49],"ascension_level":1}}