{"host":"x4x6fw95e6eqd4n0","time":1608738673,"event":{"mods":["AchievementEnabler","BaseMod","Colored Map","Colored Powertips","DeckTracker","Minty Spire (QoL Compilation)"],"gold_per_floor":[115,132,6,6,6,6,34,34,34,66,27,58,58,76,76,171,171,182,182,182,200,200,200,225,225,251,251,266,278,298,298,298,397,397,411,428,473,83,0,0,30,30,76,8,38,49,49,61,61,61],"floor_reached":51,"playtime":2644,"items_purged":["Strike_G","Strike_G+1"],"score":864,"play_id":"55f52c3f-2f4b-4516-be06-2edbff83e389","local_time":"20201223175113","is_ascension_mode":false,"campfire_choices":[{"data":"Poisoned Stab","floor":6,"key":"SMITH"},{"data":"Predator","floor":8,"key":"SMITH"},{"floor":13,"key":"REST"},{"data":"Adrenaline","floor":15,"key":"SMITH"},{"data":"Envenom","floor":23,"key":"SMITH"},{"data":"Adrenaline","floor":25,"key":"SMITH"},{"floor":27,"key":"REST"},{"data":"Bouncing Flask","floor":32,"key":"SMITH"},{"floor":40,"key":"REST"},{"data":"Night Terror","floor":42,"key":"SMITH"},{"data":"Burst","floor":47,"key":"SMITH"},{"data":"Noxious Fumes","floor":49,"key":"SMITH"}],"circlet_count":0,"master_deck":["Strike_G+1","Strike_G+1","Defend_G+1","Defend_G+1","Defend_G+1","Defend_G+1","Defend_G+1","Survivor","Neutralize","Poisoned Stab+1","Catalyst+1","Backflip","Predator+1","Adrenaline+1","Infinite Blades","Malaise","Deadly Poison","Envenom+1","Bane","Crippling Poison","Caltrops+1","Adrenaline+1","Bouncing Flask+1","Acrobatics","Bane","Night Terror+1","Crippling Poison+1","Prepared+1","Poisoned Stab+1","Cloak And Dagger+1","Decay","Noxious Fumes+1","Burst+1","Predator+1","Expertise"],"relics":["Ring of the Snake","The Specimen","Tiny Chest","Sundial","Kunai","Bag of Marbles","Philosopher\u0027s Stone","Darkstone Periapt","Art of War","Regal Pillow","Cursed Key","Incense Burner","Bag of Preparation","Strawberry","Red Mask","Potion Belt","Dream Catcher","Bottled Flame"],"acts_visited":["Exordium","TheCity","TheBeyond"],"potions_floor_usage":[2,7,12,33,33,37,46,46,50,50],"damage_taken":[{"damage":2,"enemies":"Cultist","floor":1,"turns":6},{"damage":0,"enemies":"Small Slimes","floor":2,"turns":3},{"damage":0,"enemies":"Lagavulin","floor":7,"turns":5},{"damage":17,"enemies":"3 Sentries","floor":10,"turns":10},{"damage":0,"enemies":"Gremlin Nob","floor":12,"turns":3},{"damage":1,"enemies":"Jaw Worm","floor":14,"turns":3},{"damage":12,"enemies":"The Guardian","floor":16,"turns":8},{"damage":11,"enemies":"3 Byrds","floor":18,"turns":5},{"damage":17,"enemies":"2 Thieves","floor":21,"turns":4},{"damage":18,"enemies":"Gremlin Leader","floor":24,"turns":5},{"damage":4,"enemies":"Snake Plant","floor":28,"turns":3},{"damage":7,"enemies":"Snecko","floor":29,"turns":4},{"damage":23,"enemies":"Centurion and Healer","floor":30,"turns":4},{"damage":18,"enemies":"Automaton","floor":33,"turns":6},{"damage":9,"enemies":"Orb Walker","floor":35,"turns":4},{"damage":0,"enemies":"3 Shapes","floor":36,"turns":3},{"damage":45,"enemies":"2 Orb Walkers","floor":37,"turns":4},{"damage":2,"enemies":"Nemesis","floor":41,"turns":3},{"damage":10,"enemies":"Reptomancer","floor":45,"turns":5},{"damage":0,"enemies":"Maw","floor":46,"turns":6},{"damage":0,"enemies":"Spire Growth","floor":48,"turns":2},{"damage":48,"enemies":"Time Eater","floor":50,"turns":7}],"seed_played":"1432128461717753540","potions_obtained":[{"floor":1,"key":"PowerPotion"},{"floor":2,"key":"Fruit Juice"},{"floor":10,"key":"SteroidPotion"},{"floor":24,"key":"Weak Potion"},{"floor":28,"key":"Fire Potion"},{"floor":33,"key":"Swift Potion"},{"floor":37,"key":"ColorlessPotion"},{"floor":41,"key":"ColorlessPotion"},{"floor":45,"key":"Poison Potion"},{"floor":46,"key":"GhostInAJar"},{"floor":48,"key":"DistilledChaos"}],"is_trial":false,"path_per_floor":["M","M","$","?","?","R","E","R","T","E","$","E","R","M","R","B",null,"M","?","?","M","T","R","E","R","T","R","M","M","M","?","R","B",null,"M","M","?","$","?","R","E","R","T","$","E","M","R","M","R","B",null],"character_chosen":"THE_SILENT","items_purchased":["Backflip","Infinite Blades","Bag of Preparation","Strawberry","Noxious Fumes"],"campfire_rested":3,"item_purchase_floors":[3,11,38,38,44],"current_hp_per_floor":[47,52,52,37,30,30,30,30,30,13,13,13,35,34,34,22,75,64,64,64,47,47,47,29,29,29,66,62,55,32,32,32,14,75,66,66,21,28,28,67,65,65,71,71,61,61,61,61,61,13],"gold":61,"neow_bonus":"ONE_RARE_RELIC","is_daily":false,"chose_seed":false,"campfire_upgraded":9,"win_rate":0.0,"timestamp":1608738673,"path_taken":["M","M","$","?","?","R","E","R","T","E","?","E","R","M","R","BOSS","M","?","?","M","?","R","E","R","T","R","M","M","M","?","R","BOSS","M","M","?","$","?","R","E","R","T","$","E","M","R","M","R","BOSS"],"items_purchased_type":["Card","Card","Relic","Relic","Card"],"build_version":"2020-12-13","purchased_purges":2,"victory":true,"max_hp_per_floor":[70,75,75,75,75,75,75,75,75,75,75,75,75,75,75,75,75,75,75,75,75,75,75,75,75,75,75,75,75,75,75,75,75,75,75,75,75,82,82,82,82,82,88,88,88,88,88,88,88,88],"card_choices":[{"not_picked":["Caltrops","Accuracy"],"picked":"Poisoned Stab","floor":1},{"not_picked":["Predator","Slice"],"picked":"Catalyst","floor":2},{"not_picked":["Deflect","Blade Dance"],"picked":"Predator","floor":7},{"not_picked":["Wraith Form v2","Finisher"],"picked":"Adrenaline","floor":10},{"not_picked":["Tactician","Slice"],"picked":"Malaise","floor":12},{"not_picked":["Outmaneuver","Dagger Spray"],"picked":"Deadly Poison","floor":14},{"not_picked":["Tools of the Trade","Unload"],"picked":"Envenom","floor":16},{"not_picked":["Prepared","Deadly Poison"],"picked":"Bane","floor":18},{"not_picked":["Sucker Punch","Predator"],"picked":"Caltrops+1","floor":21},{"not_picked":["Dodge and Roll","Infinite Blades+1"],"picked":"Adrenaline","floor":24},{"not_picked":["Dagger Throw+1","Riddle With Holes"],"picked":"Bouncing Flask","floor":28},{"not_picked":["Blade Dance","Slice"],"picked":"Acrobatics","floor":29},{"not_picked":["Predator","Blade Dance"],"picked":"Bane","floor":30},{"not_picked":["Glass Knife","Wraith Form v2"],"picked":"Night Terror","floor":33},{"not_picked":["Eviscerate+1","Backflip"],"picked":"Crippling Poison+1","floor":35},{"not_picked":["Sucker Punch","All Out Attack"],"picked":"Prepared+1","floor":36},{"not_picked":["Calculated Gamble","Underhanded Strike"],"picked":"Poisoned Stab+1","floor":37},{"not_picked":["Dodge and Roll","Flying Knee"],"picked":"Cloak And Dagger+1","floor":41},{"not_picked":["Masterful Stab+1","Endless Agony+1"],"picked":"Burst","floor":45},{"not_picked":["Deflect+1","Quick Slash+1"],"picked":"Predator+1","floor":46},{"not_picked":["Blade Dance","Sucker Punch"],"picked":"Expertise","floor":48}],"player_experience":38868,"relics_obtained":[{"floor":7,"key":"Tiny Chest"},{"floor":9,"key":"Sundial"},{"floor":10,"key":"Kunai"},{"floor":12,"key":"Bag of Marbles"},{"floor":22,"key":"Darkstone Periapt"},{"floor":24,"key":"Art of War"},{"floor":26,"key":"Regal Pillow"},{"floor":37,"key":"Incense Burner"},{"floor":41,"key":"Potion Belt"},{"floor":43,"key":"Dream Catcher"},{"floor":45,"key":"Bottled Flame"}],"event_choices":[{"damage_healed":0,"gold_gain":0,"player_choice":"Entered Light","damage_taken":15,"max_hp_gain":0,"max_hp_loss":0,"event_name":"Shining Light","floor":4,"gold_loss":0,"cards_upgraded":["Strike_G","Catalyst"]},{"cards_removed":["Strike_G"],"damage_healed":0,"gold_gain":0,"player_choice":"Card Removal","damage_taken":7,"max_hp_gain":0,"max_hp_loss":0,"event_name":"Golden Wing","floor":5,"gold_loss":0},{"damage_healed":0,"gold_gain":0,"player_choice":"Read","damage_taken":0,"max_hp_gain":0,"max_hp_loss":0,"event_name":"The Library","floor":19,"gold_loss":0,"cards_obtained":["Crippling Poison"]},{"damage_healed":0,"gold_gain":0,"player_choice":"Ignored","damage_taken":0,"max_hp_gain":0,"max_hp_loss":0,"event_name":"Ghosts","floor":20,"gold_loss":0},{"damage_healed":0,"gold_gain":0,"player_choice":"Simplicity","damage_taken":0,"max_hp_gain":0,"max_hp_loss":0,"event_name":"Back to Basics","floor":31,"gold_loss":0,"cards_upgraded":["Strike_G","Strike_G","Defend_G","Defend_G","Defend_G","Defend_G","Defend_G"]},{"damage_healed":0,"gold_gain":0,"player_choice":"Fight","damage_taken":0,"max_hp_gain":0,"max_hp_loss":0,"event_name":"Mysterious Sphere","floor":37,"gold_loss":0},{"damage_healed":0,"gold_gain":0,"player_choice":"Paid","damage_taken":0,"relics_obtained":["Red Mask"],"max_hp_gain":0,"max_hp_loss":0,"event_name":"Tomb of Lord Red Mask","floor":39,"gold_loss":83}],"is_beta":false,"boss_relics":[{"not_picked":["Black Star","Tiny House"],"picked":"Philosopher\u0027s Stone"},{"not_picked":["Ring of the Serpent","Busted Crown"],"picked":"Cursed Key"}],"items_purged_floors":[3,38],"is_endless":false,"potions_floor_spawned":[1,2,10,24,28,33,37,41,45,46,48],"ascension_level":0}}