{"host":"rjmu5g8hpiele53d","time":1608759983,"event":{"mods":["2.2 Compatiblity","BaseMod","Downfall","GifTheSpireLib","Minty Spire (QoL Compilation)","StSLib"],"gold_per_floor":[99,112,112,124,124,144,144,175,175,193,193,207,207,307,318,318,318,318],"floor_reached":16,"playtime":1251,"items_purged":[],"score":107,"play_id":"f5a0fc24-1df7-488e-ad5d-2cc7c31cf78b","local_time":"20201223214623","is_ascension_mode":true,"campfire_choices":[{"data":"hexamod:FastForward","floor":1,"key":"SMITH"},{"data":"hexamod:Incineration","floor":9,"key":"SMITH"},{"data":"hexamod:NightmareGuise","floor":11,"key":"SMITH"},{"floor":13,"key":"REST"}],"circlet_count":0,"master_deck":["hexamod:Strike","hexamod:Defend","hexamod:Sear","hexamod:Float","hexamod:NecessarySacrifice","hexamod:FastForward+1","hexamod:Firestarter","hexamod:GhostOfSpirePresent","hexamod:RainOfEmbers+1","hexamod:Incineration+1","hexamod:NightmareGuise+1","hexamod:FirstSeal","hexamod:HeatShield","hexamod:ExtraCrispy","hexamod:EmpoweredFlame"],"relics":["hexamod:SpiritBrand","TungstenRod","The Courier"],"acts_visited":["Exordium"],"potions_floor_usage":[16],"damage_taken":[{"damage":0,"enemies":"Cultist","floor":2,"turns":4},{"damage":1,"enemies":"Jaw Worm","floor":4,"turns":3},{"damage":0,"enemies":"2 Louse","floor":6,"turns":3},{"damage":2,"enemies":"Gremlin Nob","floor":8,"turns":5},{"damage":3,"enemies":"Large Slime","floor":10,"turns":5},{"damage":7,"enemies":"3 Louse","floor":12,"turns":4},{"damage":34,"enemies":"downfall:Heads","floor":14,"turns":9},{"damage":0,"enemies":"Exordium Wildlife","floor":15,"turns":3},{"damage":38,"enemies":"downfall:Defect","floor":16,"turns":6}],"seed_played":"757666046232313264","potions_obtained":[{"floor":4,"key":"Block Potion"},{"floor":12,"key":"hexamod:EctoCoolerPotion"}],"is_trial":false,"path_per_floor":["R","M","?","M","?","M","T","E","R","M","R","M","R","?","M","B"],"character_chosen":"THE_SPIRIT","items_purchased":[],"campfire_rested":1,"item_purchase_floors":[],"current_hp_per_floor":[49,49,49,48,48,48,48,46,46,43,43,36,57,30,37,0,0,0],"gold":318,"neow_bonus":"TRANSFORM_TWO_CARDS","is_daily":false,"chose_seed":false,"campfire_upgraded":3,"win_rate":0.0,"timestamp":1608759983,"path_taken":["R","M","?","M","?","M","T","E","R","?","R","M","R","?","M","BOSS"],"items_purchased_type":[],"build_version":"2020-12-22","purchased_purges":0,"victory":false,"max_hp_per_floor":[70,70,70,70,70,70,70,70,70,70,70,70,70,70,70,70,70,70],"card_choices":[{"not_picked":["hexamod:FourthSeal","hexamod:AdvancingGuard"],"picked":"hexamod:Firestarter","floor":2},{"not_picked":["hexamod:Firestarter","hexamod:ShieldOfDarkness"],"picked":"hexamod:GhostOfSpirePresent","floor":4},{"not_picked":["hexamod:BacktrackSmack","hexamod:Firestarter"],"picked":"hexamod:RainOfEmbers","floor":6},{"not_picked":["hexamod:UnlimitedPower","hexamod:NightmareStrike"],"picked":"hexamod:Incineration","floor":8},{"not_picked":["hexamod:ThirdSeal","hexamod:RetreatToShadows"],"picked":"hexamod:NightmareGuise","floor":10},{"not_picked":["hexamod:CatchUp","hexamod:RainOfEmbers"],"picked":"hexamod:FirstSeal","floor":12},{"not_picked":["hexamod:AdvancingGuard","hexamod:GhostflameInferno"],"picked":"hexamod:ExtraCrispy","floor":14},{"not_picked":["hexamod:Hexaguard","hexamod:BacktrackSmack"],"picked":"hexamod:EmpoweredFlame","floor":15}],"player_experience":1567933,"relics_obtained":[{"floor":7,"key":"TungstenRod"},{"floor":8,"key":"The Courier"}],"event_choices":[{"cards_removed":["hexamod:Defend"],"damage_healed":0,"gold_gain":0,"player_choice":"Purged","damage_taken":0,"max_hp_gain":0,"max_hp_loss":0,"event_name":"Purifier","floor":5,"gold_loss":0}],"is_beta":false,"boss_relics":[],"items_purged_floors":[],"is_endless":false,"potions_floor_spawned":[4,12],"killed_by":"downfall:Defect","ascension_level":1}}