{"host":"m0xu04lznsue37gd","time":1608725049,"event":{"mods":["2.2 Compatiblity","AchievementEnabler","Act Like it!","BaseMod","Better Third Choice","Colored Map","Colored Powertips","Hallownest","Minty Spire (QoL Compilation)","Quick Restart","Random Character Button","StSLib","Synergy Search"],"gold_per_floor":[116,116,128,148,200,200,213,213,261,261,292,292,312,312,312,413,413,433,20,220,54,54,89,89,89,167,177,193,193,193,205,205,310,310,354,374,388,441,173,173,184,184,209,209,209,209,75,108,108,108,108],"floor_reached":50,"playtime":2650,"items_purged":["Strike_P"],"score":810,"play_id":"c39410aa-140b-4d78-bf79-adc28bda2acb","local_time":"20201223130409","is_ascension_mode":true,"campfire_choices":[{"data":"Eruption","floor":6.0,"key":"SMITH"},{"data":"Evaluate","floor":10.0,"key":"SMITH"},{"data":"Crescendo","floor":12.0,"key":"SMITH"},{"data":"ForeignInfluence","floor":15.0,"key":"SMITH"},{"data":"CrushJoints","floor":24.0,"key":"SMITH"},{"floor":30.0,"key":"REST"},{"data":"Halt","floor":32.0,"key":"SMITH"},{"floor":40.0,"key":"REST"},{"data":"Enlightenment","floor":42.0,"key":"SMITH"},{"floor":44.0,"key":"REST"},{"data":"Establishment","floor":46.0,"key":"SMITH"},{"data":"Worship","floor":49.0,"key":"SMITH"}],"circlet_count":0,"master_deck":["Strike_P+1","Strike_P+1","Defend_P+1","Defend_P+1","Defend_P+1","Eruption+1","Vigilance","Sanctity","ReachHeaven","Evaluate+1","EmptyBody","Crescendo+1","ForeignInfluence+1","Protect+1","CrushJoints+1","Halt+1","FollowUp","Tantrum","WheelKick","Indignation","Establishment+1","DeceiveReality+1","Wish+1","Indignation+1","InnerPeace+1","Conclude","Prostrate","Enlightenment+1","Pray","Ragnarok","Deep Breath","Worship+1"],"relics":["HolyWater","NeowsBlessing","Singing Bowl","Whetstone","Mercury Hourglass","Pear","Gremlin Horn","Medical Kit","InkBottle","Darkstone Periapt","HornCleat","Astrolabe","Unceasing Top","Omamori","Boot"],"acts_visited":["Exordium","TheCity","TheBeyond"],"potions_floor_usage":[50,50,50],"damage_taken":[{"damage":0.0,"enemies":"Small Slimes","floor":1.0,"turns":1.0},{"damage":0.0,"enemies":"Cultist","floor":3.0,"turns":1.0},{"damage":0.0,"enemies":"Jaw Worm","floor":4.0,"turns":1.0},{"damage":0.0,"enemies":"Blue Slaver","floor":7.0,"turns":3.0},{"damage":0.0,"enemies":"Gremlin Nob","floor":11.0,"turns":2.0},{"damage":0.0,"enemies":"2 Fungi Beasts","floor":13.0,"turns":3.0},{"damage":0.0,"enemies":"Slime Boss","floor":16.0,"turns":4.0},{"damage":5.0,"enemies":"2 Thieves","floor":18.0,"turns":3.0},{"damage":24.0,"enemies":"Slavers","floor":23.0,"turns":8.0},{"damage":16.0,"enemies":"Shell Parasite","floor":27.0,"turns":2.0},{"damage":0.0,"enemies":"Chosen and Byrds","floor":28.0,"turns":3.0},{"damage":0.0,"enemies":"Sentry and Sphere","floor":31.0,"turns":2.0},{"damage":21.0,"enemies":"Champ","floor":33.0,"turns":5.0},{"damage":8.0,"enemies":"3 Shapes","floor":35.0,"turns":5.0},{"damage":7.0,"enemies":"3 Darklings","floor":36.0,"turns":5.0},{"damage":10.0,"enemies":"4 Shapes","floor":37.0,"turns":2.0},{"damage":20.0,"enemies":"2 Orb Walkers","floor":38.0,"turns":4.0},{"damage":17.0,"enemies":"Spire Growth","floor":41.0,"turns":4.0},{"damage":17.0,"enemies":"Reptomancer","floor":48.0,"turns":4.0},{"damage":165,"enemies":"Time Eater","floor":50,"turns":6}],"seed_played":"-4653656428748713540","potions_obtained":[{"floor":1.0,"key":"DistilledChaos"},{"floor":11.0,"key":"Weak Potion"},{"floor":13.0,"key":"LiquidBronze"},{"floor":16.0,"key":"EssenceOfSteel"},{"floor":28.0,"key":"DistilledChaos"},{"floor":31.0,"key":"BottledMiracle"},{"floor":36.0,"key":"CultistPotion"}],"is_trial":false,"path_per_floor":["M","?","M","M","?","R","M","T","T","R","E","R","M","T","R","B",null,"M","$","?","$","T","E","R","?","T","M","M","?","R","M","R","B",null,"M","M","M","?","$","R","M","R","T","R","?","R","$","E","R","B"],"character_chosen":"WATCHER","items_purchased":["Gremlin Horn","CrushJoints","Halt","Medical Kit","FollowUp","Enlightenment","CultistPotion","Pray","Deep Breath","Fire Potion"],"campfire_rested":3,"item_purchase_floors":[19,19,19,21,21,39,39,39,47,47],"current_hp_per_floor":[65,72,72,72,72,72,72,72,72,72,72,72,72,82,82,82,82,77,77,77,77,77,53,53,53,53,37,39,39,64,64,64,43,74,66,59,49,31,31,56,39,39,39,64,86,86,86,69,69,0,0],"gold":108,"neow_bonus":"THREE_ENEMY_KILL","is_daily":false,"chose_seed":false,"campfire_upgraded":9,"win_rate":0.0,"timestamp":1608725049,"path_taken":["M","?","M","?","?","R","M","?","T","R","E","R","M","?","R","BOSS","M","$","?","$","?","E","R","?","T","M","?","?","R","M","R","BOSS","M","M","M","?","$","R","M","R","T","R","?","R","$","E","R","BOSS"],"items_purchased_type":["Relic","Card","Card","Relic","Card","Card","Potion","Card","Card","Potion"],"build_version":"2020-12-22","purchased_purges":1,"victory":false,"max_hp_per_floor":[72,72,72,72,72,72,72,72,72,72,72,72,72,82,82,82,82,82,82,82,82,82,82,82,82,82,82,84,84,84,84,84,84,84,84,84,84,86,86,86,86,86,86,86,86,86,86,86,86,86,86],"card_choices":[{"not_picked":["ThirdEye","EmptyBody"],"picked":"Sanctity","floor":1.0},{"not_picked":["EmptyMind","EmptyFist"],"picked":"ReachHeaven","floor":3.0},{"not_picked":["FollowUp","Consecrate"],"picked":"Evaluate","floor":4.0},{"not_picked":["Nirvana","CarveReality"],"picked":"EmptyBody","floor":7.0},{"not_picked":["ClearTheMind","CutThroughFate"],"picked":"Crescendo","floor":11.0},{"not_picked":["FlurryOfBlows","ThirdEye"],"picked":"ForeignInfluence","floor":13.0},{"not_picked":["DevaForm","Scrawl"],"picked":"SpiritShield","floor":16.0},{"not_picked":["FollowUp","WaveOfTheHand+1"],"picked":"Protect+1","floor":18.0},{"not_picked":["BowlingBash","ClearTheMind"],"picked":"Tantrum","floor":23.0},{"not_picked":["CarveReality","EmptyFist"],"picked":"WheelKick","floor":27.0},{"not_picked":["Nirvana","MentalFortress","Omniscience"],"picked":"Singing Bowl","floor":28.0},{"not_picked":["ThirdEye+1","ClearTheMind+1"],"picked":"Indignation","floor":31.0},{"not_picked":["Scrawl","Blasphemy"],"picked":"Establishment","floor":33.0},{"not_picked":["Consecrate","Swivel"],"picked":"InnerPeace+1","floor":35.0},{"not_picked":["ClearTheMind","CutThroughFate"],"picked":"Conclude","floor":36.0},{"not_picked":["FlurryOfBlows","Collect"],"picked":"Prostrate","floor":37.0},{"not_picked":["Indignation","CutThroughFate","EmptyFist"],"picked":"Singing Bowl","floor":38.0},{"not_picked":["Crescendo","EmptyBody+1"],"picked":"Ragnarok","floor":41.0},{"not_picked":["Sanctity","Wallop"],"picked":"Worship","floor":48.0}],"player_experience":644002,"relics_obtained":[{"floor":8.0,"key":"Singing Bowl"},{"floor":9.0,"key":"Whetstone"},{"floor":11.0,"key":"Mercury Hourglass"},{"floor":14.0,"key":"Pear"},{"floor":22.0,"key":"InkBottle"},{"floor":23.0,"key":"Darkstone Periapt"},{"floor":26.0,"key":"HornCleat"},{"floor":38.0,"key":"Unceasing Top"},{"floor":43.0,"key":"Omamori"},{"floor":48.0,"key":"Boot"}],"event_choices":[{"damage_healed":7.0,"max_hp_gain":0.0,"max_hp_loss":0.0,"gold_gain":0.0,"event_name":"Wheel of Change","player_choice":"Full Heal","floor":2.0,"gold_loss":0.0,"damage_taken":0.0},{"damage_healed":0.0,"max_hp_gain":0.0,"max_hp_loss":0.0,"gold_gain":52.0,"event_name":"Golden Wing","player_choice":"Gained Gold","floor":5.0,"gold_loss":0.0,"damage_taken":0.0},{"damage_healed":0.0,"max_hp_gain":0.0,"max_hp_loss":0.0,"gold_gain":200.0,"event_name":"Wheel of Change","player_choice":"Gold","floor":20.0,"gold_loss":0.0,"damage_taken":0.0},{"damage_healed":0.0,"max_hp_gain":0.0,"max_hp_loss":5.0,"gold_gain":0.0,"event_name":"betterThird:BetterWriting","player_choice":"Simplicity","floor":25.0,"gold_loss":0.0,"damage_taken":0.0},{"damage_healed":0.0,"max_hp_gain":0.0,"max_hp_loss":0.0,"gold_gain":0.0,"event_name":"Ghosts","player_choice":"Ignored","floor":29.0,"gold_loss":0.0,"damage_taken":0.0},{"damage_healed":0.0,"max_hp_gain":0.0,"max_hp_loss":0.0,"gold_gain":0.0,"event_name":"Mysterious Sphere","player_choice":"Fight","floor":38.0,"gold_loss":0.0,"damage_taken":0.0},{"damage_healed":22.0,"max_hp_gain":0.0,"max_hp_loss":0.0,"gold_gain":0.0,"event_name":"Winding Halls","player_choice":"Writhe","floor":45.0,"gold_loss":0.0,"damage_taken":0.0,"cards_obtained":["Writhe"]}],"is_beta":false,"boss_relics":[{"not_picked":["Fusion Hammer","SlaversCollar"],"picked":"HolyWater"},{"not_picked":["SacredBark","Snecko Eye"],"picked":"Astrolabe"}],"items_purged_floors":[19],"is_endless":false,"potions_floor_spawned":[1,11,13,16,28,31,36,48],"killed_by":"Time Eater","ascension_level":8}}