{"host":"0gy90rl0ccnvdufw","time":1608699767,"event":{"mods":["AchievementEnabler","Act Like it!","Aspiration","Bard","BaseMod","Better Third Choice","Better Vampires","BetterRewards","ChefMod","Colored Map","Colored Powertips","Conspire","Decade(???)","Downfall","Ekko","Gensokyo","GungeonMod","Halation","Hubris","Infinite Spire","Jedi Mod","KomeijiMod","Luminous","Minty Spire (QoL Compilation)","Quick Restart","Rare Cards Sparkle","Replay The Spire","Robot Space Explorer","StSLib","SuperFastMode","The Cursed","The Disciple","The Dragon Tamer","The Forsaken","The Jungle","[IsaacMod]????","??????REMEMod"],"gold_per_floor":[109,121,121,139,36,114,114,141,141,141,141,159,159,178,178,178,178],"floor_reached":16,"playtime":543,"items_purged":[],"score":125,"play_id":"dc3ed134-abda-449a-bc33-9f0a5eed207a","local_time":"20201222230247","is_ascension_mode":false,"campfire_choices":[{"data":"EscortCommand","floor":11,"key":"SMITH"},{"data":"Escape Plan","floor":13,"key":"SMITH"},{"data":"DemoMod:Defend_Huntress","floor":15,"key":"SMITH"}],"circlet_count":0,"master_deck":["DemoMod:Strike_Huntress","DemoMod:Strike_Huntress","DemoMod:Strike_Huntress","DemoMod:Defend_Huntress+1","DemoMod:Defend_Huntress","DemoMod:Defend_Huntress","DemoMod:Roll","DemoMod:ManualReload","EscortCommand+1","DemoMod:EasyReloadBullets","DemoMod:MachoBrace","DemoMod:GunslingerForm+1","DemoMod:FightSabre+1","DemoMod:FightSabre+1","Bane","Predator","Escape Plan+1","Bomb"],"relics":["DemoMod:Dog","REME_ComplimentaryCards","HushsDoor","NeowsBlessing","Damocles","DemoMod:ClearGuonStone","Golden Egg","SatanicBible","ReplayTheSpireMod:Ninjato","hubris:OldNail","Replay:Bandana","GnawedLeaf","ReplayTheSpireMod:Lightbulb","DemoMod:GlassGuonStoneRelic","DemoMod:DecoyRelic"],"acts_visited":["Exordium"],"potions_floor_usage":[6,14],"damage_taken":[{"damage":0,"enemies":"Cultist","floor":1,"turns":1},{"damage":0,"enemies":"conspire:RoseBush","floor":2,"turns":1},{"damage":0,"enemies":"2 Louse","floor":4,"turns":2},{"damage":0,"enemies":"Gremlin Nob","floor":6,"turns":6},{"damage":0,"enemies":"Looter","floor":12,"turns":4},{"damage":0,"enemies":"Large Slime","floor":14,"turns":5},{"damage":0,"enemies":"The Guardian","floor":16,"turns":2}],"seed_played":"-5100031549556192982","potions_obtained":[{"floor":2,"key":"Energy Potion"},{"floor":4,"key":"DemoMod:LeadSkinPotion"},{"floor":12,"key":"champ:CounterPotion"}],"is_trial":false,"path_per_floor":["M","M","?","M","$","E","?","T","T","$","R","M","R","M","R","B"],"character_chosen":"HUNTRESS","items_purchased":["DemoMod:FightSabre"],"campfire_rested":0,"item_purchase_floors":[5],"current_hp_per_floor":[70,70,70,70,70,70,70,70,70,70,70,70,70,70,70,0,0],"gold":178,"neow_bonus":"THREE_ENEMY_KILL","is_daily":false,"chose_seed":false,"campfire_upgraded":3,"win_rate":0.0,"timestamp":1608699767,"path_taken":["M","M","?","M","$","E","?","?","T","?","R","M","R","?","R","BOSS"],"items_purchased_type":["Card"],"build_version":"2020-12-22","purchased_purges":0,"victory":false,"max_hp_per_floor":[70,70,70,70,70,70,70,70,70,70,70,70,70,70,70,70,70],"card_choices":[{"not_picked":["DemoMod:ConditionalReflex","DemoMod:TableSutra"],"picked":"DemoMod:EasyReloadBullets","floor":1},{"not_picked":["DemoMod:BoxingGlove","DemoMod:AC15"],"picked":"DemoMod:MachoBrace","floor":2},{"not_picked":["DemoMod:StickyCrossBow","DemoMod:DirectionalPad"],"picked":"DemoMod:GunslingerForm","floor":4},{"not_picked":["DemoMod:DoubleSwitch","DemoMod:ConditionalReflex","DemoMod:Camera"],"picked":"SKIP","floor":6},{"not_picked":["DemoMod:HungryBullets","DemoMod:MachoBrace","DemoMod:ConditionalReflex"],"picked":"SKIP","floor":12},{"not_picked":["DemoMod:PracticeMakesPerfect","DemoMod:LifeOrb"],"picked":"Bomb","floor":14}],"player_experience":315548,"relics_obtained":[{"floor":1,"key":"DemoMod:ClearGuonStone"},{"floor":2,"key":"Golden Egg"},{"floor":4,"key":"SatanicBible"},{"floor":6,"key":"ReplayTheSpireMod:Ninjato"},{"floor":6,"key":"hubris:OldNail"},{"floor":8,"key":"Replay:Bandana"},{"floor":9,"key":"GnawedLeaf"},{"floor":12,"key":"ReplayTheSpireMod:Lightbulb"},{"floor":14,"key":"DemoMod:DecoyRelic"}],"event_choices":[{"damage_healed":0,"gold_gain":0,"player_choice":"Disagree","damage_taken":0,"max_hp_gain":0,"max_hp_loss":0,"event_name":"conspire:LoneGhost","floor":3,"gold_loss":0}],"is_beta":false,"boss_relics":[],"items_purged_floors":[],"is_endless":false,"potions_floor_spawned":[2,4,12],"killed_by":"The Guardian","ascension_level":0}}