{"host":"ashh977dctw2auk3","time":1608741984,"event":{"mods":["BaseMod","ChefMod","Downfall","Friendly Minions","Glutton Mod","Hubris","Infinite Spire","Marisa????????","Minty Spire (QoL Compilation)","Potionbrewer","Replay The Spire","Ruin Mod","Shop Mod","StSLib","The Cursed","The Dragon Tamer","The Marked","The Sage","The Servant 0.9.4","The Spell Scribe","Transform Curses","Waifu the Spire"],"gold_per_floor":[111,111,66,78,78,78,103,158,232,232,232,251,261,261,271,285,285,382,382,398,409,419,432,432,432,448,448,448,466,466,466],"floor_reached":30,"playtime":1558,"items_purged":[],"score":274,"play_id":"17425f7d-4d5d-40d4-aeab-4c6cbf7a8bdf","local_time":"20201223084624","is_ascension_mode":false,"campfire_choices":[{"data":"theMarked:Static","floor":6,"key":"SMITH"},{"floor":14,"key":"REST"},{"floor":17,"key":"REST"},{"data":"theMarked:Static","floor":25,"key":"SMITH"},{"floor":27,"key":"REST"}],"circlet_count":0,"master_deck":["theMarked:Strike","theMarked:Strike","theMarked:Strike","theMarked:Strike","theMarked:Strike","theMarked:Defend","theMarked:Defend","theMarked:Defend","theMarked:Defend+1","theMarked:SoldierOfQuellstein","theMarked:SuspiciousRaven","theMarked:PowerFlow","theMarked:Static+1","theMarked:Defy","theMarked:CreepingChasm","theMarked:Static+1","theMarked:FavorableWinds","theMarked:Aftermath","theMarked:Aftermath","theMarked:ChainLightning","theMarked:GodGivenPower"],"relics":["theMarked:ArtifactOfAir","Question Card","Odd Mushroom","Durian","Blue Candle","Runic Pyramid","Meat on the Bone"],"acts_visited":["Exordium","TheCity"],"potions_floor_usage":[7,15,18,18,21,22],"damage_taken":[{"damage":1,"enemies":"Cultist","floor":1,"turns":4},{"damage":0,"enemies":"Small Slimes","floor":4,"turns":3},{"damage":7,"enemies":"The Mushroom Lair","floor":7,"turns":4},{"damage":42,"enemies":"Gremlin Nob","floor":8,"turns":5},{"damage":7,"enemies":"2 Louse","floor":12,"turns":2},{"damage":11,"enemies":"Exordium Wildlife","floor":13,"turns":2},{"damage":7,"enemies":"Blue Slaver","floor":15,"turns":2},{"damage":0,"enemies":"2 Fungi Beasts","floor":16,"turns":1},{"damage":0,"enemies":"Slime Boss","floor":18,"turns":6},{"damage":11,"enemies":"Chosen","floor":20,"turns":5},{"damage":16,"enemies":"Shell Parasite","floor":21,"turns":6},{"damage":15,"enemies":"Sentry and Sphere","floor":22,"turns":4},{"damage":5,"enemies":"3 Cultists","floor":23,"turns":3},{"damage":24,"enemies":"Shelled Parasite and Fungi","floor":26,"turns":3},{"damage":21,"enemies":"Centurion and Healer","floor":29,"turns":4},{"damage":25,"enemies":"Colosseum Slavers","floor":30,"turns":1}],"seed_played":"-2891931216988534884","potions_obtained":[{"floor":1,"key":"ColorlessPotion"},{"floor":8,"key":"potionbrewer:BarricadePotion"},{"floor":12,"key":"Energy Potion"},{"floor":15,"key":"potionbrewer:BlacksmithPotion"},{"floor":16,"key":"theMarked:ChargePotion"},{"floor":20,"key":"potionbrewer:EndurancePotion"},{"floor":23,"key":"Doom Potion"},{"floor":29,"key":"Block Potion"}],"is_trial":false,"path_per_floor":["M","?","$","M","$","R","?","?","T","PTL","PTL","M","M","R","M","M","R","B",null,"M","M","M","M","?","R","M","R","T","M","?"],"character_chosen":"THE_DEFAULT","items_purchased":["theMarked:Static"],"campfire_rested":3,"item_purchase_floors":[3],"current_hp_per_floor":[69,69,69,69,69,69,62,25,25,25,25,18,7,29,22,22,44,44,75,64,48,33,28,28,28,4,26,26,17,0,0],"gold":466,"neow_bonus":"ONE_RANDOM_RARE_CARD","is_daily":false,"chose_seed":false,"campfire_upgraded":2,"win_rate":0.0,"timestamp":1608741984,"path_taken":["M","?","$","M","$","R","?","?","T","PTL","PTL","M","M","R","M","?","R","BOSS","M","M","M","M","?","R","M","R","T","M","?"],"items_purchased_type":["Card"],"build_version":"2020-12-22","purchased_purges":0,"victory":false,"max_hp_per_floor":[70,70,70,70,70,70,70,75,75,75,75,75,75,75,75,75,75,75,75,75,75,75,75,75,75,75,75,75,75,75,75],"card_choices":[{"not_picked":["theMarked:TwofoldDefense","theMarked:WardOff"],"picked":"theMarked:PowerFlow","floor":1},{"not_picked":["theMarked:ElectricStrings","theMarked:LightningStrikesTwice","theMarked:EmpowerWeapon","theMarked:WastefulAttack"],"picked":"SKIP","floor":4},{"not_picked":["theMarked:WardOff","theMarked:BanishingWave","theMarked:RepellingDischarge"],"picked":"theMarked:Defy","floor":8},{"not_picked":["theMarked:HeightenedSenses","theMarked:TwofoldDefense","theMarked:Frustration","theMarked:ElectricStrings"],"picked":"SKIP","floor":12},{"not_picked":["theMarked:HeightenedSenses","theMarked:TwofoldDefense","theMarked:Frustration","theMarked:ElectricStrings"],"picked":"SKIP","floor":12},{"not_picked":["theMarked:Parkour","theMarked:ResourceFulStrike","theMarked:TwofoldDefense"],"picked":"theMarked:CreepingChasm","floor":13},{"not_picked":["theMarked:SwordAndMagic","theMarked:Frustration","theMarked:ParalyzingBlade","theMarked:WardOff"],"picked":"SKIP","floor":15},{"not_picked":["theMarked:Aftermath","theMarked:Convert","theMarked:Reabsorb"],"picked":"theMarked:Static","floor":16},{"not_picked":["theMarked:DispelDoubt","theMarked:BindingBlade","theMarked:SoldierForm"],"picked":"theMarked:FavorableWinds","floor":18},{"not_picked":["theMarked:Parkour","theMarked:Panic","theMarked:DeterminationOfTheMarked+1"],"picked":"theMarked:Aftermath","floor":20},{"not_picked":["theMarked:EmpowerWeapon","theMarked:SwordAndMagic","theMarked:TwofoldDefense+1"],"picked":"theMarked:Aftermath","floor":21},{"not_picked":["theMarked:TwofoldDefense+1","theMarked:HeightenedSenses+1","theMarked:WardOff","theMarked:ElectricStrings"],"picked":"SKIP","floor":22},{"not_picked":["theMarked:WardOff","theMarked:SwordAndMagic","theMarked:HeightenedSenses"],"picked":"theMarked:ChainLightning","floor":23},{"not_picked":["theMarked:SwordAndMagic+1","theMarked:Snap","theMarked:TwofoldDefense"],"picked":"theMarked:GodGivenPower","floor":26},{"not_picked":["theMarked:MysticalArsenal","theMarked:EnhanceMovement","theMarked:DeterminationOfTheMarked","theMarked:ElectricStrings"],"picked":"SKIP","floor":29},{"not_picked":["theMarked:MysticalArsenal","theMarked:EnhanceMovement","theMarked:DeterminationOfTheMarked","theMarked:ElectricStrings"],"picked":"SKIP","floor":29}],"player_experience":312063,"relics_obtained":[{"floor":2,"key":"Question Card"},{"floor":7,"key":"Odd Mushroom"},{"floor":8,"key":"Durian"},{"floor":9,"key":"Blue Candle"},{"floor":28,"key":"Meat on the Bone"}],"event_choices":[{"damage_healed":0,"gold_gain":0,"player_choice":"Fought Mushrooms","damage_taken":0,"max_hp_gain":0,"max_hp_loss":0,"event_name":"Mushrooms","floor":7,"gold_loss":0},{"damage_healed":0,"gold_gain":0,"player_choice":"Searched \u00272\u0027 times","damage_taken":0,"max_hp_gain":0,"max_hp_loss":0,"event_name":"Dead Adventurer","floor":8,"gold_loss":0},{"damage_healed":0,"gold_gain":0,"player_choice":"Fight","damage_taken":0,"max_hp_gain":0,"max_hp_loss":0,"event_name":"Colosseum","floor":30,"gold_loss":0}],"is_beta":false,"boss_relics":[{"not_picked":["Ring of Chaos","ChewingGum"],"picked":"Runic Pyramid"}],"items_purged_floors":[],"is_endless":false,"potions_floor_spawned":[1,8,12,15,16,20,23,29],"killed_by":"Colosseum Slavers","ascension_level":0}}