{"host":"kiauivt48syq9iz6","time":1608742006,"event":{"mods":["BaseMod","Conspire","Downfall","Hermit","Minty Spire (QoL Compilation)","Replay The Spire","SIMod","StSLib","The Animator","The Construct","The Cursed","The Runesmith","The Servant 0.9.4"],"gold_per_floor":[99,110,126,126,13,30,57,70,30,30,43,43,43,55,66,166,166,166,178,41,141,161,161,237,222,222,237,237,56,69,127,180,279,279,279,298,350,186,186,186,186,241,315,371,431,456,527,452,510,550],"floor_reached":51,"playtime":4150,"items_purged":["Sickly","Slimebound:Strike_Slimebound"],"score":770,"play_id":"a9bb13d1-5dc2-4493-a186-d7b9b57d3db1","local_time":"20201223094646","is_ascension_mode":false,"campfire_choices":[{"data":"Slimebound:Split","floor":1.0,"key":"SMITH"},{"floor":18.0,"key":"DIG"},{"floor":23.0,"key":"REST"},{"data":"Slimebound:FirmFortitude","floor":26,"key":"SMITH"},{"data":"Slimebound:SpikyOuterGoop","floor":35,"key":"SMITH"},{"data":"Slimebound:SlimeSpikes","floor":40,"key":"SMITH"},{"floor":48,"key":"RECALL"}],"circlet_count":0,"master_deck":["Slimebound:Defend_Slimebound","Slimebound:Defend_Slimebound","Slimebound:Defend_Slimebound","Slimebound:Defend_Slimebound","Slimebound:Split+1","Slimebound:CorrosiveSpit+1","Slimebound:Replication","Slimebound:ProtectTheBoss+1","Slimebound:GoopSpray","Slimebound:Schlurp","Slimebound:Gluttony","Slimebound:LevelUp","Slimebound:Replication","Slimebound:FirmFortitude+1","Slimebound:RejuvenatingLick+1","Slimebound:LivingWall+1","Slimebound:Replication+1","Slimebound:SplitLeeching","Slimebound:SplitAcid+1","Slimebound:SlimeSpikes+1","Slimebound:AcidTongue","Slimebound:AcidTongue","Slimebound:LivingWall","Slimebound:RainOfGoop+1","Slimebound:LivingWall+1","Slimebound:SplitBruiser","Slimebound:SpikyOuterGoop+1","Slimebound:HauntingLick","Slimebound:AcidTongue+1","Slimebound:Prepare+1","Panache","Slimebound:WasteNot","Slimebound:WasteNot","Slimebound:RollThrough+1","Slimebound:SlimeSlap+1","Slimebound:OneTwoCombo+1","Slimebound:ForwardTackle+1","Slimebound:ForwardTackle+1","Slimebound:Equalize+1","Slimebound:DisruptingSlam+1","Slimebound:ViciousTackle+1","Slimebound:Nibble+1","Slimebound:MassFeed+1","Slimebound:ItLooksTasty+1","Slimebound:Chomp+1","Slimebound:FlameTackle+1","Slimebound:GrowthPunch+1","Slimebound:FlameTackle+1","Slimebound:LeechingTouch+1","Slimebound:MegaLick","Slimebound:OozeBath","Slimebound:LevelUp","Parasite","Slimebound:FormOfPuddle+1"],"relics":["Slimebound:AbsorbEndCombat","Blue Doll","Ring of Fangs","Ring of Misfortune","Spirit Poop","Honey Jar","Incense Burner","White Beast Statue","Chameleon Ring","downfall:KnowingSkull","Orrery","Replay:Grab Bag","Runesmith:UraniumAnvil","conspire:SlowCooker","construct:ClawGrip","Runic Pyramid","Molten Egg 2","Medical Kit","conspire:InfiniteJournal","Meat on the Bone","Simple Rune","Ornamental Fan","downfall:HeartBlessingGreen"],"acts_visited":["Exordium","TheCity","TheBeyond"],"potions_floor_usage":[29,32,32,33,36,38,42,44,44,44,47,50],"damage_taken":[{"damage":8.0,"enemies":"Cultist","floor":2.0,"turns":4.0},{"damage":14.0,"enemies":"conspire:RoseBush","floor":3.0,"turns":3.0},{"damage":9.0,"enemies":"downfall:FleeingMerchant","floor":5.0,"turns":4.0},{"damage":15.0,"enemies":"Small Slimes","floor":6.0,"turns":2.0},{"damage":0.0,"enemies":"2 Fungi Beasts","floor":8.0,"turns":2.0},{"damage":14.0,"enemies":"downfall:FleeingMerchant","floor":9.0,"turns":4.0},{"damage":19.0,"enemies":"Gremlin Gang","floor":11.0,"turns":3.0},{"damage":15.0,"enemies":"Blue Slaver","floor":14.0,"turns":4.0},{"damage":41.0,"enemies":"Exordium Thugs","floor":15.0,"turns":5.0},{"damage":48.0,"enemies":"downfall:Watcher","floor":16.0,"turns":11.0},{"damage":60.0,"enemies":"3 Byrds","floor":19.0,"turns":6.0},{"damage":16.0,"enemies":"downfall:FleeingMerchant","floor":20.0,"turns":4.0},{"damage":8.0,"enemies":"downfall:LadyInBlue","floor":21.0,"turns":8.0},{"damage":30.0,"enemies":"Shell Parasite","floor":22.0,"turns":2.0},{"damage":18.0,"enemies":"downfall:FleeingMerchant","floor":25.0,"turns":4.0},{"damage":15,"enemies":"conspire:HollyBat","floor":27,"turns":6},{"damage":28,"enemies":"downfall:FleeingMerchant","floor":29,"turns":4},{"damage":34,"enemies":"Snake Plant","floor":30,"turns":4},{"damage":13,"enemies":"Chosen and Byrds","floor":31,"turns":6},{"damage":13,"enemies":"Snecko","floor":32,"turns":5},{"damage":104,"enemies":"downfall:Silent","floor":33,"turns":9},{"damage":28,"enemies":"3 Darklings","floor":36,"turns":5},{"damage":0,"enemies":"downfall:FleeingMerchant","floor":38,"turns":2},{"damage":5,"enemies":"3 Shapes","floor":42,"turns":4},{"damage":14,"enemies":"Maw","floor":44,"turns":5},{"damage":43,"enemies":"Transient","floor":45,"turns":5},{"damage":34,"enemies":"Nemesis","floor":47,"turns":7},{"damage":10,"enemies":"Writhing Mass","floor":49,"turns":9},{"damage":21,"enemies":"downfall:Defect","floor":50,"turns":10}],"seed_played":"7203104380516729423","potions_obtained":[{"floor":3.0,"key":"Dexterity Potion"},{"floor":6.0,"key":"BlessingOfTheForge"},{"floor":11.0,"key":"Slimebound:SlimyTonguePotion"},{"floor":14.0,"key":"FairyPotion"},{"floor":15.0,"key":"SpeedPotion"},{"floor":21.0,"key":"Death Potion"},{"floor":21.0,"key":"Energy Potion"},{"floor":21.0,"key":"hexamod:EctoCoolerPotion"},{"floor":22.0,"key":"Venom Potion"},{"floor":25,"key":"LiquidBronze"},{"floor":27,"key":"PowerPotion"},{"floor":29,"key":"sneckomod:MuddlingPotion"},{"floor":30,"key":"Swift Potion"},{"floor":31,"key":"Block Potion"},{"floor":32,"key":"conspire:TimeTravelPotion"},{"floor":33,"key":"Block Potion"},{"floor":36,"key":"Explosive Potion"},{"floor":37,"key":"ColorlessPotion"},{"floor":38,"key":"Slimebound:SpawnSlimePotion"},{"floor":42,"key":"PowerPotion"},{"floor":44,"key":"conspire:TimeTravelPotion"},{"floor":45,"key":"CultistPotion"},{"floor":47,"key":"FairyPotion"},{"floor":49,"key":"EssenceOfSteel"}],"is_trial":false,"path_per_floor":["R","M","M","?","$","M","T","M","$","?","M","?","?","M","M","B",null,"R","M","$","?","M","R","T","$","R","M","?","$","M","M","M","B",null,"R","M","?","$","?","R","T","M","?","M","M","T","E","R","M","B",null],"character_chosen":"SLIMEBOUND","items_purchased":["Slimebound:ProtectTheBoss+1","Slimebound:GoopSpray","Slimebound:LevelUp","Slimebound:LivingWall+1","Slimebound:AcidTongue","Orrery","Medical Kit","Panache","Slimebound:ComboTackle+1","Slimebound:WasteNot"],"campfire_rested":1,"item_purchase_floors":[5,5,9,20,29,29,38,38,38,38],"current_hp_per_floor":[66,66,64,64,65,66,66,66,66,66,66,66,66,66,49,43,66,66,46,66,66,43,62,62,59,59,66,60,62,66,66,66,24,66,66,69,52,69,69,69,69,69,69,73,70,70,73,73,76,74],"gold":550,"neow_bonus":"TEN_PERCENT_HP_BONUS","is_daily":false,"chose_seed":false,"campfire_upgraded":4,"win_rate":0.0,"timestamp":1608742006,"path_taken":["R","M","M","?","$","M","T","?","?","?","M","?","?","?","M","BOSS","R","M","$","?","M","R","T","$","R","M","?","?","?","M","M","BOSS","R","M","?","?","?","R","T","M","?","M","?","?","E","R","M","BOSS"],"items_purchased_type":["Card","Card","Card","Card","Card","Relic","Relic","Card","Card","Card"],"build_version":"2020-12-22","purchased_purges":2,"victory":true,"max_hp_per_floor":[66,66,66,66,66,66,66,66,66,66,66,66,66,66,66,66,66,66,66,66,66,66,66,66,66,66,66,66,66,66,66,66,66,66,66,69,69,69,69,69,69,69,69,73,73,73,73,73,76,76],"card_choices":[{"not_picked":["Slimebound:ViciousTackle","Slimebound:Grow"],"picked":"Slimebound:Replication","floor":2.0},{"not_picked":["Slimebound:RollThrough","Slimebound:Replication"],"picked":"Slimebound:ItLooksTasty","floor":3.0},{"not_picked":["Slimebound:SplitAcid","Slimebound:RollThrough"],"picked":"Slimebound:LeechEnergy","floor":5.0},{"not_picked":["Slimebound:GoopSpray","Slimebound:PressTheAttack"],"picked":"Slimebound:Schlurp","floor":6.0},{"not_picked":["Slimebound:PressTheAttack","Slimebound:Replication"],"picked":"Slimebound:DisruptingSlam","floor":8.0},{"not_picked":["Slimebound:SplitAcid","Slimebound:FlameTackle"],"picked":"Slimebound:Gluttony","floor":9.0},{"not_picked":["Slimebound:Repurpose","Slimebound:Schlurp"],"picked":"Slimebound:ViciousTackle","floor":11.0},{"not_picked":["Slimebound:FormOfPuddle","Slimebound:ViciousTackle"],"picked":"Slimebound:Replication","floor":14.0},{"not_picked":["Slimebound:Schlurp","Slimebound:FormOfPuddle"],"picked":"Slimebound:FirmFortitude","floor":15.0},{"not_picked":["Slimebound:PrepareCrush","Slimebound:DuplicatedForm"],"picked":"Slimebound:LeechLife","floor":16.0},{"not_picked":["Slimebound:RollThrough","Slimebound:GrowthPunch","Slimebound:SplitBruiser"],"picked":"Slimebound:RejuvenatingLick+1","floor":19.0},{"not_picked":["Slimebound:PressTheAttack+1","Slimebound:LeechEnergy","Slimebound:SplitMire"],"picked":"Slimebound:RollThrough+1","floor":20.0},{"not_picked":["Slimebound:PressTheAttack+1","Slimebound:RejuvenatingLick","Slimebound:LeechingTouch"],"picked":"Slimebound:Replication+1","floor":21.0},{"not_picked":["Slimebound:RollThrough","Slimebound:RallyTheTroops","Slimebound:FinishingTackle"],"picked":"Slimebound:SplitLeeching","floor":22.0},{"not_picked":["Slimebound:BestDefense","Slimebound:Schlurp","Slimebound:LeadByExample"],"picked":"Slimebound:FlameTackle","floor":25},{"not_picked":["Slimebound:SplitMire+1","Slimebound:SlimeBrawl","Slimebound:LeechingTouch"],"picked":"Slimebound:SplitAcid+1","floor":27},{"not_picked":["Slimebound:Replication","Slimebound:SplitLeeching","Slimebound:ProtectTheBoss+1"],"picked":"Slimebound:SlimeSpikes","floor":29},{"not_picked":["Slimebound:SplitLeeching","Slimebound:WasteNot","Slimebound:Schlurp"],"picked":"Slimebound:LivingWall","floor":29},{"not_picked":["Slimebound:SplitAcid","Slimebound:SlimeBrawl","Slimebound:LevelUp"],"picked":"Slimebound:RainOfGoop+1","floor":29},{"not_picked":["Slimebound:Overexert","Slimebound:Prepare","Slimebound:GrowthPunch"],"picked":"Slimebound:FinishingTackle","floor":29},{"not_picked":["Slimebound:ViciousTackle+1","Slimebound:FirmFortitude","Slimebound:SplitBruiser"],"picked":"Slimebound:LivingWall+1","floor":29},{"not_picked":["Slimebound:PressTheAttack","Slimebound:SplitMire","Slimebound:Schlurp"],"picked":"Slimebound:SplitBruiser","floor":29},{"not_picked":["Slimebound:SplitAcid+1","Slimebound:LeechEnergy","Slimebound:SplitBruiser"],"picked":"Slimebound:SpikyOuterGoop","floor":30},{"not_picked":["Slimebound:TongueLash","Slimebound:Repurpose+1","Slimebound:SplitBruiser+1"],"picked":"Slimebound:HauntingLick","floor":31},{"not_picked":["Slimebound:ItLooksTasty","Slimebound:HauntingLick","Slimebound:Schlurp"],"picked":"Slimebound:AcidTongue+1","floor":32},{"not_picked":["Slimebound:DouseInSlime","Slimebound:RallyTheTroops","Slimebound:WasteNot"],"picked":"Slimebound:MassFeed","floor":33},{"not_picked":["Slimebound:SplitAcid+1","Slimebound:SplitMire+1","Slimebound:SlimeSpikes"],"picked":"Slimebound:TongueLash+1","floor":36},{"not_picked":["Slimebound:GoopSpray","Slimebound:SplitLeeching","Slimebound:SplitAcid+1"],"picked":"Slimebound:Equalize+1","floor":37},{"not_picked":["Slimebound:Gluttony","Slimebound:SplitAcid","Slimebound:FirmFortitude+1"],"picked":"Slimebound:Prepare+1","floor":38},{"not_picked":["Slimebound:SplitLeeching+1","Slimebound:SplitBruiser+1","Slimebound:FlameTackle+1"],"picked":"Slimebound:LeechingTouch+1","floor":42},{"not_picked":["Slimebound:LivingWall","Slimebound:SplitAcid","Slimebound:ComboTackle+1"],"picked":"Slimebound:MegaLick","floor":44},{"not_picked":["Slimebound:SlimeTap+1","Slimebound:ComboTackle+1","Slimebound:Schlurp"],"picked":"Slimebound:OozeBath","floor":45},{"not_picked":["Slimebound:Repurpose","Slimebound:ItLooksTasty+1","Slimebound:SplitBruiser+1"],"picked":"Slimebound:LevelUp","floor":47},{"not_picked":["Slimebound:SamplingLick","Slimebound:GoopSpray","Slimebound:SlimeSpikes"],"picked":"Slimebound:FormOfPuddle+1","floor":49}],"player_experience":20582,"relics_obtained":[{"floor":7.0,"key":"Blue Doll"},{"floor":12.0,"key":"Ring of Fangs"},{"floor":12.0,"key":"Ring of Misfortune"},{"floor":18.0,"key":"Incense Burner"},{"floor":21.0,"key":"White Beast Statue"},{"floor":24.0,"key":"Chameleon Ring"},{"floor":37,"key":"Molten Egg 2"},{"floor":41,"key":"conspire:InfiniteJournal"},{"floor":43,"key":"Meat on the Bone"},{"floor":46,"key":"Simple Rune"},{"floor":47,"key":"Ornamental Fan"}],"event_choices":[{"damage_healed":0.0,"max_hp_gain":0.0,"max_hp_loss":0.0,"gold_gain":0.0,"event_name":"Upgrade Shrine","player_choice":"Upgraded","floor":4.0,"gold_loss":0.0,"damage_taken":0.0,"cards_upgraded":["Slimebound:CorrosiveSpit"]},{"cards_removed":["Regret"],"damage_healed":0.0,"max_hp_gain":0.0,"max_hp_loss":0.0,"gold_gain":0.0,"event_name":"Bonfire Elementals","player_choice":"Offered Curse","floor":13.0,"gold_loss":0.0,"damage_taken":0.0,"relics_obtained":["Spirit Poop"]}],"is_beta":false,"boss_relics":[{"not_picked":["Replay:Wanted Poster","conspire:RunicOctahedron"],"picked":"Honey Jar"},{"not_picked":["Velvet Choker","Replay:Drink Me"],"picked":"Replay:Grab Bag"},{"not_picked":["Replay:Bronze Core","ReplayTheSpireMod:DimensionalGlitch"],"picked":"Runesmith:UraniumAnvil"},{"not_picked":["Painkiller Herb","conspire:SeveredTorchhead"],"picked":"conspire:SlowCooker"},{"not_picked":["Black Star","Empty Cage"],"picked":"construct:ClawGrip"},{"not_picked":["Calling Bell","SlaversCollar"],"picked":"Runic Pyramid"}],"items_purged_floors":[20,38],"is_endless":false,"potions_floor_spawned":[3,6,11,14,15,22,25,27,29,30,31,32,33,36,38,42,44,45,47,49],"ascension_level":0}}