{"host":"ppno391ju7318je5","time":1608746989,"event":{"mods":["AchievementEnabler","BaseMod","DeckTracker","Keyboard Shortcuts","Minty Spire (QoL Compilation)"],"gold_per_floor":[113,388,401,20,38,65,65,65,65,80,98,111,125,141,141,244,244,262,293,305,305,323,340,31,49,117,117,127,155,169,204,204,303,303,315,330,552,572,585,610,660,660,711,761,778,809,446,446,446,446],"floor_reached":51,"playtime":7452,"items_purged":["Regret","Strike_P"],"score":805,"play_id":"2b234de5-a2d5-4733-a6c7-009ba0a676b7","local_time":"20201223190949","is_ascension_mode":false,"campfire_choices":[{"data":"Collect","floor":7.0,"key":"SMITH"},{"data":"Vault","floor":15.0,"key":"SMITH"},{"data":"Perseverance","floor":27.0,"key":"SMITH"},{"data":"ConjureBlade","floor":32.0,"key":"SMITH"},{"data":"Eruption","floor":42,"key":"SMITH"},{"data":"Secret Technique","floor":49,"key":"SMITH"}],"circlet_count":0,"master_deck":["Strike_P","Strike_P","Strike_P+1","Defend_P+1","Defend_P+1","Defend_P","Defend_P","Eruption+1","Vigilance","ConjureBlade+1","Perseverance+1","EmptyBody","Wallop","Finesse","Collect+1","SashWhip+1","Eruption+1","Judgement+1","InnerPeace+1","Vault+1","Collect+1","Protect+1","InnerPeace","DeusExMachina","Adaptation+1","ClearTheMind","SashWhip+1","Wallop+1","Establishment+1","Collect+1","LessonLearned","Protect+1","Crescendo+1","Collect+1","DevaForm+1","LessonLearned","Vault+1","Master of Strategy","Flash of Steel","Enlightenment","Secret Technique+1"],"relics":["PureWater","Frozen Egg 2","Meat on the Bone","Anchor","Runic Pyramid","Red Mask","Membership Card","Eternal Feather","Ornamental Fan","Question Card","Juzu Bracelet","Coffee Dripper","Kunai","Thread and Needle","MealTicket","Ginger","Regal Pillow","Damaru","DollysMirror"],"acts_visited":["TheCity","TheBeyond"],"potions_floor_usage":[41,41,47,50,50],"damage_taken":[{"damage":5.0,"enemies":"Small Slimes","floor":1.0,"turns":4.0},{"damage":4.0,"enemies":"Cultist","floor":3.0,"turns":3.0},{"damage":0.0,"enemies":"2 Louse","floor":5.0,"turns":3.0},{"damage":36.0,"enemies":"Gremlin Nob","floor":6.0,"turns":4.0},{"damage":3.0,"enemies":"Gremlin Gang","floor":10.0,"turns":5.0},{"damage":3.0,"enemies":"Exordium Wildlife","floor":11.0,"turns":3.0},{"damage":2.0,"enemies":"Looter","floor":12.0,"turns":3.0},{"damage":8.0,"enemies":"Exordium Thugs","floor":13.0,"turns":7.0},{"damage":4.0,"enemies":"Blue Slaver","floor":14.0,"turns":3.0},{"damage":29.0,"enemies":"The Guardian","floor":16.0,"turns":11.0},{"damage":0.0,"enemies":"Spheric Guardian","floor":18.0,"turns":2.0},{"damage":25.0,"enemies":"Masked Bandits","floor":19.0,"turns":5.0},{"damage":42.0,"enemies":"Chosen","floor":20.0,"turns":9.0},{"damage":6.0,"enemies":"Snecko","floor":22.0,"turns":7.0},{"damage":12.0,"enemies":"Shelled Parasite and Fungi","floor":23.0,"turns":5.0},{"damage":0.0,"enemies":"Chosen and Byrds","floor":25.0,"turns":9.0},{"damage":12.0,"enemies":"Sentry and Sphere","floor":28.0,"turns":5.0},{"damage":19.0,"enemies":"Slavers","floor":29.0,"turns":8.0},{"damage":0.0,"enemies":"Centurion and Healer","floor":30.0,"turns":7.0},{"damage":32.0,"enemies":"Gremlin Leader","floor":31.0,"turns":9.0},{"damage":31.0,"enemies":"Collector","floor":33.0,"turns":12.0},{"damage":26.0,"enemies":"3 Shapes","floor":35.0,"turns":6.0},{"damage":14.0,"enemies":"3 Darklings","floor":36.0,"turns":6.0},{"damage":5.0,"enemies":"Jaw Worm Horde","floor":38.0,"turns":4.0},{"damage":0.0,"enemies":"Maw","floor":39.0,"turns":10.0},{"damage":1.0,"enemies":"Reptomancer","floor":40.0,"turns":7.0},{"damage":14,"enemies":"2 Orb Walkers","floor":41,"turns":7},{"damage":0,"enemies":"Mind Bloom Boss Battle","floor":44,"turns":7},{"damage":16,"enemies":"4 Shapes","floor":45,"turns":6},{"damage":0,"enemies":"Giant Head","floor":46,"turns":7},{"damage":14,"enemies":"Donu and Deca","floor":50,"turns":11}],"seed_played":"-3706908294955786000","potions_obtained":[{"floor":1.0,"key":"DuplicationPotion"},{"floor":3.0,"key":"SteroidPotion"},{"floor":11.0,"key":"Weak Potion"},{"floor":13.0,"key":"LiquidBronze"},{"floor":14.0,"key":"SpeedPotion"},{"floor":20.0,"key":"Explosive Potion"},{"floor":23.0,"key":"DuplicationPotion"},{"floor":25.0,"key":"Strength Potion"},{"floor":29.0,"key":"EntropicBrew"},{"floor":31.0,"key":"Fire Potion"},{"floor":36.0,"key":"Weak Potion"},{"floor":38.0,"key":"ColorlessPotion"},{"floor":41,"key":"SteroidPotion"},{"floor":45,"key":"Dexterity Potion"}],"is_trial":false,"path_per_floor":["M","?","M","$","M","E","R","?","T","M","M","M","M","M","R","B",null,"M","?","M","?","M","M","$","M","T","R","M","E","M","E","R","B",null,"M","M","?","M","M","E","?","R","T","?","M","E","$","?","R","B",null],"character_chosen":"WATCHER","items_purchased":["Frozen Egg 2","Wallop","Finesse","Membership Card","Eternal Feather","Damaru","DollysMirror","Master of Strategy","Fruit Juice","StancePotion"],"campfire_rested":0,"item_purchase_floors":[4,4,4,24,24,47,47,47,47,47],"current_hp_per_floor":[46,46,42,42,42,6,6,6,6,15,24,34,38,46,46,29,72,72,47,17,17,23,23,23,35,35,50,38,31,43,23,41,22,72,46,44,44,39,39,38,36,57,57,57,41,41,61,51,75,61],"gold":446,"neow_bonus":"THREE_RARE_CARDS","is_daily":false,"chose_seed":false,"campfire_upgraded":6,"win_rate":0.0,"timestamp":1608746989,"path_taken":["M","?","M","$","?","E","R","?","T","M","?","?","M","M","R","BOSS","M","?","M","?","M","M","$","M","T","R","M","E","M","E","R","BOSS","M","M","?","M","M","E","?","R","T","?","M","E","?","?","R","BOSS"],"items_purchased_type":["Relic","Card","Card","Relic","Relic","Relic","Relic","Card","Potion","Potion"],"build_version":"2020-12-22","purchased_purges":2,"victory":true,"max_hp_per_floor":[72,72,72,72,72,72,72,72,72,72,72,72,72,72,72,72,72,72,72,72,72,72,72,72,72,72,72,72,72,72,72,72,72,72,72,72,72,72,72,72,72,72,72,72,72,72,77,77,77,77],"card_choices":[{"not_picked":["Wish","DeusExMachina"],"picked":"ConjureBlade","floor":0.0},{"not_picked":["FearNoEvil","Sanctity"],"picked":"Perseverance","floor":1.0},{"not_picked":["DeceiveReality","Study"],"picked":"EmptyBody","floor":3.0},{"not_picked":["Worship","FlyingSleeves"],"picked":"Collect","floor":5.0},{"not_picked":["PathToVictory","WheelKick"],"picked":"SashWhip","floor":6.0},{"not_picked":["WaveOfTheHand","Nirvana+1"],"picked":"InnerPeace","floor":10.0},{"not_picked":["JustLucky","EmptyMind"],"picked":"Vault","floor":11.0},{"not_picked":["PathToVictory","Prostrate"],"picked":"Collect","floor":12.0},{"not_picked":["EmptyBody","Conclude"],"picked":"Protect","floor":13.0},{"not_picked":["FlurryOfBlows","Indignation"],"picked":"InnerPeace","floor":14.0},{"not_picked":["ConjureBlade","SpiritShield"],"picked":"DeusExMachina","floor":16.0},{"not_picked":["Halt","ForeignInfluence+1"],"picked":"Adaptation+1","floor":18.0},{"not_picked":["ReachHeaven","Consecrate"],"picked":"ClearTheMind","floor":19.0},{"not_picked":["ThirdEye","Perseverance","FlurryOfBlows"],"picked":"SKIP","floor":20.0},{"not_picked":["Alpha","WheelKick"],"picked":"SashWhip+1","floor":22.0},{"not_picked":["WheelKick","Meditate","Protect+1"],"picked":"SKIP","floor":23.0},{"not_picked":["ThirdEye","Consecrate"],"picked":"Wallop+1","floor":25.0},{"not_picked":["ForeignInfluence","InnerPeace","ThirdEye"],"picked":"SKIP","floor":28.0},{"not_picked":["WaveOfTheHand+1","Sanctity"],"picked":"Establishment+1","floor":29.0},{"not_picked":["CutThroughFate","CarveReality+1","Halt+1","InnerPeace"],"picked":"SKIP","floor":30.0},{"not_picked":["Study+1","CrushJoints","ClearTheMind"],"picked":"Collect+1","floor":31.0},{"not_picked":["Omniscience","Vault","Judgement"],"picked":"LessonLearned","floor":33.0},{"not_picked":["WaveOfTheHand","Prostrate+1","ClearTheMind"],"picked":"Protect+1","floor":35.0},{"not_picked":["CrushJoints+1","Nirvana+1","BowlingBash+1"],"picked":"Crescendo+1","floor":36.0},{"not_picked":["DeceiveReality","WheelKick+1","ClearTheMind+1","InnerPeace"],"picked":"SKIP","floor":38.0},{"not_picked":["Consecrate","DeceiveReality","CrushJoints+1"],"picked":"Collect+1","floor":39.0},{"not_picked":["ConjureBlade","JustLucky","Weave+1"],"picked":"DevaForm+1","floor":40.0},{"not_picked":["Prostrate","MentalFortress+1","FlurryOfBlows+1","FollowUp"],"picked":"SKIP","floor":45},{"not_picked":["CutThroughFate+1","WheelKick+1","EmptyFist+1"],"picked":"LessonLearned","floor":46},{"not_picked":["HandOfGreed","Good Instincts","Swift Strike"],"picked":"Flash of Steel","floor":48},{"not_picked":["Violence","Trip","Deep Breath"],"picked":"Enlightenment","floor":48},{"not_picked":["Trip","Good Instincts","Dark Shackles"],"picked":"Secret Technique","floor":48}],"player_experience":81943,"relics_obtained":[{"floor":6.0,"key":"Meat on the Bone"},{"floor":9.0,"key":"Anchor"},{"floor":19.0,"key":"Red Mask"},{"floor":26.0,"key":"Ornamental Fan"},{"floor":29.0,"key":"Question Card"},{"floor":31.0,"key":"Juzu Bracelet"},{"floor":40.0,"key":"Kunai"},{"floor":41,"key":"Thread and Needle"},{"floor":43,"key":"MealTicket"},{"floor":44,"key":"Ginger"},{"floor":46,"key":"Regal Pillow"}],"event_choices":[{"damage_healed":0.0,"max_hp_gain":0.0,"max_hp_loss":0.0,"gold_gain":275.0,"event_name":"Golden Shrine","player_choice":"Desecrate","floor":2.0,"gold_loss":0.0,"damage_taken":0.0,"cards_obtained":["Regret"]},{"damage_healed":0.0,"max_hp_gain":0.0,"max_hp_loss":0.0,"gold_gain":0.0,"event_name":"Match and Keep!","player_choice":"2 cards matched","floor":8.0,"gold_loss":0.0,"damage_taken":0.0,"cards_obtained":["Eruption","Judgement"]},{"damage_healed":0.0,"max_hp_gain":0.0,"max_hp_loss":0.0,"gold_gain":0.0,"event_name":"Masked Bandits","player_choice":"Fought Bandits","floor":19.0,"gold_loss":0.0,"damage_taken":0.0},{"damage_healed":0.0,"max_hp_gain":0.0,"max_hp_loss":0.0,"gold_gain":0.0,"event_name":"Cursed Tome","player_choice":"Ignored","floor":21.0,"gold_loss":0.0,"damage_taken":0.0},{"damage_healed":0.0,"max_hp_gain":0.0,"max_hp_loss":0.0,"gold_gain":222.0,"event_name":"Tomb of Lord Red Mask","player_choice":"Wore Mask","floor":37.0,"gold_loss":0.0,"damage_taken":0.0},{"damage_healed":0,"gold_gain":0,"player_choice":"Fight","damage_taken":0,"max_hp_gain":0,"max_hp_loss":0,"event_name":"Mysterious Sphere","floor":41,"gold_loss":0},{"damage_healed":0,"gold_gain":0,"player_choice":"Fight","damage_taken":0,"max_hp_gain":0,"max_hp_loss":0,"event_name":"MindBloom","floor":44,"gold_loss":0},{"damage_healed":0,"gold_gain":0,"player_choice":"Memory 3","damage_taken":10,"max_hp_gain":0,"max_hp_loss":0,"event_name":"SensoryStone","floor":48,"gold_loss":0}],"is_beta":false,"boss_relics":[{"not_picked":["Tiny House","SacredBark"],"picked":"Runic Pyramid"},{"not_picked":["HolyWater","Runic Dome"],"picked":"Coffee Dripper"}],"items_purged_floors":[24,47],"is_endless":false,"potions_floor_spawned":[1,3,11,13,14,20,23,25,29,31,36,38,41,45],"ascension_level":0}}