{"host":"jpyc2kczef5p02oc","time":1608718652,"event":{"mods":["ATMod(阿瑾Mod)","BaseMod","Friendly Minions","Hubris","Marisa（F雨　魔理沙）","Minty Spire (QoL Compilation)","StSLib","Td1madao Mod","The Servant 0.9.4","【功能Mod】聪明的最终Boss"],"gold_per_floor":[111,111,186,186,205,236,236,266,266,296,313,345,355,369,369,443,443,461,475,475,475,127,127,127],"floor_reached":23,"playtime":977,"items_purged":["Strike_R"],"score":464,"play_id":"cbb5ef35-373f-4436-bc16-49d97b96d76b","local_time":"20201223181732","is_ascension_mode":true,"campfire_choices":[{"floor":7.0,"key":"REST"},{"data":"Bash","floor":15.0,"key":"SMITH"}],"circlet_count":0,"master_deck":["AscendersBane","Strike_R","Strike_R","Strike_R","Strike_R","Defend_R","Defend_R","Defend_R","Defend_R","Bash+1","AT_KneejerkReflex+1","Armaments+1","Headbutt","Heavy Blade","AT_CaressingTears","Shrug It Off","Battle Trance","Brutality+1"],"relics":["Burning Blood","AT_ATBox","Anchor","Pantograph","Mercury Hourglass","Blue Candle","Blood Vial","Cursed Key","AT_SilvercatRing"],"acts_visited":["Exordium","TheCity"],"potions_floor_usage":[23],"damage_taken":[{"damage":10.0,"enemies":"Small Slimes","floor":1.0,"turns":5.0},{"damage":9.0,"enemies":"2 Louse","floor":5.0,"turns":4.0},{"damage":33.0,"enemies":"Gremlin Nob","floor":6.0,"turns":4.0},{"damage":20.0,"enemies":"Lagavulin","floor":8.0,"turns":8.0},{"damage":5.0,"enemies":"3 Sentries","floor":10.0,"turns":5.0},{"damage":0.0,"enemies":"Jaw Worm","floor":11.0,"turns":3.0},{"damage":30.0,"enemies":"Lagavulin","floor":12.0,"turns":6.0},{"damage":13.0,"enemies":"Lots of Slimes","floor":13.0,"turns":4.0},{"damage":8.0,"enemies":"3 Louse","floor":14.0,"turns":3.0},{"damage":18.0,"enemies":"Slime Boss","floor":16.0,"turns":6.0},{"damage":36.0,"enemies":"2 Thieves","floor":18.0,"turns":4.0},{"damage":13.0,"enemies":"Spheric Guardian","floor":19.0,"turns":4.0},{"damage":23,"enemies":"Book of Stabbing","floor":23,"turns":3}],"seed_played":"-5268558878292182097","potions_obtained":[{"floor":5.0,"key":"Regen Potion"},{"floor":6.0,"key":"ColorlessPotion"},{"floor":8.0,"key":"SkillPotion"},{"floor":18.0,"key":"Strength Potion"}],"is_trial":false,"path_per_floor":["M","$","?","?","M","E","R","E","T","E","M","E","M","M","R","B",null,"M","M","?","?","$","E"],"character_chosen":"IRONCLAD","items_purchased":["AT_SilvercatRing"],"campfire_rested":1,"item_purchase_floors":[22],"current_hp_per_floor":[64,64,53,53,50,35,57,43,43,74,75,51,46,46,46,63,72,44,39,18,18,18,0,0],"gold":127,"neow_bonus":"UPGRADE_CARD","is_daily":false,"chose_seed":false,"campfire_upgraded":1,"win_rate":0.0,"timestamp":1608718652,"path_taken":["M","$","?","?","M","E","R","E","T","E","M","E","M","M","R","BOSS","M","M","?","?","$","E"],"items_purchased_type":["Relic"],"build_version":"2020-12-22","purchased_purges":1,"victory":false,"max_hp_per_floor":[75,75,75,75,75,75,75,75,75,75,75,75,75,75,75,75,75,75,75,80,80,80,80,80],"card_choices":[{"not_picked":["Heavy Blade","Shrug It Off"],"picked":"Armaments","floor":1.0},{"not_picked":["Wild Strike","Rampage"],"picked":"Headbutt","floor":5.0},{"not_picked":["Wild Strike","Flex"],"picked":"Heavy Blade","floor":6.0},{"not_picked":["Pommel Strike","Anger"],"picked":"AT_CaressingTears","floor":8.0},{"not_picked":["Combust","hubris:CleavingFinish","Dropkick"],"picked":"SKIP","floor":10.0},{"not_picked":["Clash","Metallicize","Twin Strike"],"picked":"SKIP","floor":11.0},{"not_picked":["Spot Weakness","True Grit"],"picked":"Shrug It Off","floor":12.0},{"not_picked":["Body Slam","Carnage"],"picked":"Battle Trance","floor":13.0},{"not_picked":["Infernal Blade","Headbutt","Searing Blow"],"picked":"SKIP","floor":14.0},{"not_picked":["Fiend Fire","hubris:StunningStrike"],"picked":"Brutality","floor":16.0},{"not_picked":["Clothesline","hubris:ReadiedAction","Body Slam+1"],"picked":"SKIP","floor":18.0},{"not_picked":["Thunderclap","Perfected Strike","Carnage"],"picked":"SKIP","floor":19.0}],"player_experience":261888,"relics_obtained":[{"floor":6.0,"key":"Anchor"},{"floor":8.0,"key":"Pantograph"},{"floor":9.0,"key":"Mercury Hourglass"},{"floor":10.0,"key":"Blue Candle"},{"floor":12.0,"key":"Blood Vial"}],"event_choices":[{"damage_healed":0.0,"max_hp_gain":0.0,"max_hp_loss":0.0,"gold_gain":75.0,"event_name":"World of Goop","player_choice":"Gather Gold","floor":3.0,"gold_loss":0.0,"damage_taken":11.0},{"damage_healed":0.0,"max_hp_gain":0.0,"max_hp_loss":0.0,"gold_gain":0.0,"event_name":"Living Wall","player_choice":"Grow","floor":4.0,"gold_loss":0.0,"damage_taken":0.0,"cards_upgraded":["Armaments"]},{"damage_healed":0.0,"max_hp_gain":5.0,"max_hp_loss":0.0,"gold_gain":0.0,"event_name":"Forgotten Altar","player_choice":"Shed Blood","floor":20.0,"gold_loss":0.0,"damage_taken":26.0},{"damage_healed":0.0,"max_hp_gain":0.0,"max_hp_loss":0.0,"gold_gain":0.0,"event_name":"Ghosts","player_choice":"Ignored","floor":21.0,"gold_loss":0.0,"damage_taken":0.0}],"is_beta":false,"boss_relics":[{"not_picked":["hubris:BlackHole","hubris:Stopwatch"],"picked":"Cursed Key"}],"items_purged_floors":[22],"is_endless":false,"potions_floor_spawned":[5,6,8,14,18],"killed_by":"Book of Stabbing","ascension_level":18}}