{"host":"nb3r5a3er9rrnn3n","time":1608736682,"event":{"mods":["BaseMod","Colored Map","Downfall","Minty Spire (QoL Compilation)","StSLib"],"gold_per_floor":[99,99,99,99,163,163,163,190,1,16,30,55,55,86,98,198,198,198,216,236,254,55,69,69,100,120,154,4,29,29,29,46,46,46,46],"floor_reached":33,"playtime":4376,"items_purged":["Pain"],"score":443,"play_id":"a0c3fd07-9c7d-4af3-be86-a57578f6fe05","local_time":"20201224021802","is_ascension_mode":true,"campfire_choices":[{"data":"hexamod:Float","floor":1,"key":"SMITH"},{"data":"hexamod:GhostOfSpireFuture","floor":13,"key":"SMITH"},{"data":"hexamod:NecessarySacrifice","floor":18,"key":"SMITH"},{"data":"hexamod:BacktrackSmack","floor":28,"key":"SMITH"}],"circlet_count":0,"master_deck":["hexamod:Strike","hexamod:Strike","hexamod:Strike","hexamod:Strike","hexamod:Defend","hexamod:Defend","hexamod:Defend","hexamod:Defend","hexamod:Sear","hexamod:Float+1","hexamod:GhostOfSpireFuture+1","hexamod:NecessarySacrifice+1","hexamod:BacktrackSmack+1","hexamod:ShieldOfDarkness+1","hexamod:Rewind+1","hexamod:FastForward+1","hexamod:AdvancingGuard+1","hexamod:AdvancingGuard+1","hexamod:Hexaguard+1","hexamod:BurningTouch+1","hexamod:TimeOfNeed+1","hexamod:ShieldOfDarkness+1","hexamod:FastForward+1","hexamod:UnlimitedPower+1","hexamod:Haunt+1","hexamod:Haunt+1","hexamod:SwordOfDarkness+1","hexamod:FastForward+1","hexamod:GhostOfSpireFuture","hexamod:NecessarySacrifice+1"],"relics":["hexamod:SpiritBrand","downfall:HeartsMalice","hexamod:BolsterEngine","WarpedTongs","The Courier","Toxic Egg 2","Ancient Tea Set","Eternal Feather","Black Star","Anchor","Oddly Smooth Stone","Bottled Flame","Juzu Bracelet","Question Card","downfall:HeartBlessingGreen","downfall:HeartBlessingBlue","Matryoshka","MealTicket","Bag of Marbles"],"acts_visited":["Exordium","TheCity"],"potions_floor_usage":[11,23,27,33],"damage_taken":[{"damage":0,"enemies":"Jaw Worm","floor":2,"turns":1},{"damage":0,"enemies":"Small Slimes","floor":3,"turns":1},{"damage":0,"enemies":"3 Sentries","floor":5,"turns":1},{"damage":7,"enemies":"Lagavulin","floor":8,"turns":6},{"damage":7,"enemies":"downfall:FleeingMerchant","floor":9,"turns":4},{"damage":0,"enemies":"Cultist","floor":10,"turns":3},{"damage":4,"enemies":"Gremlin Gang","floor":11,"turns":4},{"damage":19,"enemies":"Gremlin Nob","floor":12,"turns":4},{"damage":0,"enemies":"Lagavulin","floor":14,"turns":6},{"damage":0,"enemies":"2 Fungi Beasts","floor":15,"turns":3},{"damage":23,"enemies":"downfall:Defect","floor":16,"turns":8},{"damage":0,"enemies":"Chosen","floor":19,"turns":3},{"damage":0,"enemies":"3 Byrds","floor":20,"turns":6},{"damage":3,"enemies":"Sentry and Sphere","floor":21,"turns":8},{"damage":0,"enemies":"downfall:FleeingMerchant","floor":22,"turns":4},{"damage":0,"enemies":"3 Cultists","floor":23,"turns":5},{"damage":13,"enemies":"Book of Stabbing","floor":25,"turns":6},{"damage":0,"enemies":"Centurion and Healer","floor":26,"turns":5},{"damage":47,"enemies":"Gremlin Leader","floor":27,"turns":8},{"damage":0,"enemies":"Book of Stabbing","floor":29,"turns":6},{"damage":0,"enemies":"Snake Plant","floor":32,"turns":3},{"damage":17,"enemies":"downfall:Silent","floor":33,"turns":7}],"seed_played":"-5488857912283068888","potions_obtained":[{"floor":5,"key":"SkillPotion"},{"floor":8,"key":"Guardian:BlockOnCardUsePotion"},{"floor":10,"key":"Strength Potion"},{"floor":16,"key":"FearPotion"},{"floor":21,"key":"Fire Potion"},{"floor":23,"key":"hexamod:EctoCoolerPotion"},{"floor":32,"key":"Fire Potion"}],"is_trial":false,"path_per_floor":["R","M","M","?","?","?","T","E","$","M","M","E","R","E","M","B",null,"R","M","M","M","$","M","T","E","M","E","R","E","?","?","M","B"],"character_chosen":"THE_SPIRIT","items_purchased":["hexamod:FastForward+1","hexamod:AdvancingGuard+1","hexamod:AdvancingGuard+1","hexamod:Haunt+1","Anchor"],"campfire_rested":0,"item_purchase_floors":[9,9,9,22,22],"current_hp_per_floor":[70,70,70,70,70,70,70,63,56,56,52,33,33,33,33,10,70,70,70,70,67,67,67,67,54,54,7,32,32,17,17,17,0,0,0],"gold":46,"neow_bonus":"THREE_ENEMY_KILL","is_daily":false,"chose_seed":false,"campfire_upgraded":4,"win_rate":0.0,"timestamp":1608736682,"path_taken":["R","M","M","?","?","?","T","E","$","M","M","E","R","E","M","BOSS","R","M","M","?","$","M","T","E","?","E","R","E","?","?","M","BOSS"],"items_purchased_type":["Card","Card","Card","Card","Relic"],"build_version":"2020-12-22","purchased_purges":1,"victory":false,"max_hp_per_floor":[70,70,70,70,70,70,70,70,70,70,70,70,70,70,70,70,70,70,70,70,70,70,70,70,70,70,70,80,80,85,85,85,85,85,85],"card_choices":[{"not_picked":["hexamod:StepThrough","hexamod:SkipABeat"],"picked":"hexamod:GhostOfSpireFuture","floor":2},{"not_picked":["hexamod:PhantomFireball","hexamod:Firestarter"],"picked":"hexamod:NecessarySacrifice","floor":3},{"not_picked":["hexamod:Incineration","hexamod:Firestarter"],"picked":"hexamod:BacktrackSmack","floor":5},{"not_picked":["hexamod:BacktrackSmack","hexamod:RainOfEmbers"],"picked":"hexamod:ShieldOfDarkness+1","floor":8},{"not_picked":["hexamod:HauntingEcho","hexamod:HeatShield+1"],"picked":"hexamod:Rewind+1","floor":9},{"not_picked":["hexamod:GhostLash","hexamod:SwordOfDarkness","hexamod:SuperheatedStrike"],"picked":"SKIP","floor":10},{"not_picked":["hexamod:SpectersWail","hexamod:GhostShield+1","hexamod:SuperheatedStrike"],"picked":"SKIP","floor":11},{"not_picked":["hexamod:ThermalTransfer","hexamod:WildfireWeapon"],"picked":"hexamod:Hexaguard+1","floor":12},{"not_picked":["hexamod:GhostShield+1","hexamod:ApocalypticArmor"],"picked":"hexamod:BurningTouch+1","floor":14},{"not_picked":["hexamod:SwordOfDarkness","hexamod:Incineration","hexamod:NightmareStrike"],"picked":"SKIP","floor":15},{"not_picked":["hexamod:ParanormalForm","hexamod:ApocalypseNow+1"],"picked":"hexamod:TimeOfNeed+1","floor":16},{"not_picked":["hexamod:Firestarter","hexamod:SecondSeal"],"picked":"hexamod:ShieldOfDarkness+1","floor":19},{"not_picked":["hexamod:GhostShield+1","hexamod:InspiringFlames+1","hexamod:BacktrackSmack+1"],"picked":"SKIP","floor":20},{"not_picked":["hexamod:SpectersWail","hexamod:BurningTouch+1"],"picked":"hexamod:FastForward+1","floor":21},{"not_picked":["hexamod:StepThrough","hexamod:AdvancingGuard+1"],"picked":"hexamod:UnlimitedPower+1","floor":22},{"not_picked":["hexamod:FastForward+1","hexamod:Firestarter+1"],"picked":"hexamod:Haunt+1","floor":23},{"not_picked":["hexamod:InspiringFlames+1","hexamod:RainOfEmbers","hexamod:ShieldOfDarkness+1"],"picked":"SKIP","floor":25},{"not_picked":["hexamod:NightmareGuise+1","hexamod:InspiringFlames+1"],"picked":"hexamod:SwordOfDarkness+1","floor":26},{"not_picked":["hexamod:Firestarter+1","hexamod:CrushingStance"],"picked":"hexamod:FastForward+1","floor":27},{"not_picked":["hexamod:GhostLash","hexamod:FirstSeal","hexamod:Firestarter"],"picked":"hexamod:GhostOfSpireFuture","floor":29},{"not_picked":["hexamod:PowerFromBeyond+1","hexamod:DynamicBlow","hexamod:Again+1"],"picked":"hexamod:NecessarySacrifice+1","floor":32}],"player_experience":1886365,"relics_obtained":[{"floor":5,"key":"hexamod:BolsterEngine"},{"floor":7,"key":"The Courier"},{"floor":8,"key":"Toxic Egg 2"},{"floor":12,"key":"Ancient Tea Set"},{"floor":14,"key":"Eternal Feather"},{"floor":25,"key":"Oddly Smooth Stone"},{"floor":25,"key":"Bottled Flame"},{"floor":27,"key":"Juzu Bracelet"},{"floor":27,"key":"Question Card"},{"floor":29,"key":"Matryoshka"},{"floor":29,"key":"MealTicket"}],"event_choices":[{"damage_healed":0,"gold_gain":0,"player_choice":"Rummage","damage_taken":0,"relics_obtained":["WarpedTongs"],"max_hp_gain":0,"max_hp_loss":0,"event_name":"Accursed Blacksmith","floor":6,"gold_loss":0,"cards_obtained":["Pain"]}],"is_beta":false,"boss_relics":[{"not_picked":["hexamod:IceCube","Snecko Eye"],"picked":"Black Star"}],"items_purged_floors":[9],"is_endless":false,"potions_floor_spawned":[5,8,10,16,20,21,23,26,32],"killed_by":"downfall:Silent","ascension_level":1}}