{"host":"j204k34h42bd6fas","time":1608688906,"event":{"mods":["Aspiration","BaseMod","Colored Map","Colored Powertips","Conspire","Hubris","Infinite Spire","Mimic Mod","Minty Spire (QoL Compilation)","Rare Cards Sparkle","Relic Stats","Replay The Spire","Say the Spire","StSLib","The Cursed"],"gold_per_floor":[112,112,124,124,124,124,124,124,177,177,40,59,89,104,104,208,208,224,275,34,34,34,34,46,46,46,72,90,90,90,103,103,201,201,219,103,103,119,119,145,158,158,158,0,17,28,46,95,95,95],"floor_reached":51,"playtime":1437,"items_purged":["Shame"],"score":927,"play_id":"be2b10e9-36d6-41a9-898f-47209a4552aa","local_time":"20201222210146","is_ascension_mode":true,"campfire_choices":[{"data":"Beam Cell","floor":6,"key":"SMITH"},{"data":"Prepared","floor":8,"key":"SMITH"},{"data":"ReplayTheSpireMod:Scrap Shanks","floor":15,"key":"SMITH"},{"data":"Panache","floor":23,"key":"SMITH"},{"data":"ReplayTheSpireMod:Scrap Shanks","floor":25,"key":"SMITH"},{"floor":30,"key":"REST"},{"data":"ReplayTheSpireMod:Scrap Shanks","floor":32,"key":"SMITH"},{"data":"Envenom","floor":42,"key":"SMITH"},{"data":"After Image","floor":49,"key":"SMITH"}],"circlet_count":0,"master_deck":["conspire:GhostlyStrike+1","conspire:GhostlyStrike","conspire:GhostlyStrike","conspire:GhostlyStrike","conspire:GhostlyStrike+1","conspire:GhostlyDefend","conspire:GhostlyDefend","conspire:GhostlyDefend","conspire:GhostlyDefend","conspire:GhostlyDefend","Prepared+1","ReplayTheSpireMod:Scrap Shanks+1","Leap","Beam Cell+1","Injury","Tactician+1","ReplayTheSpireMod:Scrap Shanks+1","Acrobatics+1","Blade Dance+1","Prepared+1","Replay:Bag of Tricks+1","Underhanded Strike+1","Underhanded Strike+1","ReplayTheSpireMod:Scrap Shanks+1","Panache+1","PiercingWail+1","Acrobatics+1","Replay:Bootleg Shield Generator+1","Bandage Up+1","infinitespire:Starlight+1","hubris:Rewind+1","Outmaneuver+1","Envenom+1","Footwork","Blade Dance+1","Prepared+1","PanicButton+1","Dagger Spray+1","Parasite","After Image+1","Riddle With Holes+1"],"relics":["Burning Blood","infinitespire:Golems Mask","hubris:Towel","infinitespire:Cubic Diamond","Whetstone","Toxic Egg 2","Mercury Hourglass","aspiration:SecretTechniqueScroll","Molten Egg 2","Vajra","Replay:Wax Seal","Pen Nib","ReplayTheSpireMod:ShopPack","WristBlade","conspire:DeflatedDodgeball","infinitespire:Lucky Rock","Red Mask","Replay:Rubber Ducky"],"acts_visited":["Exordium","TheCity","TheBeyond"],"potions_floor_usage":[46,50],"damage_taken":[{"damage":4,"enemies":"2 Louse","floor":1,"turns":4},{"damage":1,"enemies":"Small Slimes","floor":3,"turns":4},{"damage":0,"enemies":"Jaw Worm","floor":12,"turns":3},{"damage":21,"enemies":"Lagavulin","floor":13,"turns":4},{"damage":0,"enemies":"3 Louse","floor":14,"turns":2},{"damage":11,"enemies":"Hexaghost","floor":16,"turns":5},{"damage":7,"enemies":"3 Byrds","floor":18,"turns":3},{"damage":11,"enemies":"Spheric Guardian","floor":24,"turns":3},{"damage":16,"enemies":"conspire:SneckoGhost","floor":27,"turns":2},{"damage":28,"enemies":"Shelled Parasite and Fungi","floor":28,"turns":4},{"damage":0,"enemies":"Centurion and Healer","floor":31,"turns":3},{"damage":31,"enemies":"Automaton","floor":33,"turns":4},{"damage":11,"enemies":"Orb Walker","floor":35,"turns":2},{"damage":0,"enemies":"3 Shapes","floor":38,"turns":2},{"damage":2,"enemies":"Giant Head","floor":40,"turns":4},{"damage":9,"enemies":"Jaw Worm Horde","floor":41,"turns":3},{"damage":10,"enemies":"Maw","floor":45,"turns":5},{"damage":9,"enemies":"Writhing Mass","floor":46,"turns":4},{"damage":25,"enemies":"Jaw Worm Horde","floor":47,"turns":3},{"damage":32,"enemies":"Awakened One","floor":50,"turns":5}],"seed_played":"1347191377935613293","potions_obtained":[{"floor":3,"key":"DuplicationPotion"},{"floor":12,"key":"Explosive Potion"},{"floor":13,"key":"SpeedPotion"},{"floor":24,"key":"GhostInAJar"},{"floor":38,"key":"SteroidPotion"},{"floor":40,"key":"FairyPotion"}],"is_trial":false,"path_per_floor":["M","?","M","?","?","R","?","R","T","?","$","M","E","M","R","B",null,"M","?","$","?","$","R","M","R","T","E","M","AVR","R","M","R","B",null,"M","$","?","M","?","E","M","R","T","?","M","M","M","T","R","B",null],"character_chosen":"THE_SILENT","items_purchased":["Tactician+1","ReplayTheSpireMod:Scrap Shanks","ReplayTheSpireMod:Scrap Shanks","Panache","Footwork","Blade Dance+1"],"campfire_rested":1,"item_purchase_floors":[11,11,20,20,36,36],"current_hp_per_floor":[45,45,44,44,44,44,44,44,44,44,44,50,35,41,41,36,70,69,52,52,52,52,52,47,47,47,37,15,15,36,57,57,53,70,65,65,65,70,70,70,67,67,67,67,66,69,50,50,50,45],"gold":95,"neow_bonus":"ONE_RARE_RELIC","is_daily":false,"chose_seed":false,"campfire_upgraded":8,"win_rate":0.0,"timestamp":1608688906,"path_taken":["M","?","M","?","?","R","?","R","T","?","?","M","E","M","R","BOSS","M","?","$","?","$","R","M","R","T","E","M","AVR","R","M","R","BOSS","M","$","?","M","?","E","M","R","T","?","?","M","M","?","R","BOSS"],"items_purchased_type":["Card","Card","Card","Card","Card","Card"],"build_version":"2020-12-13","purchased_purges":1,"victory":true,"max_hp_per_floor":[70,70,70,70,70,70,70,70,70,70,70,70,70,70,70,70,70,70,70,70,70,70,70,70,70,70,70,70,70,70,70,70,70,70,70,70,70,70,70,70,70,70,70,70,70,70,70,70,70,70],"relic_stats":{"counters":[20,69],"Pen Nib":[18],"Whetstone":["conspire:GhostlyStrike","conspire:GhostlyStrike"],"obtain_stats":[{"Vajra":21,"infinitespire:Cubic Diamond":7,"Pen Nib":27,"Whetstone":9,"aspiration:SecretTechniqueScroll":17,"infinitespire:Lucky Rock":43,"hubris:Towel":2,"Burning Blood":7,"Mercury Hourglass":13,"Replay:Rubber Ducky":48,"WristBlade":34,"infinitespire:Golems Mask":0,"Molten Egg 2":19,"Red Mask":44,"Toxic Egg 2":10,"Replay:Wax Seal":26,"conspire:DeflatedDodgeball":40,"Ring of the Snake":0,"ReplayTheSpireMod:ShopPack":29},{"Vajra":7,"infinitespire:Cubic Diamond":2,"Pen Nib":9,"Whetstone":2,"aspiration:SecretTechniqueScroll":6,"infinitespire:Lucky Rock":16,"hubris:Towel":1,"Burning Blood":2,"Mercury Hourglass":4,"Replay:Rubber Ducky":19,"WristBlade":12,"infinitespire:Golems Mask":0,"Molten Egg 2":7,"Red Mask":16,"Toxic Egg 2":2,"Replay:Wax Seal":8,"conspire:DeflatedDodgeball":15,"Ring of the Snake":0,"ReplayTheSpireMod:ShopPack":10},{"Vajra":25,"infinitespire:Cubic Diamond":8,"Pen Nib":30,"Whetstone":8,"aspiration:SecretTechniqueScroll":22,"infinitespire:Lucky Rock":52,"hubris:Towel":4,"Burning Blood":8,"Mercury Hourglass":15,"Replay:Rubber Ducky":64,"WristBlade":41,"infinitespire:Golems Mask":0,"Molten Egg 2":25,"Red Mask":52,"Toxic Egg 2":8,"Replay:Wax Seal":28,"conspire:DeflatedDodgeball":49,"Ring of the Snake":0,"ReplayTheSpireMod:ShopPack":34}],"Burning Blood":101,"Mercury Hourglass":[203]},"card_choices":[{"not_picked":["Underhanded Strike","PiercingWail"],"picked":"Prepared","floor":1},{"not_picked":["Noxious Fumes","Backflip"],"picked":"ReplayTheSpireMod:Scrap Shanks","floor":3},{"not_picked":["Masterful Stab","Sucker Punch"],"picked":"Acrobatics+1","floor":12},{"not_picked":["Dagger Spray","Catalyst+1"],"picked":"Blade Dance+1","floor":13},{"not_picked":["Dodge and Roll+1","ReplayTheSpireMod:The Works+1"],"picked":"Prepared+1","floor":14},{"not_picked":["aspiration:Lunge","Storm of Steel+1"],"picked":"Replay:Bag of Tricks+1","floor":16},{"not_picked":["ReplayTheSpireMod:Tripwire+1","Masterful Stab"],"picked":"Underhanded Strike+1","floor":18},{"not_picked":["PiercingWail+1","hubris:SlightOfHand+1"],"picked":"Underhanded Strike+1","floor":19},{"not_picked":["Quick Slash+1","Underhanded Strike+1","ReplayTheSpireMod:Exploit Weakness+1"],"picked":"SKIP","floor":24},{"not_picked":["Catalyst+1","ReplayTheSpireMod:The Works+1"],"picked":"PiercingWail+1","floor":27},{"not_picked":["Deflect+1","Flying Knee+1"],"picked":"Acrobatics+1","floor":28},{"not_picked":["ReplayTheSpireMod:Necrogeddon","Purity"],"picked":"Replay:Bootleg Shield Generator","floor":29},{"not_picked":["PanicButton","Apotheosis"],"picked":"Bandage Up","floor":29},{"not_picked":["Deadly Poison+1","Hidden Blade+1"],"picked":"Outmaneuver+1","floor":31},{"not_picked":["Poison Darts+1","Venomology+1"],"picked":"Envenom","floor":33},{"not_picked":["Backflip+1","Blur+1","Outmaneuver+1"],"picked":"SKIP","floor":35},{"not_picked":["Dagger Throw+1","Bane+1"],"picked":"Prepared+1","floor":38},{"not_picked":["Replay:Sssssssssstrike+1","Purity+1"],"picked":"PanicButton+1","floor":39},{"not_picked":["Blade Dance+1","Replay:Poison Smokescreen+1","Toxin Wave+1"],"picked":"SKIP","floor":40},{"not_picked":["Blade Dance+1","Sneak Up+1"],"picked":"Dagger Spray+1","floor":41},{"not_picked":["Dagger Throw+1","Cloak And Dagger+1","Bane+1"],"picked":"SKIP","floor":45},{"not_picked":["Deflect+1","ReplayTheSpireMod:Tripwire+1"],"picked":"After Image","floor":46},{"not_picked":["Catalyst+1","Dagger Throw+1"],"picked":"Riddle With Holes+1","floor":47}],"player_experience":282538,"relics_obtained":[{"floor":9,"key":"Whetstone"},{"floor":13,"key":"Mercury Hourglass"},{"floor":19,"key":"Molten Egg 2"},{"floor":26,"key":"Replay:Wax Seal"},{"floor":27,"key":"Pen Nib"},{"floor":40,"key":"conspire:DeflatedDodgeball"},{"floor":43,"key":"infinitespire:Lucky Rock"},{"floor":48,"key":"Replay:Rubber Ducky"}],"event_choices":[{"damage_healed":0,"gold_gain":0,"player_choice":"Agree","damage_taken":0,"max_hp_gain":0,"max_hp_loss":0,"event_name":"conspire:LoneGhost","floor":5,"gold_loss":0},{"damage_healed":0,"gold_gain":0,"player_choice":"Stole Relic","damage_taken":0,"relics_obtained":["Vajra"],"max_hp_gain":0,"max_hp_loss":0,"event_name":"Addict","floor":21,"gold_loss":0,"cards_obtained":["Shame"]},{"damage_healed":0,"gold_gain":0,"player_choice":"Memory 1","damage_taken":0,"max_hp_gain":0,"max_hp_loss":0,"event_name":"SensoryStone","floor":39,"gold_loss":0},{"damage_healed":0,"gold_gain":0,"player_choice":"Paid","damage_taken":0,"relics_obtained":["Red Mask"],"max_hp_gain":0,"max_hp_loss":0,"event_name":"Tomb of Lord Red Mask","floor":44,"gold_loss":158}],"is_beta":false,"boss_relics":[{"not_picked":["Replay:Drink Me","Velvet Choker"],"picked":"aspiration:SecretTechniqueScroll"},{"not_picked":["ReplayTheSpireMod:DimensionalGlitch","Replay:Grab Bag"],"picked":"WristBlade"}],"items_purged_floors":[29],"is_endless":false,"potions_floor_spawned":[3,12,13,24,27,28,31,38,40,45],"ascension_level":4}}