{"host":"258i9hh742n85m0z","time":1608698469,"event":{"mods":["Act Like it!","Aspiration","BaseMod","CapriCore","Challenge The Spire","Conspire","Decade(王小明)","Friendly Minions","Gensokyo","Hermit","HololiveMod","KinomotoSakuraMod(木之本樱)","Koishi","LagranYue(拉格朗・月)","Minty Spire (QoL Compilation)","Prisma Mod","Quick Restart","Reimu（博丽灵梦）","Relic Stats","Remilia（蕾米莉亚）","Replay The Spire","RumiaBox-露米娅的神秘盒子","Spicy Shops","StSLib","The Alterego","The Animator","The Bladedancer","The Bug Knight","The Cursed","The Gatherer","The Hierophant","The Immortal","The Poker Player","The Runesmith","The Senshi","The Servant 0.9.4","WarShipGirlsR/战舰少女R mod","Yohane!","Youmu（魂魄妖梦）","Yuri Mod","Yuyuko","【东方二次创作】八云紫mod","【遗物卡牌】REMEMod"],"gold_per_floor":[521,293,341,395,446,446,145,145,189,237,285,285,285,285,315,433,485,536],"floor_reached":19,"playtime":1816,"items_purged":["Injury","Writhe"],"score":693,"play_id":"b1c63783-ef38-45e1-9068-76aef06beb9c","local_time":"20201223124109","daily_mods":["challengethespire:Silver Difficulty","challengethespire:Elite Rush","Uncertain Future"],"is_ascension_mode":true,"campfire_choices":[{"data":"Hololive_DDD","floor":8,"key":"SMITH"},{"floor":14,"key":"REST"}],"circlet_count":0,"master_deck":["AscendersBane","Hololive_Strike","Hololive_Strike","Hololive_Defend","Hololive_Defend","Hololive_OvertimeWork","Hololive_CallSakuraMiko+1","Hololive_CallHoushouMarine+1","Hololive_CallShiroganeNoel","Hololive_CallMinatoAqua","Hololive_CallAiraniIofifteen","Hololive_CallHoshimachiSuisei","Hololive_CallKiryuuCoco","Hololive_DDD+1","Hololive_CallShirakamiFubuki","Hololive_CallFriendA","Hololive_CallAmaneKanata","Hololive_AquaMarineCombinationOption","Hololive_CallAkaiHaato","Hololive_CallUsadaPekora","Hololive_Thief","Hololive_CallMurasakiShion"],"relics":["Hololive_TheStar","Black Star","Sling","PreservedInsect","REME_ComplimentaryCards","LagranYue:RandomDrawCardRelic","Art of War","MagicDraw3","Runesmith:AutoHammer","ReplayTheSpireMod:CursedCoin","Boot","Guide Book","Tea:ReiMu","Replay:Accelerometer","Blue Doll","Replay:PocketPolymizer","Lantern","Dead Branch","conspire:RoyalGoblet","aspiration:Nostalgia","KSMOD_SealedWand","REME_PuzzleBoxRelic","Ice Cream","Bottled Flame","RuthlessExorcism:ReiMu","Regal Pillow","SumBook","Divine Protection","SoulBox","Centennial Puzzle","Mastiff:ReiMu","CaptainsWheel","Oddly Smooth Stone","Gremlin Food","Replay:Rubber Ducky","ScarletDevilRocket","Replay:Kaleidoscope"],"acts_visited":["Exordium"],"potions_floor_usage":[],"damage_taken":[{"damage":0,"enemies":"Lagavulin","floor":3,"turns":3},{"damage":0,"enemies":"3 Sentries","floor":4,"turns":5},{"damage":0,"enemies":"Gremlin Nob","floor":5,"turns":3},{"damage":8,"enemies":"Gremlin Leader","floor":9,"turns":2},{"damage":0,"enemies":"Book of Stabbing","floor":10,"turns":3},{"damage":21,"enemies":"Slavers","floor":11,"turns":4},{"damage":0,"enemies":"Reptomancer","floor":15,"turns":3},{"damage":0,"enemies":"Nemesis","floor":16,"turns":5},{"damage":0,"enemies":"Giant Head","floor":17,"turns":5},{"damage":0,"enemies":"Shield and Spear","floor":18,"turns":5}],"seed_played":"1228495322363667465","potions_obtained":[{"floor":3,"key":"LiquidBronze"},{"floor":15,"key":"Elixir"},{"floor":16,"key":"MagicPotion:ReiMu"},{"floor":17,"key":"Languid Potion"}],"is_trial":true,"path_per_floor":["$","$","E","E","E","T","$","R","E","E","E","T","R","R","E","E","E","E",null],"character_chosen":"Hololive_HololiveCharacter","items_purchased":["Art of War","MagicDraw3","Runesmith:AutoHammer","ReplayTheSpireMod:CursedCoin","Boot","Guide Book","aspiration:Nostalgia","REME_PuzzleBoxRelic"],"campfire_rested":1,"item_purchase_floors":[1,1,1,2,2,2,7,7],"current_hp_per_floor":[32,32,32,32,32,32,32,32,24,24,3,3,3,28,28,28,30,30],"gold":536,"neow_bonus":"","is_daily":false,"chose_seed":false,"campfire_upgraded":1,"win_rate":0.0,"timestamp":1608698469,"path_taken":["$","$","E","E","E","T","$","R","E","E","E","T","R","R","E","E","E","E"],"items_purchased_type":["Relic","Relic","Relic","Relic","Relic","Relic","Relic","Relic"],"build_version":"2020-12-13","purchased_purges":2,"victory":true,"max_hp_per_floor":[35,35,35,35,35,35,35,35,35,35,35,35,35,35,35,35,35,35],"relic_stats":{"Regal Pillow":15,"Centennial Puzzle":[0],"counters":[10,38],"Dead Branch":[21],"PreservedInsect":533,"Black Star":10,"Art of War":[13],"Boot":[121],"obtain_stats":[{"Ice Cream":9,"Replay:Accelerometer":3,"Divine Protection":11,"Lantern":5,"Regal Pillow":10,"Replay:PocketPolymizer":4,"ScarletDevilRocket":18,"LagranYue:RandomDrawCardRelic":0,"conspire:RoyalGoblet":6,"Tea:ReiMu":3,"Blue Doll":4,"SoulBox":12,"Sling":0,"MagicDraw3":1,"Boot":2,"Replay:Rubber Ducky":17,"Centennial Puzzle":15,"Mastiff:ReiMu":15,"KSMOD_SealedWand":7,"SumBook":11,"Gremlin Food":17,"ReplayTheSpireMod:CursedCoin":2,"aspiration:Nostalgia":7,"Guide Book":2,"Dead Branch":5,"Oddly Smooth Stone":16,"PreservedInsect":0,"Replay:Kaleidoscope":18,"Bottled Flame":9,"CaptainsWheel":16,"Hololive_TheStar":0,"Black Star":0,"Art of War":1,"Runesmith:AutoHammer":1,"REME_PuzzleBoxRelic":7,"REME_ComplimentaryCards":0,"RuthlessExorcism:ReiMu":10},{"Ice Cream":4,"Replay:Accelerometer":1,"Divine Protection":6,"Lantern":3,"Regal Pillow":5,"Replay:PocketPolymizer":2,"ScarletDevilRocket":10,"LagranYue:RandomDrawCardRelic":0,"conspire:RoyalGoblet":3,"Tea:ReiMu":1,"Blue Doll":2,"SoulBox":6,"Sling":0,"MagicDraw3":0,"Boot":0,"Replay:Rubber Ducky":9,"Centennial Puzzle":7,"Mastiff:ReiMu":7,"KSMOD_SealedWand":3,"SumBook":6,"Gremlin Food":9,"ReplayTheSpireMod:CursedCoin":0,"aspiration:Nostalgia":3,"Guide Book":0,"Dead Branch":3,"Oddly Smooth Stone":8,"PreservedInsect":0,"Replay:Kaleidoscope":10,"Bottled Flame":4,"CaptainsWheel":8,"Hololive_TheStar":0,"Black Star":0,"Art of War":0,"Runesmith:AutoHammer":0,"REME_PuzzleBoxRelic":3,"REME_ComplimentaryCards":0,"RuthlessExorcism:ReiMu":5},{"Ice Cream":13,"Replay:Accelerometer":3,"Divine Protection":20,"Lantern":11,"Regal Pillow":16,"Replay:PocketPolymizer":8,"ScarletDevilRocket":38,"LagranYue:RandomDrawCardRelic":0,"conspire:RoyalGoblet":11,"Tea:ReiMu":3,"Blue Doll":8,"SoulBox":20,"Sling":0,"MagicDraw3":0,"Boot":0,"Replay:Rubber Ducky":33,"Centennial Puzzle":23,"Mastiff:ReiMu":23,"KSMOD_SealedWand":11,"SumBook":20,"Gremlin Food":33,"ReplayTheSpireMod:CursedCoin":0,"aspiration:Nostalgia":11,"Guide Book":0,"Dead Branch":11,"Oddly Smooth Stone":28,"PreservedInsect":0,"Replay:Kaleidoscope":38,"Bottled Flame":13,"CaptainsWheel":28,"Hololive_TheStar":0,"Black Star":0,"Art of War":0,"Runesmith:AutoHammer":0,"REME_PuzzleBoxRelic":11,"REME_ComplimentaryCards":0,"RuthlessExorcism:ReiMu":16}]},"card_choices":[],"player_experience":146548,"relics_obtained":[{"floor":3,"key":"Tea:ReiMu"},{"floor":3,"key":"Replay:Accelerometer"},{"floor":4,"key":"Blue Doll"},{"floor":4,"key":"Replay:PocketPolymizer"},{"floor":5,"key":"Lantern"},{"floor":5,"key":"Dead Branch"},{"floor":9,"key":"Ice Cream"},{"floor":9,"key":"Bottled Flame"},{"floor":10,"key":"RuthlessExorcism:ReiMu"},{"floor":10,"key":"Regal Pillow"},{"floor":11,"key":"SumBook"},{"floor":11,"key":"Divine Protection"},{"floor":15,"key":"Centennial Puzzle"},{"floor":15,"key":"Mastiff:ReiMu"},{"floor":16,"key":"CaptainsWheel"},{"floor":16,"key":"Oddly Smooth Stone"},{"floor":17,"key":"Gremlin Food"},{"floor":17,"key":"Replay:Rubber Ducky"},{"floor":18,"key":"ScarletDevilRocket"},{"floor":18,"key":"Replay:Kaleidoscope"}],"event_choices":[],"is_beta":false,"boss_relics":[{"not_picked":["Cursed Key","Replay:Bronze Core"],"picked":"conspire:RoyalGoblet"},{"not_picked":["Replay:Wanted Poster","Sozu"],"picked":"SoulBox"}],"items_purged_floors":[2,7],"is_endless":false,"potions_floor_spawned":[3,15,16,17],"ascension_level":10}}