{"host":"3jjxuhjpio8e4zkv","time":1608698673,"event":{"mods":["BaseMod","Colored Map","Minty Spire (QoL Compilation)","Permanent Neow","Relic Stats","StSLib"],"gold_per_floor":[217,236,5,5,61,61,90,90,167,202,202,221,221,250,250,390,390,409,429,429,429,37,37,65,65,136,586,298,298,310,329,329,430,430,442,442,442,178,193,226,246,275,298,298,298,333,333,345,345,345,345,345,39,71,71],"floor_reached":56,"playtime":2632,"items_purged":["Strike_G","Setup","Crippling Poison","Blade Dance"],"score":1634,"play_id":"38970ac4-2a72-4f90-83d1-d8a97a9a13c8","local_time":"20201222234433","is_ascension_mode":true,"campfire_choices":[{"data":"Masterful Stab","floor":6.0,"key":"SMITH"},{"data":"Cloak And Dagger","floor":8.0,"key":"SMITH"},{"data":"Footwork","floor":11.0,"key":"SMITH"},{"data":"Dash","floor":13.0,"key":"SMITH"},{"data":"Neutralize","floor":15.0,"key":"SMITH"},{"data":"Corpse Explosion","floor":23.0,"key":"SMITH"},{"data":"Finisher","floor":25.0,"key":"SMITH"},{"data":"Well Laid Plans","floor":29.0,"key":"SMITH"},{"data":"Burst","floor":32.0,"key":"SMITH"},{"floor":44.0,"key":"RECALL"},{"data":"Phantasmal Killer","floor":47.0,"key":"SMITH"},{"data":"A Thousand Cuts","floor":49.0,"key":"SMITH"},{"data":"Caltrops","floor":52.0,"key":"SMITH"}],"circlet_count":0,"master_deck":["Survivor","Neutralize+1","Masterful Stab+1","Dash+1","Cloak And Dagger+1","Phantasmal Killer+1","Footwork+1","Dodge and Roll","Burst+1","Skewer","Caltrops+1","Grand Finale","Backstab","Expertise","Blade Dance+1","Footwork","Corpse Explosion+1","Finisher+1","Secret Weapon+1","Well Laid Plans+1","Backflip+1","Doppelganger+1","Bane+1","Trip+1","Violence+1","PanicButton+1","Infinite Blades","Acrobatics+1","Deflect+1","Expertise+1","A Thousand Cuts+1","Accuracy+1","Catalyst+1","PiercingWail+1","Backflip+1"],"relics":["Ring of the Snake","Toolbox","Mummified Hand","Sundial","Meat on the Bone","Snake Skull","Pandora\u0027s Box","Membership Card","Toxic Egg 2","Strawberry","TwistedFunnel","Coffee Dripper","Bag of Marbles","Ginger","MealTicket","Juzu Bracelet","Toy Ornithopter","Anchor","Paper Crane","Oddly Smooth Stone","FossilizedHelix"],"acts_visited":["Exordium","TheCity","TheBeyond","TheEnding"],"potions_floor_usage":[55,55,55],"damage_taken":[{"damage":6.0,"enemies":"Jaw Worm","floor":1.0,"turns":7.0},{"damage":0.0,"enemies":"Small Slimes","floor":2.0,"turns":4.0},{"damage":8.0,"enemies":"Lagavulin","floor":7.0,"turns":9.0},{"damage":9.0,"enemies":"3 Sentries","floor":10.0,"turns":8.0},{"damage":0.0,"enemies":"2 Louse","floor":12.0,"turns":2.0},{"damage":0.0,"enemies":"Gremlin Nob","floor":14.0,"turns":4.0},{"damage":6.0,"enemies":"Slime Boss","floor":16.0,"turns":10.0},{"damage":0.0,"enemies":"Shell Parasite","floor":18.0,"turns":3.0},{"damage":0.0,"enemies":"Spheric Guardian","floor":19.0,"turns":3.0},{"damage":9.0,"enemies":"Gremlin Leader","floor":24.0,"turns":5.0},{"damage":0.0,"enemies":"Snake Plant","floor":30.0,"turns":2.0},{"damage":0.0,"enemies":"Sentry and Sphere","floor":31.0,"turns":1.0},{"damage":0.0,"enemies":"Automaton","floor":33.0,"turns":2.0},{"damage":1.0,"enemies":"3 Shapes","floor":35.0,"turns":4.0},{"damage":0.0,"enemies":"3 Darklings","floor":39.0,"turns":1.0},{"damage":0.0,"enemies":"Reptomancer","floor":40.0,"turns":3.0},{"damage":29.0,"enemies":"Writhing Mass","floor":41.0,"turns":3.0},{"damage":0.0,"enemies":"Giant Head","floor":42.0,"turns":4.0},{"damage":0.0,"enemies":"Nemesis","floor":46.0,"turns":5.0},{"damage":3.0,"enemies":"4 Shapes","floor":48.0,"turns":2.0},{"damage":48.0,"enemies":"Time Eater","floor":50.0,"turns":8.0},{"damage":0.0,"enemies":"Shield and Spear","floor":54.0,"turns":4.0},{"damage":42,"enemies":"The Heart","floor":55,"turns":6}],"seed_played":"1665233302344869972","potions_obtained":[{"floor":7.0,"key":"Regen Potion"},{"floor":10.0,"key":"Regen Potion"},{"floor":12.0,"key":"BlessingOfTheForge"},{"floor":14.0,"key":"Explosive Potion"},{"floor":24.0,"key":"Regen Potion"},{"floor":30.0,"key":"Ancient Potion"},{"floor":31.0,"key":"LiquidMemories"},{"floor":35.0,"key":"LiquidBronze"},{"floor":39.0,"key":"Strength Potion"}],"is_trial":false,"path_per_floor":["M","M","$","?","?","R","E","R","T","E","R","M","R","E","R","B",null,"M","M","?","?","$","R","E","R","T","?","$","R","M","M","R","B",null,"M","?","?","$","M","E","M","E","T","R","?","E","R","M","R","B",null,"R","$","E","B",null],"character_chosen":"THE_SILENT","items_purchased":["Toolbox","Membership Card","Corpse Explosion","Toxic Egg 2","Secret Weapon+1","TwistedFunnel","Well Laid Plans","Strength Potion","Bag of Marbles","Infinite Blades","Acrobatics+1","Ginger","Paper Crane","Backflip+1","Oddly Smooth Stone"],"campfire_rested":0,"item_purchase_floors":[3,22,22,22,28,28,28,28,38,38,38,38,53,53,53],"current_hp_per_floor":[64,64,64,64,64,64,56,56,56,62,62,62,62,62,62,56,70,70,70,70,57,57,57,55,55,55,9,9,9,40,52,52,52,82,81,81,71,71,71,71,42,42,42,42,42,42,42,51,51,15,82,82,82,82,52],"gold":71,"neow_bonus":"HUNDRED_GOLD","is_daily":false,"chose_seed":false,"campfire_upgraded":12,"win_rate":0.0,"timestamp":1608698673,"path_taken":["M","M","$","?","?","R","E","R","T","E","R","M","R","E","R","BOSS","M","M","?","?","?","R","E","R","T","?","$","R","M","?","R","BOSS","M","?","?","$","M","E","M","E","T","R","?","E","R","M","R","BOSS","R","$","E","BOSS"],"items_purchased_type":["Relic","Relic","Card","Relic","Card","Relic","Card","Potion","Relic","Card","Card","Relic","Relic","Card","Relic"],"build_version":"2020-12-13","purchased_purges":4,"victory":true,"max_hp_per_floor":[70,70,70,70,70,70,70,70,70,70,70,70,70,70,70,70,70,70,70,70,75,75,75,82,82,82,82,82,82,82,82,82,82,82,82,82,82,82,82,82,82,82,82,82,82,82,82,82,82,82,82,82,82,82,82],"relic_stats":{"counters":[23,100],"Mummified Hand":[73],"Sundial":[10],"Pandora\u0027s Box":["Setup","Blade Dance","Skewer","Caltrops","Grand Finale","Crippling Poison","Backstab","Expertise"],"MealTicket":0,"Snake Skull":[40],"Juzu Bracelet":0,"Ginger":[5],"obtain_stats":[{"TwistedFunnel":28,"Oddly Smooth Stone":53,"Snake Skull":14,"Juzu Bracelet":42,"Ginger":38,"Paper Crane":53,"Anchor":46,"Mummified Hand":7,"Sundial":9,"Strawberry":24,"Toolbox":3,"Pandora\u0027s Box":17,"MealTicket":40,"Coffee Dripper":34,"Bag of Marbles":38,"Membership Card":22,"Toxic Egg 2":22,"Toy Ornithopter":43,"FossilizedHelix":54,"Ring of the Snake":0,"Meat on the Bone":10},{"TwistedFunnel":10,"Oddly Smooth Stone":21,"Snake Skull":6,"Juzu Bracelet":18,"Ginger":14,"Paper Crane":21,"Anchor":19,"Mummified Hand":3,"Sundial":3,"Strawberry":10,"Toolbox":2,"Pandora\u0027s Box":7,"MealTicket":16,"Coffee Dripper":13,"Bag of Marbles":14,"Membership Card":9,"Toxic Egg 2":9,"Toy Ornithopter":18,"FossilizedHelix":22,"Ring of the Snake":0,"Meat on the Bone":4},{"TwistedFunnel":55,"Oddly Smooth Stone":90,"Snake Skull":34,"Juzu Bracelet":75,"Ginger":64,"Paper Crane":90,"Anchor":80,"Mummified Hand":20,"Sundial":20,"Strawberry":55,"Toolbox":11,"Pandora\u0027s Box":44,"MealTicket":68,"Coffee Dripper":60,"Bag of Marbles":64,"Membership Card":50,"Toxic Egg 2":50,"Toy Ornithopter":75,"FossilizedHelix":94,"Ring of the Snake":0,"Meat on the Bone":28}],"Toy Ornithopter":0,"Ring of the Snake":[46],"Meat on the Bone":60},"card_choices":[{"not_picked":["Outmaneuver","Blade Dance"],"picked":"Masterful Stab","floor":1.0},{"not_picked":["Bane","Quick Slash"],"picked":"Dash","floor":2.0},{"not_picked":["Bane","Dagger Spray"],"picked":"Phantasmal Killer","floor":7.0},{"not_picked":["Flying Knee","Heel Hook"],"picked":"Footwork","floor":10.0},{"not_picked":["Flying Knee","Deadly Poison","Tactician"],"picked":"SKIP","floor":12.0},{"not_picked":["Setup","Escape Plan"],"picked":"Dodge and Roll","floor":14.0},{"not_picked":["Tools of the Trade","Glass Knife"],"picked":"Burst","floor":16.0},{"not_picked":["Deadly Poison","Outmaneuver+1"],"picked":"Sucker Punch+1","floor":18.0},{"not_picked":["Outmaneuver","Distraction"],"picked":"Blade Dance+1","floor":19.0},{"not_picked":["Blade Dance+1","Slice+1"],"picked":"Finisher","floor":24.0},{"not_picked":["Slice","Bane","Choke"],"picked":"SKIP","floor":30.0},{"not_picked":["Sucker Punch","Die Die Die"],"picked":"Backflip+1","floor":31.0},{"not_picked":["Grand Finale","Die Die Die"],"picked":"Doppelganger+1","floor":33.0},{"not_picked":["Blade Dance+1","Poisoned Stab+1"],"picked":"Bane+1","floor":35.0},{"not_picked":["Impatience+1","Metamorphosis+1"],"picked":"Trip+1","floor":37.0},{"not_picked":["Dramatic Entrance","Enlightenment+1"],"picked":"Violence+1","floor":37.0},{"not_picked":["Madness+1","Purity+1"],"picked":"PanicButton+1","floor":37.0},{"not_picked":["Outmaneuver+1","Bane"],"picked":"Deflect+1","floor":39.0},{"not_picked":["Deflect+1","Dodge and Roll+1"],"picked":"Expertise+1","floor":40.0},{"not_picked":["Backflip+1","Masterful Stab"],"picked":"A Thousand Cuts","floor":41.0},{"not_picked":["Predator+1","Terror+1"],"picked":"Accuracy+1","floor":42.0},{"not_picked":["Dagger Spray+1","Cloak And Dagger+1"],"picked":"Catalyst+1","floor":46.0},{"not_picked":["Quick Slash+1","Backflip+1"],"picked":"PiercingWail+1","floor":48.0},{"not_picked":["Endless Agony","Blade Dance+1","Underhanded Strike+1"],"picked":"SKIP","floor":54.0}],"player_experience":1100686,"relics_obtained":[{"floor":7.0,"key":"Mummified Hand"},{"floor":9.0,"key":"Sundial"},{"floor":10.0,"key":"Meat on the Bone"},{"floor":14.0,"key":"Snake Skull"},{"floor":24.0,"key":"Strawberry"},{"floor":40.0,"key":"MealTicket"},{"floor":42.0,"key":"Juzu Bracelet"},{"floor":43.0,"key":"Toy Ornithopter"},{"floor":46.0,"key":"Anchor"},{"floor":54.0,"key":"FossilizedHelix"}],"event_choices":[{"damage_healed":0.0,"max_hp_gain":0.0,"max_hp_loss":0.0,"gold_gain":0.0,"cards_transformed":["Strike_G"],"event_name":"Living Wall","player_choice":"Change","floor":4.0,"gold_loss":0.0,"damage_taken":0.0,"cards_obtained":["Cloak And Dagger"]},{"damage_healed":0.0,"max_hp_gain":0.0,"max_hp_loss":0.0,"gold_gain":56.0,"event_name":"Golden Wing","player_choice":"Gained Gold","floor":5.0,"gold_loss":0.0,"damage_taken":0.0},{"damage_healed":0.0,"max_hp_gain":0.0,"max_hp_loss":0.0,"gold_gain":0.0,"event_name":"The Library","player_choice":"Read","floor":20.0,"gold_loss":0.0,"damage_taken":0.0,"cards_obtained":["Footwork"]},{"damage_healed":0.0,"max_hp_gain":5.0,"max_hp_loss":0.0,"gold_gain":0.0,"event_name":"Forgotten Altar","player_choice":"Shed Blood","floor":21.0,"gold_loss":0.0,"damage_taken":18.0},{"damage_healed":0.0,"max_hp_gain":0.0,"max_hp_loss":0.0,"gold_gain":450.0,"event_name":"Knowing Skull","player_choice":"GOLD GOLD GOLD GOLD GOLD ","floor":27.0,"potions_obtained":[],"gold_loss":0.0,"damage_taken":46.0,"cards_obtained":[]},{"cards_removed":["Sucker Punch"],"damage_healed":0.0,"max_hp_gain":0.0,"max_hp_loss":0.0,"gold_gain":0.0,"event_name":"Falling","player_choice":"Removed Attack","floor":36.0,"gold_loss":0.0,"damage_taken":0.0},{"damage_healed":0.0,"max_hp_gain":0.0,"max_hp_loss":0.0,"gold_gain":0.0,"event_name":"SensoryStone","player_choice":"Memory 3","floor":37.0,"gold_loss":0.0,"damage_taken":10.0},{"damage_healed":0.0,"max_hp_gain":0.0,"max_hp_loss":0.0,"gold_gain":0.0,"event_name":"Tomb of Lord Red Mask","player_choice":"Ignored","floor":45.0,"gold_loss":0.0,"damage_taken":0.0}],"is_beta":false,"boss_relics":[{"not_picked":["SlaversCollar","Tiny House"],"picked":"Pandora\u0027s Box"},{"not_picked":["Calling Bell","Velvet Choker"],"picked":"Coffee Dripper"}],"items_purged_floors":[3,22,28,53],"is_endless":false,"potions_floor_spawned":[7,10,12,14,24,30,31,35,39,42,48],"ascension_level":2}}