{"host":"adv1uqz3812gqgbw","time":1608697499,"event":{"mods":["BaseMod","Better Note","Better Third Choice","Colored Powertips","Custom Start","Dio Mod","GifTheSpireLib","Hermit","Minty Spire (QoL Compilation)","Robot Space Explorer","StSLib","The Runesmith","Transform Curses","Uncapped"],"gold_per_floor":[99,99,99,99,99,99,99,99,99,99,99,99],"floor_reached":11,"playtime":1269,"items_purged":[],"score":420,"play_id":"b07ce542-d642-44bf-961f-f34b65d04ad8","local_time":"20201223022459","daily_mods":["Time Dilation","Flight","DeadlyEvents","Elite Swarm","Lethality"],"is_ascension_mode":true,"campfire_choices":[{"data":"1","floor":7,"key":"LIFT"},{"data":"2","floor":8,"key":"LIFT"},{"data":"3","floor":10,"key":"LIFT"}],"circlet_count":0,"master_deck":["dioMod:TheWalk+1","dioMod:TheWalk+1","dioMod:TheWalk+1","hermit:Covet+1","hermit:Covet+1","Runesmith:Refine+1","Runesmith:Refine+1","Miracle+1","Miracle+1","Consecrate+1","Adrenaline+1","Adrenaline+1","Double Energy+1","Double Energy+1","Double Energy+1"],"relics":["Runesmith:BrokenRuby","Mark of Pain","Bag of Preparation","Bottled Flame","Bottled Lightning","Vajra","Shovel","Sozu","Frozen Eye","Fusion Hammer","WristBlade","Ring of the Snake","Runic Pyramid","Runic Dome","Ginger","Ice Cream","Girya","Ectoplasm","Anchor","Ancient Tea Set","Bag of Marbles","Runesmith:Nanobots","Mango","Lee\u0027s Waffle","Strawberry","Singing Bowl","Shuriken","SlaversCollar","Philosopher\u0027s Stone","Cursed Key","Pear","Turnip","TungstenRod","Torii","Potion Belt","Omamori","Pen Nib","Paper Frog","Brimstone","Busted Crown","Runesmith:AutoHammer","Happy Flower","FossilizedHelix","RobotSpaceExplorer:FoglandsKnife","HornCleat","CaptainsWheel","Blue Candle","Du-Vu Doll","InkBottle","Self Forming Clay","Lantern","Kunai","Meat on the Bone","Medical Kit","Chemical X","PureWater","RobotSpaceExplorer:RoboCore","Coffee Dripper","Gremlin Horn","Sundial","Black Star","Art of War","Nuclear Battery","Cracked Core","PreservedInsect","Runesmith:EmergencyProvisions","Ornamental Fan","White Beast Statue"],"acts_visited":["Exordium"],"potions_floor_usage":[],"damage_taken":[{"damage":0,"enemies":"2 Louse","floor":1,"turns":1},{"damage":0,"enemies":"Small Slimes","floor":2,"turns":1},{"damage":0,"enemies":"Jaw Worm","floor":3,"turns":1},{"damage":0,"enemies":"Lots of Slimes","floor":4,"turns":1},{"damage":0,"enemies":"Blue Slaver","floor":5,"turns":1},{"damage":0,"enemies":"3 Sentries","floor":6,"turns":1},{"damage":0,"enemies":"Lagavulin","floor":11,"turns":1}],"seed_played":"7237973240152356329","potions_obtained":[],"is_trial":true,"path_per_floor":["M","M","M","M","M","E","R","R","T","R","E"],"character_chosen":"RUNESMITH_CLASS","items_purchased":[],"campfire_rested":0,"item_purchase_floors":[],"current_hp_per_floor":[106,108,110,112,114,116,116,116,116,116,118,118],"gold":99,"neow_bonus":"","is_daily":false,"chose_seed":false,"campfire_upgraded":0,"win_rate":0.0,"timestamp":1608697499,"path_taken":["M","M","M","M","M","E","R","R","T","R","E"],"items_purchased_type":[],"build_version":"2020-12-13","purchased_purges":0,"victory":false,"max_hp_per_floor":[106,108,110,112,114,116,116,116,116,116,118,118],"card_choices":[{"not_picked":["Runesmith:MakeshiftArmor"],"picked":"Singing Bowl","floor":1},{"not_picked":["Runesmith:Repurpose"],"picked":"Singing Bowl","floor":2},{"not_picked":["Runesmith:ChargedHammer"],"picked":"Singing Bowl","floor":3},{"not_picked":["Runesmith:HammerThrow"],"picked":"Singing Bowl","floor":4},{"not_picked":["Runesmith:PerfectChisel"],"picked":"Singing Bowl","floor":5},{"not_picked":["Runesmith:CraftMedicinae"],"picked":"Singing Bowl","floor":6},{"not_picked":["Runesmith:Supernova"],"picked":"Singing Bowl","floor":11}],"player_experience":312521,"relics_obtained":[{"floor":6,"key":"PreservedInsect"},{"floor":6,"key":"Runesmith:EmergencyProvisions"},{"floor":11,"key":"Ornamental Fan"},{"floor":11,"key":"White Beast Statue"}],"event_choices":[],"is_beta":false,"boss_relics":[],"items_purged_floors":[],"is_endless":false,"potions_floor_spawned":[2,4,5,6],"killed_by":"Lagavulin","ascension_level":20}}