{"host":"xhamcave7q47vrco","time":1608709398,"event":{"mods":["ATMod(°¢èªMod)","AchievementEnabler","BaseMod","BetterRewards","Card Forge","Colored Powertips","Minty Spire (QoL Compilation)","Permanent Neow","Quick Restart","Remove Card Discount Mod","Shop Mod","StSLib","¡¾ÒÅÎï¿¨ÅÆ¡¿REMEMod"],"gold_per_floor":[109,36,72,134,309,359,359,463,463,506,506,54,107,201,201,323,323,359,204,204,204,294,294,347,390,467,467,576,576,576,576],"floor_reached":30,"playtime":1437,"items_purged":["Strike_R","Defend_R","Doubt","Defend_R","Strike_R","Strike_R"],"score":429,"play_id":"e42ba66a-c038-4cb0-913f-99f57e2d28e7","local_time":"20201223154318","is_ascension_mode":true,"campfire_choices":[{"data":"Heavy Blade","floor":11,"key":"SMITH"},{"data":"Limit Break","floor":15,"key":"SMITH"},{"data":"Heavy Blade","floor":23,"key":"SMITH"},{"data":"AT_CaressingTears","floor":27,"key":"SMITH"}],"circlet_count":0,"master_deck":["Panacea+1","Master of Strategy","Shockwave+1","Berserk+1","AT_ShrugMaster+1","Heavy Blade+1","ThroughViolence","Heavy Blade+1","AT_IchimonjiDouble+1","Flex+1","Limit Break+1","AT_CaressingTears+1"],"relics":["Burning Blood","Hammer of Thor","Seething Fire","Anvil of the Gods","REME_ComplimentaryCards","AT_ATBox","AT_MibuBalloonWealth","Pocketwatch","AT_ArcaneBoots","Matryoshka","REME_CardOfGreed","AT_BellDemon","Black Star","ClockworkSouvenir","Paper Frog","REME_HourglassOfDeath","REME_PuzzleBoxRelic","Singing Bowl","Lantern","AT_ChloranthyRing","Molten Egg 2","Pantograph"],"acts_visited":["Exordium","TheCity"],"potions_floor_usage":[],"damage_taken":[{"damage":9.0,"enemies":"2 Louse","floor":1.0,"turns":3.0},{"damage":0.0,"enemies":"Cultist","floor":3.0,"turns":2.0},{"damage":0.0,"enemies":"Small Slimes","floor":4.0,"turns":2.0},{"damage":7.0,"enemies":"Lagavulin","floor":6.0,"turns":5.0},{"damage":12,"enemies":"3 Sentries","floor":8,"turns":5},{"damage":1,"enemies":"Looter","floor":10,"turns":4},{"damage":10,"enemies":"Gremlin Nob","floor":13,"turns":3},{"damage":22,"enemies":"3 Louse","floor":14,"turns":7},{"damage":7,"enemies":"Hexaghost","floor":16,"turns":5},{"damage":18,"enemies":"Chosen","floor":18,"turns":3},{"damage":3,"enemies":"3 Byrds","floor":22,"turns":4},{"damage":10,"enemies":"Book of Stabbing","floor":24,"turns":2},{"damage":18,"enemies":"Snake Plant","floor":25,"turns":2},{"damage":23,"enemies":"Slavers","floor":28,"turns":3}],"seed_played":"6315461716224221736","potions_obtained":[{"floor":8,"key":"SkillPotion"},{"floor":10,"key":"GamblersBrew"},{"floor":22,"key":"SpeedPotion"},{"floor":25,"key":"Strength Potion"}],"is_trial":false,"path_per_floor":["M","?","M","M","?","E","?","E","T","M","R","$","E","M","R","B",null,"M","$","?","?","M","R","E","M","T","R","E","T","R"],"character_chosen":"IRONCLAD","items_purchased":["Matryoshka","REME_CardOfGreed","Flex","ClockworkSouvenir"],"campfire_rested":0,"item_purchase_floors":[12,12,12,19],"current_hp_per_floor":[69,69,75,80,80,79,79,73,73,78,78,78,74,58,58,57,74,62,62,62,62,65,65,61,49,49,49,38,38,38,38],"gold":576,"neow_bonus":"UPGRADE_CARD","is_daily":false,"chose_seed":false,"campfire_upgraded":4,"win_rate":0.0,"timestamp":1608709398,"path_taken":["M","?","M","?","?","E","?","E","T","M","R","$","E","M","R","BOSS","M","$","?","?","M","R","E","M","T","R","E","?","R"],"items_purchased_type":["Relic","Relic","Card","Relic"],"build_version":"2020-12-22","purchased_purges":6,"victory":false,"max_hp_per_floor":[80,80,80,80,80,80,80,80,80,80,80,80,80,80,80,80,80,80,80,80,80,80,80,80,80,80,80,82,82,82,82],"card_choices":[{"not_picked":["Thunderclap","REME_Scribble"],"picked":"Heavy Blade","floor":1.0},{"not_picked":["Havoc","Shockwave"],"picked":"Heavy Blade","floor":3.0},{"not_picked":["Searing Blow","Shrug It Off"],"picked":"AT_IchimonjiDouble","floor":4.0},{"not_picked":["Clothesline","Twin Strike","Hemokinesis"],"picked":"SKIP","floor":6.0},{"not_picked":["Perfected Strike","Clash","AT_BodySlamDance"],"picked":"SKIP","floor":8},{"not_picked":["Perfected Strike","Clash","AT_BodySlamDance"],"picked":"SKIP","floor":8},{"not_picked":["Sword Boomerang","Dropkick","Infernal Blade"],"picked":"SKIP","floor":10},{"not_picked":["Sentinel","Shrug It Off"],"picked":"Limit Break","floor":13},{"not_picked":["Cleave","Thunderclap","Perfected Strike"],"picked":"SKIP","floor":14},{"not_picked":["Armaments","REME_Cut","Sword Boomerang"],"picked":"SKIP","floor":18},{"not_picked":["Clash+1","AT_GerminateFire","Twin Strike"],"picked":"SKIP","floor":22},{"not_picked":["Pommel Strike","Cleave","Intimidate+1"],"picked":"SKIP","floor":24},{"not_picked":["Bloodletting+1","Iron Wave","Fire Breathing"],"picked":"SKIP","floor":25},{"not_picked":["Seeing Red+1","REME_Cut","Flex"],"picked":"Singing Bowl","floor":28}],"player_experience":56900,"relics_obtained":[{"floor":6.0,"key":"Pocketwatch"},{"floor":8,"key":"AT_SpeedBoots"},{"floor":13,"key":"AT_BellDemon"},{"floor":24,"key":"Paper Frog"},{"floor":24,"key":"REME_HourglassOfDeath"},{"floor":26,"key":"REME_PuzzleBoxRelic"},{"floor":26,"key":"Singing Bowl"},{"floor":28,"key":"Lantern"},{"floor":28,"key":"AT_ChloranthyRing"},{"floor":29,"key":"Molten Egg 2"},{"floor":29,"key":"Pantograph"}],"event_choices":[{"damage_healed":0.0,"max_hp_gain":0.0,"max_hp_loss":0.0,"gold_gain":0.0,"event_name":"WeMeetAgain","player_choice":"Paid Gold","floor":2.0,"gold_loss":73.0,"damage_taken":0.0,"relics_obtained":["AT_MibuBalloonWealth"]},{"damage_healed":0.0,"max_hp_gain":0.0,"max_hp_loss":0.0,"gold_gain":175.0,"event_name":"Liars Game","player_choice":"AGREE","floor":5.0,"gold_loss":0.0,"damage_taken":0.0,"cards_obtained":["Doubt"]},{"damage_healed":0.0,"max_hp_gain":0.0,"max_hp_loss":0.0,"gold_gain":0.0,"event_name":"The Cleric","player_choice":"Leave","floor":7.0,"gold_loss":0.0,"damage_taken":0.0},{"damage_healed":0,"gold_gain":0,"player_choice":"Ignored","damage_taken":0,"max_hp_gain":0,"max_hp_loss":0,"event_name":"Ghosts","floor":20,"gold_loss":0},{"damage_healed":0,"gold_gain":0,"player_choice":"Read","damage_taken":0,"max_hp_gain":0,"max_hp_loss":0,"event_name":"The Library","floor":21,"gold_loss":0,"cards_obtained":["AT_CaressingTears"]}],"is_beta":false,"boss_relics":[{"not_picked":["Empty Cage","AT_MortalBlade"],"picked":"Black Star"}],"items_purged_floors":[12,12,19,19,19,19],"is_endless":false,"potions_floor_spawned":[8,10,22,25],"ascension_level":6}}