{"host":"dcj2yvrgcvh5dl2s","time":1608694604,"event":{"mods":["BaseMod","Better Note","Block Reminder","Colored Powertips","DeckTracker","Minty Spire (QoL Compilation)","Quick Restart","Rare Cards Sparkle","Relic Stats","StSLib"],"gold_per_floor":[115,115,129,148,163,188,206,206,206],"floor_reached":8,"playtime":250,"items_purged":[],"score":99,"play_id":"985737b3-febd-4ce1-a46d-f7a254214103","local_time":"20201223133644","is_ascension_mode":true,"campfire_choices":[],"circlet_count":0,"master_deck":["AscendersBane","Strike_R","Strike_R","Strike_R","Strike_R","Strike_R","Defend_R","Defend_R","Defend_R","Defend_R","Bash","Uppercut","True Grit","Pummel","Heavy Blade","Thunderclap"],"relics":["Burning Blood","Champion Belt","Boot"],"acts_visited":[],"potions_floor_usage":[6],"damage_taken":[{"damage":4,"enemies":"Cultist","floor":1,"turns":3},{"damage":5,"enemies":"Small Slimes","floor":3,"turns":3},{"damage":0,"enemies":"2 Louse","floor":4,"turns":2},{"damage":38,"enemies":"Exordium Thugs","floor":5,"turns":5},{"damage":63,"enemies":"3 Sentries","floor":6,"turns":11},{"damage":3,"enemies":"Looter","floor":7,"turns":3},{"damage":20,"enemies":"Gremlin Nob","floor":8,"turns":3}],"seed_played":"8708155180374258273","potions_obtained":[{"floor":5,"key":"BloodPotion"},{"floor":7,"key":"FearPotion"}],"is_trial":false,"path_per_floor":["M","?","M","M","M","E","M","E"],"character_chosen":"IRONCLAD","items_purchased":[],"campfire_rested":0,"item_purchase_floors":[],"current_hp_per_floor":[74,74,75,80,48,7,10,0,0],"gold":206,"neow_bonus":"ONE_RARE_RELIC","is_daily":false,"chose_seed":false,"campfire_upgraded":0,"win_rate":0.0,"timestamp":1608694604,"path_taken":["M","?","M","M","M","E","M","E"],"items_purchased_type":[],"build_version":"2020-12-13","purchased_purges":0,"victory":false,"max_hp_per_floor":[80,80,80,80,80,80,80,80,80],"relic_stats":{"counters":[7,30],"Champion Belt":[13],"Boot":[20],"obtain_stats":[{"Champion Belt":0,"Boot":6,"Burning Blood":0},{"Champion Belt":0,"Boot":5,"Burning Blood":0},{"Champion Belt":0,"Boot":24,"Burning Blood":0}],"Burning Blood":35},"card_choices":[{"not_picked":["True Grit","Entrench"],"picked":"Uppercut","floor":1},{"not_picked":["Rampage","Anger"],"picked":"True Grit","floor":3},{"not_picked":["Cleave","Inflame"],"picked":"Pummel","floor":4},{"not_picked":["Ghostly Armor","True Grit","Clash"],"picked":"SKIP","floor":5},{"not_picked":["Thunderclap","Intimidate"],"picked":"Heavy Blade","floor":6},{"not_picked":["Dual Wield","Armaments"],"picked":"Thunderclap","floor":7}],"player_experience":2010765,"relics_obtained":[{"floor":6,"key":"Boot"}],"event_choices":[{"cards_removed":["Injury"],"damage_healed":0,"gold_gain":0,"player_choice":"Purged","damage_taken":0,"max_hp_gain":0,"max_hp_loss":0,"event_name":"Purifier","floor":2,"gold_loss":0}],"is_beta":false,"boss_relics":[],"items_purged_floors":[],"is_endless":false,"potions_floor_spawned":[5,7],"killed_by":"Gremlin Nob","ascension_level":13}}