{"host":"agn8wmerpzfmi70r","time":1608720921,"event":{"mods":["AchievementEnabler","BaseMod","Bestiary","BetterRewards","Colored Map","Downfall","Highlight Path","Minty Spire (QoL Compilation)","Relic Stats","StSLib"],"gold_per_floor":[110,121,52,52,72,101,112,138,165,178,208,173,173,62,62,62,62],"floor_reached":16,"playtime":756,"items_purged":["Strike_P"],"score":167,"play_id":"f27d1f95-aac8-4742-be49-8fd1041fcb29","local_time":"20201223045521","is_ascension_mode":true,"campfire_choices":[{"data":"Eruption","floor":13,"key":"SMITH"},{"data":"MasterReality","floor":15,"key":"SMITH"}],"circlet_count":0,"master_deck":["Strike_P","Strike_P","Strike_P","Defend_P","Defend_P","Defend_P","Defend_P","Eruption+1","Vigilance","CarveReality","BowlingBash","SandsOfTime","Protect","WheelKick","ReachHeaven","Consecrate","Perseverance","MasterReality+1","Tantrum"],"relics":["PureWater","NeowsBlessing","Ancient Tea Set","Vajra","Nunchaku","Strawberry"],"acts_visited":["Exordium"],"potions_floor_usage":[6,6,11,16],"damage_taken":[{"damage":0,"enemies":"Cultist","floor":1,"turns":1},{"damage":0,"enemies":"Small Slimes","floor":2,"turns":1},{"damage":0,"enemies":"2 Louse","floor":5,"turns":1},{"damage":25,"enemies":"3 Sentries","floor":6,"turns":6},{"damage":3,"enemies":"Exordium Wildlife","floor":7,"turns":5},{"damage":15,"enemies":"Lagavulin","floor":8,"turns":6},{"damage":0,"enemies":"3 Louse","floor":10,"turns":3},{"damage":0,"enemies":"Gremlin Nob","floor":11,"turns":2},{"damage":60,"enemies":"Hexaghost","floor":16,"turns":2}],"seed_played":"5145330846822159359","potions_obtained":[{"floor":1,"key":"champ:CounterPotion"},{"floor":4,"key":"SmokeBomb"},{"floor":4,"key":"SmokeBomb"},{"floor":4,"key":"FearPotion"},{"floor":7,"key":"SmokeBomb"},{"floor":10,"key":"AttackPotion"},{"floor":11,"key":"LiquidBronze"}],"is_trial":false,"path_per_floor":["M","M","$","?","M","E","M","E","T","M","E","?","R","$","R","B"],"character_chosen":"WATCHER","items_purchased":["SandsOfTime","Tantrum"],"campfire_rested":0,"item_purchase_floors":[3,14],"current_hp_per_floor":[72,72,72,72,72,47,44,29,29,29,36,55,55,55,55,0,0],"gold":62,"neow_bonus":"THREE_ENEMY_KILL","is_daily":false,"chose_seed":false,"campfire_upgraded":2,"win_rate":0.0,"timestamp":1608720921,"path_taken":["M","?","$","?","M","E","?","E","T","M","E","?","R","$","R","BOSS"],"items_purchased_type":["Card","Card"],"build_version":"2020-12-22","purchased_purges":1,"victory":false,"max_hp_per_floor":[72,72,72,72,72,72,72,72,72,72,79,79,79,79,79,79,79],"relic_stats":{"Nunchaku":[1],"counters":[9,27],"obtain_stats":[{"Nunchaku":9,"NeowsBlessing":0,"Strawberry":11,"Vajra":8,"PureWater":0,"Ancient Tea Set":6},{"Nunchaku":6,"NeowsBlessing":0,"Strawberry":8,"Vajra":6,"PureWater":0,"Ancient Tea Set":4},{"Nunchaku":20,"NeowsBlessing":0,"Strawberry":25,"Vajra":20,"PureWater":0,"Ancient Tea Set":9}]},"card_choices":[{"not_picked":["ClearTheMind","EmptyFist"],"picked":"CarveReality","floor":1},{"not_picked":["Weave","Consecrate"],"picked":"BowlingBash","floor":2},{"not_picked":["Meditate","ThirdEye"],"picked":"Protect","floor":5},{"not_picked":["CarveReality","ClearTheMind"],"picked":"WheelKick","floor":6},{"not_picked":["Fasting2","FollowUp"],"picked":"ReachHeaven","floor":7},{"not_picked":["Collect","JustLucky"],"picked":"Consecrate","floor":8},{"not_picked":["ClearTheMind","CutThroughFate"],"picked":"Perseverance","floor":10},{"not_picked":["SignatureMove","ThirdEye"],"picked":"MasterReality","floor":11}],"player_experience":73399,"relics_obtained":[{"floor":6,"key":"Ancient Tea Set"},{"floor":8,"key":"Vajra"},{"floor":9,"key":"Nunchaku"},{"floor":11,"key":"Strawberry"}],"event_choices":[{"damage_healed":0,"gold_gain":0,"player_choice":"Got Potions","damage_taken":0,"max_hp_gain":0,"max_hp_loss":0,"event_name":"Lab","floor":4,"gold_loss":0},{"damage_healed":19,"gold_gain":0,"player_choice":"Healed","damage_taken":0,"max_hp_gain":0,"max_hp_loss":0,"event_name":"The Cleric","floor":12,"gold_loss":35}],"is_beta":false,"boss_relics":[],"items_purged_floors":[14],"is_endless":false,"potions_floor_spawned":[1,7,10,11],"killed_by":"Hexaghost","ascension_level":3}}