{"host":"gj32n68c553yo87c","time":1608766839,"event":{"mods":["BaseMod","Downfall","Jorbs\u0027s Wanderer Trilogy","Minty Spire (QoL Compilation)","Replay The Spire","StSLib"],"gold_per_floor":[109,121,121,121,121,121,146,162,162,176,194,119,119,119,119,218,218,231,262,281,281,281,281,309,309,309,325,325,30,45,45,45,142,142,156,175,175,175,175,175,204,219,269,295,295],"floor_reached":44,"playtime":2267,"items_purged":["Defend_R"],"score":629,"play_id":"7f77268c-a442-426b-8caa-4fc6ef095771","local_time":"20201223154039","is_ascension_mode":false,"campfire_choices":[{"data":"Strike_R","floor":6.0,"key":"SMITH"},{"floor":13.0,"key":"REST"},{"floor":15.0,"key":"REST"},{"data":"Pommel Strike","floor":23.0,"key":"SMITH"},{"data":"Clash","floor":25.0,"key":"SMITH"},{"data":"Clash","floor":28.0,"key":"SMITH"},{"floor":32.0,"key":"REST"},{"floor":40,"key":"REST"}],"circlet_count":0,"master_deck":["Strike_R+1","Strike_R+1","Strike_R+1","Strike_R+1","Strike_R","Eruption+1","Clash+1","Clash+1","Pommel Strike+1","Reaper+1"],"relics":["Replay:M_SmolderingBlood","Incense Burner","Kunai","Empty Cage","Red Mask","Sundial","Ring of Searing","Centennial Puzzle","Dream Catcher","Whetstone","Gremlin Food","Mark of Pain","Ornamental Fan","Replay:Bandana"],"acts_visited":["Exordium","TheCity","TheBeyond"],"potions_floor_usage":[],"damage_taken":[{"damage":6.0,"enemies":"Cultist","floor":1.0,"turns":3.0},{"damage":11.0,"enemies":"Jaw Worm","floor":2.0,"turns":2.0},{"damage":27.0,"enemies":"3 Sentries","floor":7.0,"turns":6.0},{"damage":0.0,"enemies":"2 Louse","floor":8.0,"turns":2.0},{"damage":4.0,"enemies":"Looter","floor":10.0,"turns":2.0},{"damage":8.0,"enemies":"Lots of Slimes","floor":11.0,"turns":6.0},{"damage":40.0,"enemies":"Hexaghost","floor":16.0,"turns":5.0},{"damage":1.0,"enemies":"Spheric Guardian","floor":18.0,"turns":2.0},{"damage":3.0,"enemies":"Masked Bandits","floor":19.0,"turns":2.0},{"damage":8.0,"enemies":"2 Thieves","floor":20.0,"turns":2.0},{"damage":20.0,"enemies":"Slavers","floor":24.0,"turns":2.0},{"damage":1.0,"enemies":"Snecko","floor":27.0,"turns":2.0},{"damage":1.0,"enemies":"Sentry and Sphere","floor":30.0,"turns":1.0},{"damage":50.0,"enemies":"Champ","floor":33.0,"turns":3.0},{"damage":10,"enemies":"3 Shapes","floor":35,"turns":2},{"damage":0,"enemies":"Orb Walker","floor":36,"turns":1},{"damage":76,"enemies":"Reptomancer","floor":41,"turns":3},{"damage":40,"enemies":"Transient","floor":42,"turns":5},{"damage":56,"enemies":"Maw","floor":44,"turns":4}],"seed_played":"3835155620233950075","potions_obtained":[{"floor":1.0,"key":"Dexterity Potion"},{"floor":10.0,"key":"Explosive Potion"},{"floor":11.0,"key":"Fire Potion"},{"floor":18.0,"key":"FairyPotion"},{"floor":20.0,"key":"BloodPotion"},{"floor":27.0,"key":"CultistPotion"}],"is_trial":false,"path_per_floor":["M","M","?","?","?","R","E","M","T","M","M","$","R","?","R","B",null,"M","?","M","?","?","R","E","R","T","M","R","$","M","$","R","B",null,"M","M","$","?","?","R","E","M","T","M"],"character_chosen":"IRONCLAD","items_purchased":["Whetstone","Gremlin Food"],"campfire_rested":4,"item_purchase_floors":[29,29],"current_hp_per_floor":[80,75,59,59,59,59,32,32,32,28,20,20,44,44,68,28,80,79,76,68,68,68,68,48,48,48,47,47,47,46,46,70,20,80,75,75,75,75,75,80,24,24,24,0,0],"gold":295,"neow_bonus":"TRANSFORM_CARD","is_daily":false,"chose_seed":false,"campfire_upgraded":4,"win_rate":0.0,"timestamp":1608766839,"path_taken":["M","?","?","?","?","R","E","M","T","?","M","$","R","?","R","BOSS","M","?","M","?","?","R","E","R","T","M","R","$","M","$","R","BOSS","M","M","$","?","?","R","E","M","T","M"],"items_purchased_type":["Relic","Relic"],"build_version":"2020-12-13","purchased_purges":1,"victory":false,"max_hp_per_floor":[80,80,80,80,80,80,80,80,80,80,80,80,80,80,80,80,80,80,80,80,80,80,80,80,80,80,80,80,80,80,80,80,80,80,80,80,80,80,80,80,80,80,80,80,80],"card_choices":[{"not_picked":["Shockwave","ReplayTheSpireMod:Corrosion Curse","Armaments"],"picked":"SKIP","floor":1.0},{"not_picked":["ReplayTheSpireMod:Strike From Hell","Replay:Undeath\u0027s Touch","ReplayReversal"],"picked":"SKIP","floor":2.0},{"not_picked":["Warcry","Uppercut","True Grit"],"picked":"SKIP","floor":7.0},{"not_picked":["Hemokinesis","Second Wind"],"picked":"ReplayTheSpireMod:Muscle Training","floor":8.0},{"not_picked":["Clothesline","True Grit","Thunderclap"],"picked":"SKIP","floor":10.0},{"not_picked":["Shrug It Off","Sword Boomerang"],"picked":"Clash","floor":11.0},{"not_picked":["Shrug It Off","Anger"],"picked":"Clash","floor":18.0},{"not_picked":["ReplayTheSpireMod:Stacked","Rupture"],"picked":"Pommel Strike","floor":20.0},{"not_picked":["Headbutt","Body Slam","Anger"],"picked":"SKIP","floor":24.0},{"not_picked":["Twin Strike","Iron Wave+1","Dual Wield"],"picked":"SKIP","floor":27.0},{"not_picked":["Replay:Undeath\u0027s Touch","Power Through","Eclipse"],"picked":"SKIP","floor":30.0},{"not_picked":["Impervious","Demonic Infusion"],"picked":"Reaper","floor":33.0},{"not_picked":["Power Through+1","Twin Strike+1","Pummel"],"picked":"SKIP","floor":35},{"not_picked":["Thunderclap+1","Uppercut","Iron Wave+1"],"picked":"SKIP","floor":36},{"not_picked":["Twin Strike","Sword Boomerang","Perfected Strike"],"picked":"SKIP","floor":41},{"not_picked":["Heavy Blade+1","Uppercut","Demon Form"],"picked":"SKIP","floor":42}],"player_experience":58003,"relics_obtained":[{"floor":7.0,"key":"Incense Burner"},{"floor":9.0,"key":"Kunai"},{"floor":19.0,"key":"Red Mask"},{"floor":22.0,"key":"Ring of Searing"},{"floor":24.0,"key":"Centennial Puzzle"},{"floor":26.0,"key":"Dream Catcher"},{"floor":41,"key":"Ornamental Fan"},{"floor":43,"key":"Replay:Bandana"}],"event_choices":[{"damage_healed":0.0,"max_hp_gain":0.0,"max_hp_loss":0.0,"gold_gain":0.0,"event_name":"Shining Light","player_choice":"Entered Light","floor":3.0,"gold_loss":0.0,"damage_taken":16.0,"cards_upgraded":["Bash","Shrug It Off"]},{"damage_healed":0.0,"max_hp_gain":0.0,"max_hp_loss":0.0,"gold_gain":0.0,"event_name":"Transmorgrifier","player_choice":"Ignored","floor":5.0,"gold_loss":0.0,"damage_taken":0.0},{"cards_removed":["Defend_R"],"damage_healed":0.0,"max_hp_gain":0.0,"max_hp_loss":0.0,"gold_gain":0.0,"event_name":"Living Wall","player_choice":"Forget","floor":14.0,"gold_loss":0.0,"damage_taken":0.0},{"damage_healed":0.0,"max_hp_gain":0.0,"max_hp_loss":0.0,"gold_gain":0.0,"event_name":"Masked Bandits","player_choice":"Fought Bandits","floor":19.0,"gold_loss":0.0,"damage_taken":0.0},{"cards_removed":["ReplayTheSpireMod:Muscle Training"],"damage_healed":0,"gold_gain":0,"player_choice":"Removed Skill","damage_taken":0,"max_hp_gain":0,"max_hp_loss":0,"event_name":"Falling","floor":38,"gold_loss":0},{"damage_healed":0,"gold_gain":0,"player_choice":"Memory 1","damage_taken":0,"max_hp_gain":0,"max_hp_loss":0,"event_name":"SensoryStone","floor":39,"gold_loss":0}],"is_beta":false,"boss_relics":[{"not_picked":["Tiny House","Coffee Dripper"],"picked":"Empty Cage"},{"not_picked":["Black Star","Electric Blood"],"picked":"Mark of Pain"}],"items_purged_floors":[12],"is_endless":false,"potions_floor_spawned":[1,10,11,18,20,27,36],"killed_by":"Maw","ascension_level":0}}