{"host":"7krnriczr1b2ou5r","time":1608707134,"event":{"mods":["BaseMod","Keyboard Shortcuts","Minty Spire (QoL Compilation)","Relic Stats","StSLib"],"gold_per_floor":[414,144,160,160,179,179,205,280,335,366,390,390,404,418,418,490,490,507,162,162,174,86,86,98,131,131,162,162,174,174,174,174,249,249,269,67,120,136,150,184,201,227,227,243,270,270,270,281,281,281],"floor_reached":49,"playtime":2014,"items_purged":["Strike_P","Strike_P","Defend_P"],"score":1525,"play_id":"33150873-3362-472d-9aaa-a894f61e6008","local_time":"20201223160534","is_ascension_mode":true,"campfire_choices":[{"data":"Eruption","floor":6,"key":"SMITH"},{"data":"Deep Breath","floor":12,"key":"SMITH"},{"data":"EmptyMind","floor":15,"key":"SMITH"},{"floor":23,"key":"RECALL"},{"floor":28,"key":"REST"},{"floor":30,"key":"REST"},{"floor":32,"key":"REST"},{"floor":46,"key":"REST"},{"floor":49,"key":"REST"}],"circlet_count":0,"master_deck":["AscendersBane","Eruption+1","Vigilance","Consecrate","FearNoEvil","Deep Breath+1","MentalFortress+1","DevaForm+1","Prostrate","Adaptation+1","EmptyMind+1","Halt","Devotion","Fasting2","MentalFortress","Scrawl","Vault+1","InnerPeace+1","TalkToTheHand+1"],"relics":["PureWater","Old Coin","Bronze Scales","Blood Vial","Strawberry","Odd Mushroom","Fusion Hammer","OrangePellets","TheAbacus","Sundial","GoldenEye","Toxic Egg 2","Molten Egg 2","MutagenicStrength","Busted Crown","Unceasing Top","Anchor","Dream Catcher","InkBottle","Damaru"],"acts_visited":["Exordium","TheCity","TheBeyond"],"potions_floor_usage":[10,11,16,24,27,29],"damage_taken":[{"damage":0,"enemies":"Small Slimes","floor":1,"turns":3},{"damage":0,"enemies":"2 Louse","floor":3,"turns":3},{"damage":4,"enemies":"Jaw Worm","floor":5,"turns":4},{"damage":16,"enemies":"Gremlin Nob","floor":7,"turns":3},{"damage":3,"enemies":"Lagavulin","floor":10,"turns":7},{"damage":9,"enemies":"The Mushroom Lair","floor":11,"turns":3},{"damage":6,"enemies":"Gremlin Gang","floor":13,"turns":5},{"damage":0,"enemies":"2 Fungi Beasts","floor":14,"turns":3},{"damage":5,"enemies":"Hexaghost","floor":16,"turns":7},{"damage":19,"enemies":"Chosen","floor":18,"turns":8},{"damage":11,"enemies":"2 Thieves","floor":21,"turns":2},{"damage":19,"enemies":"Sentry and Sphere","floor":24,"turns":7},{"damage":0,"enemies":"Book of Stabbing","floor":25,"turns":3},{"damage":24,"enemies":"Slavers","floor":27,"turns":4},{"damage":16,"enemies":"Shelled Parasite and Fungi","floor":29,"turns":3},{"damage":0,"enemies":"Automaton","floor":33,"turns":3},{"damage":13,"enemies":"3 Darklings","floor":35,"turns":3},{"damage":3,"enemies":"2 Orb Walkers","floor":37,"turns":3},{"damage":0,"enemies":"Orb Walker","floor":38,"turns":2},{"damage":19,"enemies":"Jaw Worm Horde","floor":39,"turns":2},{"damage":0,"enemies":"Reptomancer","floor":40,"turns":3},{"damage":18,"enemies":"Transient","floor":41,"turns":6},{"damage":5,"enemies":"Nemesis","floor":42,"turns":3},{"damage":5,"enemies":"3 Darklings","floor":44,"turns":3},{"damage":0,"enemies":"Reptomancer","floor":45,"turns":3},{"damage":2,"enemies":"Writhing Mass","floor":48,"turns":3}],"seed_played":"4450997296945638703","potions_obtained":[{"floor":5,"key":"SkillPotion"},{"floor":10,"key":"DuplicationPotion"},{"floor":14,"key":"AttackPotion"},{"floor":16,"key":"Ambrosia"},{"floor":21,"key":"Block Potion"},{"floor":24,"key":"SteroidPotion"},{"floor":27,"key":"LiquidMemories"},{"floor":29,"key":"SteroidPotion"}],"is_trial":false,"path_per_floor":["M","$","M","?","M","R","E","?","T","E","?","R","M","M","R","B",null,"M","$","?","M","$","R","M","E","T","E","R","M","R","?","R","B",null,"M","$","?","M","M","E","M","E","T","M","E","R","?","M","R"],"character_chosen":"WATCHER","items_purchased":["FearNoEvil","Deep Breath","Fasting2","OrangePellets","MentalFortress","InnerPeace+1"],"campfire_rested":5,"item_purchase_floors":[2,2,19,19,22,36],"current_hp_per_floor":[61,61,61,54,50,50,34,23,23,29,22,22,18,20,20,17,56,39,39,69,58,58,58,41,43,43,21,41,27,47,47,67,69,69,56,56,55,57,40,42,26,23,23,20,22,42,42,42,62,62],"gold":281,"neow_bonus":"ONE_RARE_RELIC","is_daily":false,"chose_seed":false,"campfire_upgraded":3,"win_rate":0.0,"timestamp":1608707134,"path_taken":["M","$","M","?","M","R","E","?","T","E","?","R","M","M","R","BOSS","M","$","?","M","$","R","?","E","T","E","R","M","R","?","R","BOSS","M","$","?","M","M","E","M","E","T","M","E","R","?","M","R"],"items_purchased_type":["Card","Card","Card","Relic","Card","Card"],"build_version":"2020-12-22","purchased_purges":3,"victory":false,"max_hp_per_floor":[62,62,62,62,62,62,62,62,62,69,69,69,69,69,69,69,69,69,69,69,69,69,69,69,69,69,69,69,69,69,69,69,69,69,69,69,69,69,69,69,69,69,69,69,69,69,69,69,69,69],"relic_stats":{"Blood Vial":40,"OrangePellets":[25],"Dream Catcher":2,"TheAbacus":[498],"Busted Crown":24,"counters":[26,99],"Sundial":[54],"Bronze Scales":[248],"GoldenEye":[0],"obtain_stats":[{"Damaru":45,"Odd Mushroom":11,"GoldenEye":25,"Old Coin":0,"Blood Vial":9,"OrangePellets":19,"Anchor":40,"Dream Catcher":42,"TheAbacus":22,"Busted Crown":34,"Sundial":22,"Bronze Scales":7,"Strawberry":10,"MutagenicStrength":31,"Molten Egg 2":27,"Fusion Hammer":17,"PureWater":0,"Toxic Egg 2":26,"Unceasing Top":37,"InkBottle":43},{"Damaru":25,"Odd Mushroom":6,"GoldenEye":13,"Old Coin":0,"Blood Vial":4,"OrangePellets":10,"Anchor":21,"Dream Catcher":23,"TheAbacus":11,"Busted Crown":16,"Sundial":11,"Bronze Scales":4,"Strawberry":5,"MutagenicStrength":15,"Molten Egg 2":14,"Fusion Hammer":9,"PureWater":0,"Toxic Egg 2":13,"Unceasing Top":18,"InkBottle":23},{"Damaru":96,"Odd Mushroom":23,"GoldenEye":58,"Old Coin":0,"Blood Vial":13,"OrangePellets":46,"Anchor":81,"Dream Catcher":90,"TheAbacus":48,"Busted Crown":68,"Sundial":48,"Bronze Scales":13,"Strawberry":20,"MutagenicStrength":65,"Molten Egg 2":62,"Fusion Hammer":38,"PureWater":0,"Toxic Egg 2":58,"Unceasing Top":74,"InkBottle":90}],"Unceasing Top":[1],"InkBottle":[9]},"card_choices":[{"not_picked":["SashWhip","Protect"],"picked":"Consecrate","floor":1},{"not_picked":["EmptyBody","FlyingSleeves","Crescendo"],"picked":"SKIP","floor":3},{"not_picked":["Protect","BowlingBash","Nirvana"],"picked":"SKIP","floor":5},{"not_picked":["Swivel","WreathOfFlame"],"picked":"DevaForm","floor":7},{"not_picked":["CrushJoints","ClearTheMind","Evaluate"],"picked":"SKIP","floor":10},{"not_picked":["ReachHeaven","CrushJoints"],"picked":"Prostrate","floor":11},{"not_picked":["LikeWater","CrushJoints"],"picked":"EmptyMind","floor":13},{"not_picked":["Protect","Nirvana"],"picked":"Halt","floor":14},{"not_picked":["Blasphemy","Alpha"],"picked":"Devotion","floor":16},{"not_picked":["FlyingSleeves","Adaptation","FollowUp"],"picked":"SKIP","floor":18},{"not_picked":["Halt","ReachHeaven","CarveReality"],"picked":"SKIP","floor":21},{"not_picked":["CutThroughFate","MasterReality","EmptyFist"],"picked":"SKIP","floor":24},{"not_picked":["Consecrate","Pray"],"picked":"Scrawl","floor":25},{"not_picked":["EmptyFist+1","Crescendo+1","BowlingBash+1"],"picked":"SKIP","floor":27},{"not_picked":["MentalFortress","BowlingBash+1","SashWhip+1"],"picked":"SKIP","floor":29},{"not_picked":["Ragnarok+1","LessonLearned+1"],"picked":"Vault+1","floor":33},{"not_picked":["Perseverance+1"],"picked":"SKIP","floor":35},{"not_picked":["EmptyBody+1"],"picked":"SKIP","floor":38},{"not_picked":["CutThroughFate+1"],"picked":"SKIP","floor":39},{"not_picked":["Pray+1"],"picked":"SKIP","floor":40},{"not_picked":["Crescendo+1"],"picked":"SKIP","floor":41},{"not_picked":[],"picked":"TalkToTheHand+1","floor":42},{"not_picked":["BowlingBash+1"],"picked":"SKIP","floor":44},{"not_picked":["SashWhip+1"],"picked":"SKIP","floor":45},{"not_picked":["FollowUp+1"],"picked":"SKIP","floor":48}],"player_experience":1042889,"relics_obtained":[{"floor":7,"key":"Bronze Scales"},{"floor":9,"key":"Blood Vial"},{"floor":10,"key":"Strawberry"},{"floor":11,"key":"Odd Mushroom"},{"floor":25,"key":"GoldenEye"},{"floor":26,"key":"Toxic Egg 2"},{"floor":27,"key":"Molten Egg 2"},{"floor":37,"key":"Unceasing Top"},{"floor":40,"key":"Anchor"},{"floor":42,"key":"Dream Catcher"},{"floor":43,"key":"InkBottle"},{"floor":45,"key":"Damaru"}],"event_choices":[{"cards_removed":["Defend_P"],"damage_healed":0,"gold_gain":0,"player_choice":"Card Removal","damage_taken":7,"max_hp_gain":0,"max_hp_loss":0,"event_name":"Golden Wing","floor":4,"gold_loss":0},{"damage_healed":0,"gold_gain":75,"player_choice":"Gather Gold","damage_taken":11,"max_hp_gain":0,"max_hp_loss":0,"event_name":"World of Goop","floor":8,"gold_loss":0},{"damage_healed":0,"gold_gain":0,"player_choice":"Fought Mushrooms","damage_taken":0,"max_hp_gain":0,"max_hp_loss":0,"event_name":"Mushrooms","floor":11,"gold_loss":0},{"damage_healed":30,"gold_gain":0,"player_choice":"Full Heal","damage_taken":0,"max_hp_gain":0,"max_hp_loss":0,"event_name":"Wheel of Change","floor":20,"gold_loss":0},{"damage_healed":0,"gold_gain":0,"player_choice":"Inject Mutagens","damage_taken":0,"relics_obtained":["MutagenicStrength"],"max_hp_gain":0,"max_hp_loss":0,"event_name":"Drug Dealer","floor":31,"gold_loss":0},{"damage_healed":0,"gold_gain":0,"player_choice":"Fight","damage_taken":0,"max_hp_gain":0,"max_hp_loss":0,"event_name":"Mysterious Sphere","floor":37,"gold_loss":0},{"damage_healed":0,"gold_gain":0,"player_choice":"Upgraded","damage_taken":0,"max_hp_gain":0,"max_hp_loss":0,"event_name":"Upgrade Shrine","floor":47,"gold_loss":0,"cards_upgraded":["DevaForm"]}],"is_beta":false,"boss_relics":[{"not_picked":["Ectoplasm","Runic Dome"],"picked":"Fusion Hammer"},{"not_picked":["Black Star","Snecko Eye"],"picked":"Busted Crown"}],"items_purged_floors":[2,19,36],"is_endless":false,"potions_floor_spawned":[5,10,14,16,21,24,27,29,38,39,41,44],"ascension_level":20}}