{"host":"3y2rtlgteqp2nuo3","time":1608743261,"event":{"mods":["2.2 Compatiblity","AchievementEnabler","BaseMod","Colored Map","DeckTracker","Highlight Path","Keyboard Shortcuts","Minty Spire (QoL Compilation)","Permanent Neow","Quick Restart","StSLib","SuperFastMode","everything is the same but u backflip on backflip"],"gold_per_floor":[368,381,392,405,419,433,398,412,412,412,192,192,192,207,207,304,304,323,335,235,251,251],"floor_reached":21,"playtime":481,"items_purged":["Strike_B","Strike_B"],"score":186,"play_id":"2f0d4e18-ad79-437c-aa61-4d104550f60c","local_time":"20201224020741","is_ascension_mode":true,"campfire_choices":[{"floor":10.0,"key":"REST"},{"data":"Zap","floor":12.0,"key":"SMITH"},{"data":"Beam Cell","floor":15.0,"key":"SMITH"}],"circlet_count":0,"master_deck":["Strike_B","Strike_B","Defend_B","Defend_B","Defend_B","Defend_B","Zap+1","Dualcast","Rebound","Ball Lightning","Conserve Battery","Sweeping Beam","Leap","Beam Cell+1","All For One","Ball Lightning+1","Glacier"],"relics":["Cracked Core","TungstenRod","PreservedInsect","SacredBark"],"acts_visited":["Exordium","TheCity"],"potions_floor_usage":[18],"damage_taken":[{"damage":5.0,"enemies":"Small Slimes","floor":1.0,"turns":3.0},{"damage":7.0,"enemies":"2 Louse","floor":2.0,"turns":2.0},{"damage":0.0,"enemies":"Cultist","floor":3.0,"turns":2.0},{"damage":27.0,"enemies":"Gremlin Gang","floor":4.0,"turns":4.0},{"damage":9.0,"enemies":"Exordium Thugs","floor":5.0,"turns":4.0},{"damage":3.0,"enemies":"Looter","floor":6.0,"turns":3.0},{"damage":13.0,"enemies":"Gremlin Gang","floor":8.0,"turns":4.0},{"damage":5.0,"enemies":"Large Slime","floor":14.0,"turns":4.0},{"damage":41.0,"enemies":"The Guardian","floor":16.0,"turns":9.0},{"damage":0,"enemies":"Spheric Guardian","floor":18,"turns":3},{"damage":3,"enemies":"3 Byrds","floor":19,"turns":4},{"damage":33,"enemies":"Shelled Parasite and Fungi","floor":21,"turns":5}],"seed_played":"-5911126471130237131","potions_obtained":[{"floor":4.0,"key":"LiquidMemories"},{"floor":5.0,"key":"GamblersBrew"},{"floor":6.0,"key":"ColorlessPotion"},{"floor":14.0,"key":"LiquidMemories"},{"floor":18,"key":"SkillPotion"}],"is_trial":false,"path_per_floor":["M","M","M","M","M","M","?","M","T","R","$","R","?","M","R","B",null,"M","M","$","M"],"character_chosen":"DEFECT","items_purchased":["PreservedInsect"],"campfire_rested":1,"item_purchase_floors":[11],"current_hp_per_floor":[49,42,42,15,6,3,21,8,8,30,30,30,75,70,70,29,75,75,72,72,39,39],"gold":251,"neow_bonus":"TWO_FIFTY_GOLD","is_daily":false,"chose_seed":false,"campfire_upgraded":2,"win_rate":0.0,"timestamp":1608743261,"path_taken":["M","M","M","M","M","M","?","M","T","R","$","R","?","M","R","BOSS","BOSS","M","M","$","M"],"items_purchased_type":["Relic"],"build_version":"2020-12-22","purchased_purges":2,"victory":false,"max_hp_per_floor":[75,75,75,75,75,75,75,75,75,75,75,75,75,75,75,75,75,75,75,75,75,75],"card_choices":[{"not_picked":["Hologram","Gash"],"picked":"Rebound","floor":1.0},{"not_picked":["Steam Power","Doom and Gloom"],"picked":"Ball Lightning","floor":2.0},{"not_picked":["Gash","Redo","Fusion"],"picked":"SKIP","floor":3.0},{"not_picked":["Heatsinks","Beam Cell"],"picked":"Conserve Battery","floor":4.0},{"not_picked":["Gash","Hello World"],"picked":"Sweeping Beam","floor":5.0},{"not_picked":["Chaos","Steam"],"picked":"Leap","floor":6.0},{"not_picked":["Go for the Eyes","Leap"],"picked":"Lockon","floor":8.0},{"not_picked":["Seek","Leap"],"picked":"Beam Cell","floor":14.0},{"not_picked":["Fission","Echo Form"],"picked":"All For One","floor":16.0},{"not_picked":["Undo","Static Discharge"],"picked":"Ball Lightning+1","floor":18},{"not_picked":["Leap","Sweeping Beam"],"picked":"Glacier","floor":19}],"player_experience":638504,"relics_obtained":[{"floor":9.0,"key":"TungstenRod"}],"event_choices":[{"damage_healed":18.0,"max_hp_gain":0.0,"max_hp_loss":0.0,"gold_gain":0.0,"event_name":"The Cleric","player_choice":"Healed","floor":7.0,"gold_loss":35.0,"damage_taken":0.0},{"cards_removed":["Lockon"],"damage_healed":45.0,"max_hp_gain":0.0,"max_hp_loss":0.0,"gold_gain":0.0,"event_name":"Bonfire Elementals","player_choice":"Offered Uncommon","floor":13.0,"gold_loss":0.0,"damage_taken":0.0}],"is_beta":false,"boss_relics":[{"not_picked":["Velvet Choker","Tiny House"],"picked":"SacredBark"}],"items_purged_floors":[11,20],"is_endless":false,"potions_floor_spawned":[4,5,6,14,18,19],"killed_by":"Shelled Parasite and Fungi","ascension_level":1}}