{"host":"dvpvhz1t6etneyb3","time":1608758098,"event":{"mods":["AchievementEnabler","BaseMod","Colored Map","Highlight Path","Minty Spire (QoL Compilation)","Permanent Neow","Quick Restart"],"gold_per_floor":[215,229,239,35,35,35,62,62,62,62,89,109,136,150,150,150,150],"floor_reached":16,"playtime":775,"items_purged":["Strike_G"],"score":240,"play_id":"d2cf4257-6566-4897-8a5c-b409bf9538ab","local_time":"20201223161458","is_ascension_mode":true,"campfire_choices":[{"data":"Dagger Spray","floor":6.0,"key":"SMITH"},{"floor":8,"key":"REST"},{"floor":10,"key":"REST"},{"data":"Deadly Poison","floor":15,"key":"SMITH"}],"circlet_count":0,"master_deck":["AscendersBane","Strike_G","Strike_G","Strike_G","Strike_G","Defend_G","Defend_G","Defend_G","Defend_G","Defend_G","Survivor","Neutralize","Cloak And Dagger","Dagger Spray+1","Well Laid Plans","Sucker Punch","Die Die Die","Storm of Steel","Deadly Poison+1","Endless Agony+1"],"relics":["Ring of the Snake","Gambling Chip","Molten Egg 2","Boot","Bottled Flame"],"acts_visited":["Exordium"],"potions_floor_usage":[7,12,13],"damage_taken":[{"damage":6.0,"enemies":"Cultist","floor":1.0,"turns":6.0},{"damage":4.0,"enemies":"Small Slimes","floor":2.0,"turns":4.0},{"damage":0.0,"enemies":"Jaw Worm","floor":3.0,"turns":4.0},{"damage":26,"enemies":"Gremlin Nob","floor":7,"turns":4},{"damage":10,"enemies":"3 Sentries","floor":11,"turns":3},{"damage":5,"enemies":"Exordium Thugs","floor":12,"turns":2},{"damage":25,"enemies":"Lagavulin","floor":13,"turns":4},{"damage":0,"enemies":"3 Louse","floor":14,"turns":1},{"damage":24,"enemies":"Hexaghost","floor":16,"turns":9}],"seed_played":"-4148145009679666216","potions_obtained":[{"floor":1.0,"key":"Poison Potion"},{"floor":3.0,"key":"DuplicationPotion"},{"floor":7,"key":"Explosive Potion"}],"is_trial":false,"path_per_floor":["M","M","M","$","?","R","E","R","T","R","E","M","E","M","R","B"],"character_chosen":"THE_SILENT","items_purchased":["Well Laid Plans","Sucker Punch"],"campfire_rested":2,"item_purchase_floors":[4,4],"current_hp_per_floor":[53,49,49,49,49,49,23,42,42,61,51,46,21,21,21,0,0],"gold":150,"neow_bonus":"HUNDRED_GOLD","is_daily":false,"chose_seed":false,"campfire_upgraded":2,"win_rate":0.0,"timestamp":1608758098,"path_taken":["M","M","M","$","?","R","E","R","T","R","E","M","E","M","R","BOSS"],"items_purchased_type":["Card","Card"],"build_version":"2020-12-22","purchased_purges":1,"victory":false,"max_hp_per_floor":[66,66,66,66,66,66,66,66,66,66,66,66,66,66,66,66,66],"card_choices":[{"not_picked":["Expertise","Catalyst","Deflect"],"picked":"SKIP","floor":1.0},{"not_picked":["Blade Dance","PiercingWail"],"picked":"Cloak And Dagger","floor":2.0},{"not_picked":["Deadly Poison","Noxious Fumes"],"picked":"Dagger Spray","floor":3.0},{"not_picked":["Sucker Punch","Dash"],"picked":"Storm of Steel","floor":7},{"not_picked":["Concentrate","Accuracy","Quick Slash+1"],"picked":"SKIP","floor":11},{"not_picked":["PiercingWail","Dagger Throw+1"],"picked":"Deadly Poison","floor":12},{"not_picked":["Heel Hook+1","Deflect"],"picked":"Endless Agony+1","floor":13},{"not_picked":["Finisher+1","Riddle With Holes+1","Deflect"],"picked":"SKIP","floor":14}],"player_experience":1946460,"relics_obtained":[{"floor":7,"key":"Gambling Chip"},{"floor":9,"key":"Molten Egg 2"},{"floor":11,"key":"Boot"},{"floor":13,"key":"Bottled Flame"}],"event_choices":[{"damage_healed":0.0,"max_hp_gain":0.0,"max_hp_loss":0.0,"gold_gain":0.0,"event_name":"Match and Keep!","player_choice":"1 cards matched","floor":5.0,"gold_loss":0.0,"damage_taken":0.0,"cards_obtained":["Die Die Die"]}],"is_beta":false,"boss_relics":[],"items_purged_floors":[4],"is_endless":false,"potions_floor_spawned":[1,3,7],"killed_by":"Hexaghost","ascension_level":20}}