{"host":"5j53u3d72gsce0fe","time":1608698253,"event":{"mods":["2.2 Compatiblity","AchievementEnabler","Aspiration","BaseMod","Beaked The Cultist","Better Altar","Better Match","Better Note","Better Sensory Stone","Better Skull","Better Third Choice","Better Vampires","Block Reminder","CCEM","Card Forge","Colored Map","Colored Powertips","Colorless Booster Pack","Conspire","Defuse TimeMaze Blight","Dio Mod","Dota2Spire","Downfall","Emptier Cage","Energized Spire","Friendly Minions","GifTheSpireLib","Hermit","HexUI Lib","Hubris","Humility","Infinite Spire","Marked Mod","Mimic Mod","Minty Spire (QoL Compilation)","Relic Filter","Replay The Spire","Retaliation","Shade Mod","Small Relic Pack","StSLib","Stuff the Spire","The Animator","The Bug Knight","Transform Curses","Unceasing Turn Reminder","???Mod??????Boss"],"gold_per_floor":[99,117,134,34,45,30,30,46,65,50,50,50,35,62,78,173,173,98,116,116,391,405,424,477,509,528,278,298,148,168,188,200,305,305,305,325,345,345,345,356,410,410,410,425,459,477,496,510,527,527],"floor_reached":51,"playtime":15739,"items_purged":[],"score":959,"play_id":"b6bcf54f-d2e8-44eb-82ad-c426640392b8","local_time":"20201222203733","is_ascension_mode":false,"campfire_choices":[{"floor":1,"key":"RECALL"},{"data":"champ:Strike","floor":18,"key":"SMITH"},{"floor":29,"key":"REST"},{"floor":35,"key":"REST"},{"floor":43,"key":"REST"}],"circlet_count":0,"master_deck":["champ:Execute+1","champ:Taunt+1","champ:SteelEdge+1","champ:StanceDance+1","champ:DefensiveShout+1","champ:IronFortress+1","expansioncontent:DefensiveStance+1","champ:AdrenalArmor+1","champ:BringItOn+1","champ:IronFortress+1","champ:FanOfKnives+1","champ:CalledShot+1","champ:Circumvent+1","champ:CheapShot+1","champ:Backstep+1","champ:CheapShot+1","champ:ShieldWall+1","champ:RapidStrikes+1","champ:FlashCut+1","champ:GladiatorStyle+1","champ:FalseCounter+1","champ:FocusedDefense+1","champ:GutPunch+1","champ:RapidStrikes+1","champ:PerfectForm+1","champ:FocusedBerserking+1","champ:StanceDance+1","champ:FocusedBerserking+1","champ:Taunt+1","champ:IronFortress+1","champ:PerfectForm+1","champ:FlashCut+1","champ:BladeFlurry+1"],"relics":["champ:ChampionCrown","Hammer of Thor","Seething Fire","Anvil of the Gods","CCEMRelics:CocoNut","hubris:Icosahedron","Anchor","CCEMRelics:DissonantTune","aspiration:PoetsPen","downfall:HeartBlessingRed","Replay:Rubber Ducky","Blue Candle","aspiration:Lifesprig","downfall:HeartBlessingGreen","downfall:HeartBlessingBlue","sneckomod:SneckoTalon","relicPack:OneForAll","Dota2Spire:UrnOfShadows","Nunchaku"],"acts_visited":["Exordium","TheCity","TheBeyond"],"potions_floor_usage":[16,16,16,27,36,40,40,40,47,50,50],"damage_taken":[{"damage":27,"enemies":"Cultist","floor":2,"turns":7},{"damage":3,"enemies":"Small Slimes","floor":3,"turns":5},{"damage":3,"enemies":"downfall:FleeingMerchant","floor":4,"turns":4},{"damage":5,"enemies":"2 Louse","floor":5,"turns":5},{"damage":9,"enemies":"downfall:FleeingMerchant","floor":6,"turns":4},{"damage":12,"enemies":"Blue Slaver","floor":8,"turns":2},{"damage":4,"enemies":"Red Slaver","floor":9,"turns":4},{"damage":9,"enemies":"downfall:FleeingMerchant","floor":10,"turns":4},{"damage":8,"enemies":"downfall:FleeingMerchant","floor":13,"turns":4},{"damage":23,"enemies":"3 Sentries","floor":14,"turns":7},{"damage":10,"enemies":"Large Slime","floor":15,"turns":6},{"damage":23,"enemies":"downfall:Silent","floor":16,"turns":6},{"damage":12,"enemies":"Chosen","floor":19,"turns":6},{"damage":5,"enemies":"Shell Parasite","floor":22,"turns":5},{"damage":12,"enemies":"Snecko","floor":23,"turns":5},{"damage":12,"enemies":"Book of Stabbing","floor":25,"turns":6},{"damage":11,"enemies":"Snake Plant","floor":26,"turns":6},{"damage":17,"enemies":"downfall:FleeingMerchant","floor":27,"turns":5},{"damage":10,"enemies":"3 Cultists","floor":28,"turns":6},{"damage":12,"enemies":"Sentry and Sphere","floor":30,"turns":5},{"damage":5,"enemies":"Snecko","floor":31,"turns":4},{"damage":8,"enemies":"Snake Plant","floor":32,"turns":3},{"damage":21,"enemies":"downfall:Defect","floor":33,"turns":5},{"damage":31,"enemies":"3 Darklings","floor":36,"turns":5},{"damage":70,"enemies":"3 Shapes","floor":37,"turns":4},{"damage":33,"enemies":"Maw","floor":40,"turns":8},{"damage":38,"enemies":"Writhing Mass","floor":44,"turns":7},{"damage":5,"enemies":"Nemesis","floor":45,"turns":5},{"damage":36,"enemies":"3 Darklings","floor":46,"turns":5},{"damage":41,"enemies":"4 Shapes","floor":47,"turns":6},{"damage":18,"enemies":"Spire Growth","floor":48,"turns":5},{"damage":47,"enemies":"3 Darklings","floor":49,"turns":7},{"damage":19,"enemies":"downfall:Watcher","floor":50,"turns":7}],"seed_played":"7703062121097153422","potions_obtained":[{"floor":5,"key":"EntropicBrew"},{"floor":8,"key":"LiquidMemories"},{"floor":15,"key":"Fruit Juice"},{"floor":19,"key":"Dota2Spire:HealingSalve"},{"floor":28,"key":"LifebloodPotion"},{"floor":37,"key":"SkillPotion"},{"floor":44,"key":"ColorlessPotion"},{"floor":45,"key":"champ:OpenerPotion"},{"floor":47,"key":"LifebloodPotion"},{"floor":49,"key":"SkillPotion"}],"is_trial":false,"path_per_floor":["R","M","M","$","M","$","T","M","M","$","?","T","$","E","M","B",null,"R","M","T","?","M","M","T","E","M","$","M","R","M","M","M","B",null,"R","M","M","?","?","M","T","?","R","M","E","M","M","M","M","B",null],"character_chosen":"THE_CHAMP","items_purchased":["expansioncontent:DefensiveStance","aspiration:Lifesprig","champ:GladiatorStyle"],"campfire_rested":3,"item_purchase_floors":[4,27,27],"current_hp_per_floor":[90,63,60,60,60,60,65,53,49,49,49,49,49,41,38,43,100,100,100,100,100,100,100,100,100,100,99,96,110,110,110,110,110,110,110,89,22,22,22,39,39,39,72,72,72,72,56,59,42,50],"gold":527,"neow_bonus":"THREE_RARE_CARDS","is_daily":false,"chose_seed":false,"campfire_upgraded":1,"win_rate":0.0,"timestamp":1608698253,"path_taken":["R","M","?","$","?","?","T","M","M","?","?","?","$","E","M","BOSS","R","M","?","?","M","M","T","E","M","$","M","R","M","?","M","BOSS","R","M","M","?","?","?","T","?","R","M","E","M","?","M","M","BOSS"],"items_purchased_type":["Card","Relic","Card"],"build_version":"2020-12-13","purchased_purges":0,"victory":true,"max_hp_per_floor":[90,90,90,90,90,90,95,95,95,95,95,95,95,95,95,100,100,100,100,100,100,100,100,100,100,100,100,100,110,110,110,110,110,110,110,110,110,110,110,110,110,110,110,110,110,110,110,110,110,110],"card_choices":[{"not_picked":["champ:MurderStrike","champ:CrownThrow"],"picked":"champ:SteelEdge","floor":0},{"not_picked":["champ:CrookedStrike","champ:FalseCounter"],"picked":"champ:StanceDance","floor":2},{"not_picked":["champ:ViciousMockery","champ:GladiatorsShout"],"picked":"champ:DefensiveShout","floor":3},{"not_picked":["champ:ShieldThrow","champ:PreciseThrust"],"picked":"champ:IronFortress","floor":4},{"not_picked":["champ:HeartStrike","champ:RecklessLeap"],"picked":"champ:AdrenalArmor","floor":5},{"not_picked":["champ:StanceDance","champ:GladiatorsShout"],"picked":"champ:BringItOn","floor":6},{"not_picked":["champ:Haymaker","champ:AdrenalArmor"],"picked":"champ:IronFortress","floor":8},{"not_picked":["champ:DefensiveShout","champ:Circumvent"],"picked":"champ:FanOfKnives","floor":9},{"not_picked":["champ:GladiatorsShout","champ:PreciseThrust"],"picked":"champ:CalledShot","floor":10},{"not_picked":["champ:IronFortress","champ:EndlessRage"],"picked":"champ:Circumvent","floor":13},{"not_picked":["champ:PerfectedStrike","champ:Encircle"],"picked":"champ:CheapShot","floor":14},{"not_picked":["champ:PerfectedStrike","champ:BladeFlurry"],"picked":"champ:Backstep","floor":15},{"not_picked":["champ:VampiricStrike","champ:ShieldSlam"],"picked":"champ:CheapShot","floor":16},{"not_picked":["champ:Shatter","champ:FanOfKnives","champ:GladiatorsShout"],"picked":"SKIP","floor":19},{"not_picked":["champ:FalseCounter","champ:Circumvent+1"],"picked":"champ:ShieldWall","floor":22},{"not_picked":["champ:CrownThrow","champ:CrookedStrike","champ:EnragedBash+1"],"picked":"SKIP","floor":23},{"not_picked":["champ:Haymaker","champ:DefensiveShout"],"picked":"champ:RapidStrikes+1","floor":25},{"not_picked":["champ:DeathBlow","champ:AdrenalArmor","champ:Haymaker"],"picked":"SKIP","floor":26},{"not_picked":["champ:IronFortress","champ:CalledShot+1"],"picked":"champ:FlashCut","floor":27},{"not_picked":["champ:DeathBlow","champ:EnragedBash"],"picked":"champ:FalseCounter","floor":28},{"not_picked":["champ:BladeFlurry","champ:AdrenalArmor"],"picked":"champ:FocusedDefense","floor":30},{"not_picked":["champ:FalseCounter","champ:DefensiveShout+1"],"picked":"champ:GutPunch","floor":31},{"not_picked":["champ:TornadoPunch","champ:Haymaker"],"picked":"champ:RapidStrikes","floor":32},{"not_picked":["champ:CheapShot","champ:VampiricStrike"],"picked":"champ:PerfectForm","floor":33},{"not_picked":["champ:AdrenalArmor+1","champ:RapidStrikes"],"picked":"champ:FocusedBerserking","floor":36},{"not_picked":["champ:Duel+1","champ:Riposte"],"picked":"champ:StanceDance","floor":37},{"not_picked":["champ:Backstep+1","champ:Haymaker","champ:AdrenalArmor+1"],"picked":"SKIP","floor":40},{"not_picked":["champ:FlashCut+1","champ:Shatter+1"],"picked":"champ:IronFortress+1","floor":44},{"not_picked":["champ:FightOn","champ:Encircle+1","champ:CrookedStrike+1"],"picked":"SKIP","floor":45},{"not_picked":["champ:ArenaPreparation+1","champ:SkillfulDodge+1","champ:CrookedStrike+1"],"picked":"SKIP","floor":46},{"not_picked":["champ:FanOfKnives","champ:DefensiveShout+1"],"picked":"champ:PerfectForm","floor":47},{"not_picked":["champ:CrookedStrike","champ:EnGarde+1"],"picked":"champ:FlashCut","floor":48},{"not_picked":["champ:AdrenalArmor","champ:BringItOn"],"picked":"champ:BladeFlurry","floor":49}],"player_experience":1211126,"relics_obtained":[{"floor":7,"key":"CCEMRelics:CocoNut"},{"floor":12,"key":"Anchor"},{"floor":14,"key":"CCEMRelics:DissonantTune"},{"floor":24,"key":"Replay:Rubber Ducky"},{"floor":25,"key":"Blue Candle"},{"floor":41,"key":"Dota2Spire:UrnOfShadows"},{"floor":45,"key":"Nunchaku"}],"event_choices":[{"damage_healed":0,"gold_gain":0,"player_choice":"Ignored","damage_taken":0,"max_hp_gain":0,"max_hp_loss":0,"event_name":"Transmorgrifier","floor":42,"gold_loss":0}],"is_beta":false,"boss_relics":[{"not_picked":["hubris:TerracottaHorce","Cursed Key"],"picked":"aspiration:PoetsPen"},{"not_picked":["Runic Dome","hubris:ScarierMask"],"picked":"sneckomod:SneckoTalon"}],"items_purged_floors":[],"is_endless":false,"potions_floor_spawned":[5,8,15,19,22,25,28,33,37,44,45,47,49],"ascension_level":0}}