{"host":"y89x8uui45kcjy42","time":1608735995,"event":{"mods":["2.2 Compatiblity","BaseMod","CapriCore","Colored Map","Colored Powertips","Custom Start","Friendly Minions","Highlight Path","Keyboard Shortcuts","Minty Spire (QoL Compilation)","Relic Stats","Slay the Relics Exporter","StSLib","SuperFastMode","Waifu the Spire"],"gold_per_floor":[113,113,130,130,130,165,181,181,181,206,240,240,260,210,210,210,210],"floor_reached":16,"playtime":296,"items_purged":["Strike_B"],"score":270,"play_id":"8a4b69c1-ffa6-4bb7-bdcb-5eda90d4d568","local_time":"20201224000635","is_ascension_mode":true,"campfire_choices":[{"floor":8,"key":"REST"},{"data":"Zap","floor":12,"key":"SMITH"},{"data":"Dualcast","floor":15,"key":"SMITH"}],"circlet_count":0,"master_deck":["AscendersBane","Strike_B","Strike_B","Defend_B","Defend_B","Defend_B","Defend_B","Zap+1","Dualcast+1","Conserve Battery","Ball Lightning","Cold Snap"],"relics":["Cracked Core","DataDisk","DataDisk","DataDisk","DataDisk","DataDisk","Golden Idol","Sundial","Smiling Mask","Pen Nib"],"acts_visited":["Exordium"],"potions_floor_usage":[10,11],"damage_taken":[{"damage":7,"enemies":"2 Louse","floor":1,"turns":2},{"damage":0,"enemies":"Cultist","floor":3,"turns":2},{"damage":25,"enemies":"3 Sentries","floor":6,"turns":7},{"damage":7,"enemies":"Jaw Worm","floor":7,"turns":2},{"damage":20,"enemies":"Exordium Wildlife","floor":10,"turns":3},{"damage":0,"enemies":"Lagavulin","floor":11,"turns":4},{"damage":1,"enemies":"Blue Slaver","floor":13,"turns":3},{"damage":13,"enemies":"Slime Boss","floor":16,"turns":5}],"seed_played":"1488067291709740312","potions_obtained":[{"floor":1,"key":"DuplicationPotion"},{"floor":7,"key":"Fruit Juice"},{"floor":10,"key":"Energy Potion"},{"floor":13,"key":"SkillPotion"}],"is_trial":false,"path_per_floor":["M","?","M","?","T","E","M","R","T","M","E","R","M","$","R","B"],"character_chosen":"DEFECT","items_purchased":[],"campfire_rested":1,"item_purchase_floors":[],"current_hp_per_floor":[64,64,64,37,37,12,5,28,28,13,13,13,12,12,12,0,0],"gold":210,"neow_bonus":"TEN_PERCENT_HP_BONUS","is_daily":false,"chose_seed":false,"campfire_upgraded":2,"win_rate":0.0,"timestamp":1608735995,"path_taken":["M","?","?","?","?","E","M","R","T","M","E","R","M","$","R","BOSS"],"items_purchased_type":[],"build_version":"2020-12-22","purchased_purges":1,"victory":false,"max_hp_per_floor":[78,78,78,78,78,78,78,78,78,83,83,83,83,83,83,83,83],"relic_stats":{"counters":[8,28],"Golden Idol":26,"Sundial":[4],"Pen Nib":[0],"Smiling Mask":25,"obtain_stats":[{"DataDisk":0,"Golden Idol":4,"Sundial":5,"Pen Nib":11,"Cracked Core":0,"Smiling Mask":6},{"DataDisk":0,"Golden Idol":2,"Sundial":2,"Pen Nib":6,"Cracked Core":0,"Smiling Mask":3},{"DataDisk":0,"Golden Idol":4,"Sundial":4,"Pen Nib":20,"Cracked Core":0,"Smiling Mask":11}]},"card_choices":[{"not_picked":["Force Field","Turbo","Redo"],"picked":"SKIP","floor":1},{"not_picked":["Streamline","Ball Lightning"],"picked":"Conserve Battery","floor":3},{"not_picked":["Scrape","Ball Lightning","BootSequence"],"picked":"SKIP","floor":6},{"not_picked":["Scrape","BootSequence"],"picked":"Ball Lightning","floor":6},{"not_picked":["Turbo","Beam Cell","Barrage"],"picked":"SKIP","floor":7},{"not_picked":["Heatsinks","Turbo","Genetic Algorithm"],"picked":"SKIP","floor":10},{"not_picked":["Lockon","Stack","BootSequence"],"picked":"SKIP","floor":11},{"not_picked":["Genetic Algorithm","Steam"],"picked":"Cold Snap","floor":13}],"player_experience":510175,"relics_obtained":[{"floor":5,"key":"Sundial"},{"floor":6,"key":"Smiling Mask"},{"floor":11,"key":"Pen Nib"}],"event_choices":[{"cards_removed":["Strike_B"],"damage_healed":0,"gold_gain":0,"player_choice":"Purged","damage_taken":0,"max_hp_gain":0,"max_hp_loss":0,"event_name":"Purifier","floor":2,"gold_loss":0},{"damage_healed":0,"gold_gain":0,"player_choice":"Take Damage","damage_taken":27,"relics_obtained":["Golden Idol"],"max_hp_gain":0,"max_hp_loss":0,"event_name":"Golden Idol","floor":4,"gold_loss":0}],"is_beta":false,"boss_relics":[],"items_purged_floors":[14],"is_endless":false,"potions_floor_spawned":[1,7,10,13],"killed_by":"Slime Boss","ascension_level":20}}