{"host":"wshh0nphwn6jv7vj","time":1608752400,"event":{"mods":["BaseMod","Bestiary","Minty Spire (QoL Compilation)"],"gold_per_floor":[214,229,229,246,246,246,278,290,327,353,365,389,5,39,39,116,116,126,146,71,71,90,90,121,139,139,169,169,180,205,217,217,292,292,311,43,43,61,88,88,107,107,107,51,77,77,112,112,112,112,112,112,29,29,29],"floor_reached":54,"playtime":6075,"items_purged":["Strike_G","Strike_G+1"],"score":1578,"play_id":"f2730626-74b1-4fcd-ae4f-2feb2323c018","local_time":"20201223144000","is_ascension_mode":true,"campfire_choices":[{"data":"Neutralize","floor":6,"key":"SMITH"},{"data":"Deadly Poison","floor":8,"key":"SMITH"},{"floor":11,"key":"REST"},{"data":"Dagger Spray","floor":15,"key":"SMITH"},{"data":"Footwork","floor":23,"key":"SMITH"},{"data":"Prepared","floor":28,"key":"SMITH"},{"data":"Underhanded Strike","floor":32,"key":"SMITH"},{"floor":40,"key":"RECALL"},{"floor":42,"key":"REST"},{"data":"Tools of the Trade","floor":46,"key":"SMITH"},{"data":"Prepared","floor":49,"key":"SMITH"},{"data":"Cloak And Dagger","floor":52,"key":"SMITH"}],"circlet_count":0,"master_deck":["AscendersBane","Defend_G+1","Defend_G+1","Defend_G+1","Defend_G+1","Defend_G+1","Survivor","Neutralize+1","Masterful Stab","Deadly Poison+1","Prepared+1","Infinite Blades","Dagger Throw","Dagger Spray+1","Unload","Deflect+1","Catalyst","Footwork+1","Leg Sweep+1","Underhanded Strike+1","Tools of the Trade+1","Tactician","Tactician","Dodge and Roll","After Image","A Thousand Cuts+1","Expertise+1","Concentrate+1","Prepared+1","Escape Plan+1","Acrobatics+1","Heel Hook","Blade Dance+1","Cloak And Dagger+1","Caltrops"],"relics":["Ring of the Snake","Vajra","MawBank","Oddly Smooth Stone","Anchor","ClockworkSouvenir","Blood Vial","Runic Pyramid","Pen Nib","Paper Crane","Happy Flower","Ancient Tea Set","Astrolabe","Lee\u0027s Waffle","Toy Ornithopter","Nunchaku","Pantograph"],"acts_visited":["Exordium","TheCity","TheBeyond","TheEnding"],"potions_floor_usage":[7,14,24,30,33,33,41,47,47],"damage_taken":[{"damage":2,"enemies":"2 Louse","floor":1,"turns":3},{"damage":0,"enemies":"Cultist","floor":2,"turns":3},{"damage":2,"enemies":"Jaw Worm","floor":4,"turns":4},{"damage":25,"enemies":"3 Sentries","floor":7,"turns":13},{"damage":3,"enemies":"Blue Slaver","floor":10,"turns":4},{"damage":0,"enemies":"Exordium Wildlife","floor":12,"turns":3},{"damage":7,"enemies":"Gremlin Nob","floor":14,"turns":3},{"damage":0,"enemies":"Slime Boss","floor":16,"turns":7},{"damage":7,"enemies":"Shell Parasite","floor":18,"turns":5},{"damage":0,"enemies":"Chosen","floor":19,"turns":4},{"damage":2,"enemies":"Snake Plant","floor":22,"turns":5},{"damage":0,"enemies":"Gremlin Leader","floor":24,"turns":7},{"damage":12,"enemies":"Cultist and Chosen","floor":25,"turns":5},{"damage":21,"enemies":"Slavers","floor":27,"turns":6},{"damage":0,"enemies":"Centurion and Healer","floor":29,"turns":6},{"damage":0,"enemies":"Gremlin Leader","floor":30,"turns":5},{"damage":0,"enemies":"Snake Plant","floor":31,"turns":4},{"damage":6,"enemies":"Champ","floor":33,"turns":15},{"damage":14,"enemies":"3 Shapes","floor":35,"turns":6},{"damage":8,"enemies":"3 Darklings","floor":38,"turns":5},{"damage":25,"enemies":"Sphere and 2 Shapes","floor":41,"turns":8},{"damage":24,"enemies":"Reptomancer","floor":45,"turns":7},{"damage":9,"enemies":"Giant Head","floor":47,"turns":9},{"damage":6,"enemies":"Awakened One","floor":50,"turns":13},{"damage":80,"enemies":"Shield and Spear","floor":54,"turns":8}],"seed_played":"727985115098664529","potions_obtained":[{"floor":1,"key":"Fire Potion"},{"floor":4,"key":"PowerPotion"},{"floor":7,"key":"FearPotion"},{"floor":18,"key":"Energy Potion"},{"floor":24,"key":"EssenceOfSteel"},{"floor":29,"key":"ColorlessPotion"},{"floor":31,"key":"SpeedPotion"},{"floor":35,"key":"ColorlessPotion"},{"floor":45,"key":"PowerPotion"}],"is_trial":false,"path_per_floor":["M","M","?","M","?","R","E","R","T","M","R","M","$","E","R","B",null,"M","M","$","?","M","R","E","M","T","E","R","M","E","M","R","B",null,"M","$","?","M","T","R","M","R","T","$","E","R","E","?","R","B",null,"R","$","E"],"character_chosen":"THE_SILENT","items_purchased":["Anchor","ClockworkSouvenir","Footwork","Lee\u0027s Waffle","Block Potion","Caltrops"],"campfire_rested":2,"item_purchase_floors":[13,13,20,36,44,53],"current_hp_per_floor":[57,57,57,55,55,55,30,30,30,27,46,46,46,39,39,41,60,55,57,57,57,57,57,59,49,49,30,30,32,34,36,36,32,58,46,73,73,65,65,65,47,68,68,68,46,46,49,49,49,67,72,72,72,0,0],"gold":29,"neow_bonus":"HUNDRED_GOLD","is_daily":false,"chose_seed":false,"campfire_upgraded":9,"win_rate":0.0,"timestamp":1608752400,"path_taken":["M","M","?","?","?","R","E","R","T","M","R","M","$","E","R","BOSS","M","M","$","?","M","R","E","M","T","E","R","M","E","M","R","BOSS","M","$","?","M","?","R","M","R","T","$","E","R","E","?","R","BOSS","R","$","E"],"items_purchased_type":["Relic","Relic","Card","Relic","Potion","Card"],"build_version":"2020-12-22","purchased_purges":2,"victory":false,"max_hp_per_floor":[66,66,66,66,66,66,66,66,66,66,66,66,66,66,66,66,66,66,66,66,66,66,66,66,66,66,66,66,66,66,66,66,66,66,66,73,73,73,73,73,73,73,73,73,73,73,73,73,73,73,73,73,73,73,73],"card_choices":[{"not_picked":["Slice","Calculated Gamble"],"picked":"Masterful Stab","floor":1},{"not_picked":["Skewer","Reflex"],"picked":"Deadly Poison","floor":2},{"not_picked":["Sucker Punch","All Out Attack"],"picked":"Prepared","floor":4},{"not_picked":["All Out Attack","Malaise"],"picked":"Quick Slash","floor":7},{"not_picked":["Dodge and Roll","Sucker Punch"],"picked":"Infinite Blades","floor":10},{"not_picked":["Leg Sweep","Slice"],"picked":"Dagger Throw","floor":12},{"not_picked":["Heel Hook","Adrenaline"],"picked":"Dagger Spray","floor":14},{"not_picked":["Corpse Explosion","Burst"],"picked":"Unload","floor":16},{"not_picked":["Backflip","Finisher"],"picked":"Deflect+1","floor":18},{"not_picked":["Flying Knee","Well Laid Plans"],"picked":"Catalyst","floor":19},{"not_picked":["Dodge and Roll","Outmaneuver","Blade Dance"],"picked":"SKIP","floor":22},{"not_picked":["Cloak And Dagger","Well Laid Plans"],"picked":"Leg Sweep+1","floor":24},{"not_picked":["Expertise","Blade Dance"],"picked":"Underhanded Strike","floor":25},{"not_picked":["Caltrops","Sucker Punch"],"picked":"Tools of the Trade","floor":27},{"not_picked":["Dagger Spray","Slice"],"picked":"Tactician","floor":29},{"not_picked":["PiercingWail+1","Riddle With Holes"],"picked":"Tactician","floor":30},{"not_picked":["Backflip","Sucker Punch"],"picked":"Dodge and Roll","floor":31},{"not_picked":["Envenom","Adrenaline"],"picked":"After Image","floor":33},{"not_picked":["Accuracy","Expertise+1"],"picked":"Prepared","floor":35},{"not_picked":["Leg Sweep","Dagger Throw"],"picked":"Escape Plan+1","floor":38},{"not_picked":["Setup","Quick Slash"],"picked":"Acrobatics+1","floor":41},{"not_picked":["Deflect+1","Masterful Stab+1"],"picked":"Heel Hook","floor":45},{"not_picked":["Dash","PiercingWail"],"picked":"Blade Dance+1","floor":47}],"player_experience":1488092,"relics_obtained":[{"floor":7,"key":"MawBank"},{"floor":9,"key":"Oddly Smooth Stone"},{"floor":14,"key":"Blood Vial"},{"floor":24,"key":"Pen Nib"},{"floor":26,"key":"Paper Crane"},{"floor":27,"key":"Happy Flower"},{"floor":30,"key":"Ancient Tea Set"},{"floor":39,"key":"Toy Ornithopter"},{"floor":45,"key":"Nunchaku"},{"floor":47,"key":"Pantograph"}],"event_choices":[{"damage_healed":0,"gold_gain":0,"player_choice":"Gave Potion","damage_taken":0,"relics_obtained":["Vajra"],"max_hp_gain":0,"max_hp_loss":0,"event_name":"WeMeetAgain","floor":3,"gold_loss":0},{"damage_healed":0,"gold_gain":0,"player_choice":"Ignored","damage_taken":0,"max_hp_gain":0,"max_hp_loss":0,"event_name":"Liars Game","floor":5,"gold_loss":0},{"damage_healed":0,"gold_gain":0,"player_choice":"Simplicity","damage_taken":0,"max_hp_gain":0,"max_hp_loss":0,"event_name":"Back to Basics","floor":21,"gold_loss":0,"cards_upgraded":["Strike_G","Strike_G","Strike_G","Strike_G","Defend_G","Defend_G","Defend_G","Defend_G","Defend_G"]},{"damage_healed":0,"gold_gain":0,"player_choice":"Ignored","damage_taken":0,"max_hp_gain":0,"max_hp_loss":0,"event_name":"Mysterious Sphere","floor":37,"gold_loss":0},{"damage_healed":0,"gold_gain":0,"cards_transformed":["Strike_G"],"player_choice":"Transformed","damage_taken":0,"max_hp_gain":0,"max_hp_loss":0,"event_name":"Transmorgrifier","floor":48,"gold_loss":0,"cards_obtained":["Cloak And Dagger"]}],"is_beta":false,"boss_relics":[{"not_picked":["Philosopher\u0027s Stone","SlaversCollar"],"picked":"Runic Pyramid"},{"not_picked":["WristBlade","SacredBark"],"picked":"Astrolabe"}],"items_purged_floors":[13,36],"is_endless":false,"potions_floor_spawned":[1,4,7,18,24,29,31,35,45],"killed_by":"Shield and Spear","ascension_level":16}}