{"host":"wshh0nphwn6jv7vj","time":1608716888,"event":{"mods":["BaseMod","Bestiary","Minty Spire (QoL Compilation)"],"gold_per_floor":[115,132,143,25,25,58,58,77,102,134,154,66,66,9,9,82,82,99,99,99,117,17,17,49,49,104,104,118,134,134,152,152,226,226,245,245,265,278,289,289,289,289],"floor_reached":41,"playtime":1908,"items_purged":["Injury","Strike_G"],"score":786,"play_id":"b0ed84e5-8944-4274-9ef4-6f2ce9c217d3","local_time":"20201223044808","is_ascension_mode":true,"campfire_choices":[{"data":"Poisoned Stab","floor":7,"key":"SMITH"},{"data":"Poisoned Stab","floor":13,"key":"SMITH"},{"data":"Noxious Fumes","floor":15,"key":"SMITH"},{"floor":23,"key":"REST"},{"floor":27,"key":"REST"},{"data":"Neutralize","floor":30,"key":"SMITH"},{"floor":32,"key":"REST"},{"floor":40,"key":"REST"}],"circlet_count":0,"master_deck":["AscendersBane","Strike_G+1","Strike_G+1","Strike_G+1","Strike_G+1","Defend_G+1","Defend_G+1","Defend_G+1","Defend_G+1","Defend_G+1","Survivor","Neutralize+1","Corpse Explosion","Leg Sweep","Poisoned Stab+1","Dagger Throw","Backstab","Dodge and Roll","Slice","Backflip","Poisoned Stab+1","Noxious Fumes+1","Tools of the Trade","Deflect+1","Bouncing Flask","Bane","Heel Hook","Crippling Poison","Envenom","Bouncing Flask+1","Panacea","Bandage Up","Bandage Up","Acrobatics","Footwork+1"],"relics":["Ring of the Serpent","FaceOfCleric","Nunchaku","Snake Skull","Regal Pillow","Enchiridion","Shuriken","Juzu Bracelet","MealTicket","Black Star"],"acts_visited":["Exordium","TheCity","TheBeyond"],"potions_floor_usage":[6,10,16,24,33,33,37,39,41,41],"damage_taken":[{"damage":1,"enemies":"Cultist","floor":1,"turns":5},{"damage":7,"enemies":"Small Slimes","floor":2,"turns":5},{"damage":2,"enemies":"Jaw Worm","floor":3,"turns":6},{"damage":10,"enemies":"3 Sentries","floor":6,"turns":2},{"damage":1,"enemies":"2 Fungi Beasts","floor":8,"turns":4},{"damage":5,"enemies":"Gremlin Nob","floor":10,"turns":4},{"damage":2,"enemies":"Looter","floor":11,"turns":3},{"damage":2,"enemies":"Hexaghost","floor":16,"turns":8},{"damage":12,"enemies":"Spheric Guardian","floor":18,"turns":5},{"damage":5,"enemies":"Shell Parasite","floor":21,"turns":6},{"damage":39,"enemies":"Book of Stabbing","floor":24,"turns":7},{"damage":32,"enemies":"Cultist and Chosen","floor":28,"turns":5},{"damage":4,"enemies":"Chosen and Byrds","floor":29,"turns":6},{"damage":14,"enemies":"Snake Plant","floor":31,"turns":3},{"damage":33,"enemies":"Collector","floor":33,"turns":7},{"damage":0,"enemies":"3 Shapes","floor":35,"turns":5},{"damage":6,"enemies":"Orb Walker","floor":37,"turns":4},{"damage":45,"enemies":"Spire Growth","floor":38,"turns":5},{"damage":17,"enemies":"4 Shapes","floor":39,"turns":9},{"damage":63,"enemies":"Giant Head","floor":41,"turns":8}],"seed_played":"4622364752228920670","potions_obtained":[{"floor":2,"key":"Strength Potion"},{"floor":8,"key":"Fire Potion"},{"floor":11,"key":"LiquidMemories"},{"floor":16,"key":"DuplicationPotion"},{"floor":24,"key":"BlessingOfTheForge"},{"floor":29,"key":"ColorlessPotion"},{"floor":35,"key":"Energy Potion"},{"floor":38,"key":"SpeedPotion"},{"floor":39,"key":"EntropicBrew"}],"is_trial":false,"path_per_floor":["M","M","M","$","?","E","R","M","T","E","M","$","R","$","R","B",null,"M","?","T","M","$","R","E","?","T","R","M","M","R","M","R","B",null,"M","?","M","M","M","R","E"],"character_chosen":"THE_SILENT","items_purchased":["Backstab","Noxious Fumes","Strength Potion"],"campfire_rested":4,"item_purchase_floors":[4,12,14],"current_hp_per_floor":[58,51,49,49,49,40,40,40,40,36,35,35,35,35,35,34,62,51,30,30,26,26,62,24,24,24,61,30,27,27,14,52,20,64,65,55,58,22,14,53,0,0],"gold":289,"neow_bonus":"THREE_RARE_CARDS","is_daily":false,"chose_seed":false,"campfire_upgraded":4,"win_rate":0.0,"timestamp":1608716888,"path_taken":["M","M","?","$","?","E","R","M","T","E","M","$","R","?","R","BOSS","M","?","?","M","$","R","E","?","T","R","M","M","R","M","R","BOSS","M","?","M","M","M","R","E"],"items_purchased_type":["Card","Card","Potion"],"build_version":"2020-12-22","purchased_purges":2,"victory":false,"max_hp_per_floor":[66,66,66,66,66,67,67,68,68,69,70,70,70,70,70,71,71,72,72,72,73,73,73,74,74,74,74,75,76,76,77,77,78,78,79,79,80,81,82,82,82,82],"card_choices":[{"not_picked":["Grand Finale","Wraith Form v2"],"picked":"Corpse Explosion","floor":0},{"not_picked":["Reflex","Terror"],"picked":"Leg Sweep","floor":1},{"not_picked":["Flechettes","Cloak And Dagger"],"picked":"Poisoned Stab","floor":2},{"not_picked":["Setup","Cloak And Dagger"],"picked":"Dagger Throw","floor":3},{"not_picked":["Predator","Setup"],"picked":"Dodge and Roll","floor":6},{"not_picked":["Caltrops","Outmaneuver"],"picked":"Slice","floor":8},{"not_picked":["Dodge and Roll","Escape Plan"],"picked":"Backflip","floor":10},{"not_picked":["Eviscerate","Heel Hook"],"picked":"Poisoned Stab","floor":11},{"not_picked":["Storm of Steel","Unload"],"picked":"Tools of the Trade","floor":16},{"not_picked":["Terror","Prepared","Dagger Throw"],"picked":"SKIP","floor":18},{"not_picked":["Flying Knee","Sucker Punch"],"picked":"Deflect+1","floor":21},{"not_picked":["Outmaneuver","Predator"],"picked":"Bouncing Flask","floor":24},{"not_picked":["Dagger Throw","Accuracy+1"],"picked":"Bane","floor":28},{"not_picked":["Flying Knee","Acrobatics"],"picked":"Heel Hook","floor":29},{"not_picked":["Bane","Phantasmal Killer"],"picked":"Crippling Poison","floor":31},{"not_picked":["Glass Knife","Unload"],"picked":"Envenom","floor":33},{"not_picked":["Dodge and Roll","Backflip"],"picked":"Bouncing Flask+1","floor":35},{"not_picked":["Dark Shackles","Blind"],"picked":"Panacea","floor":36},{"not_picked":["The Bomb","Jack Of All Trades"],"picked":"Bandage Up","floor":36},{"not_picked":["Deep Breath","Mind Blast"],"picked":"Bandage Up","floor":36},{"not_picked":["Underhanded Strike","Cloak And Dagger"],"picked":"Acrobatics","floor":37},{"not_picked":["Deflect","Finisher"],"picked":"Footwork+1","floor":38},{"not_picked":["Finisher","Infinite Blades","Outmaneuver"],"picked":"SKIP","floor":39}],"player_experience":1482004,"relics_obtained":[{"floor":6,"key":"Nunchaku"},{"floor":9,"key":"Snake Skull"},{"floor":10,"key":"Regal Pillow"},{"floor":19,"key":"Enchiridion"},{"floor":20,"key":"Shuriken"},{"floor":24,"key":"Juzu Bracelet"},{"floor":26,"key":"MealTicket"}],"event_choices":[{"damage_healed":0,"gold_gain":0,"player_choice":"Trade","damage_taken":0,"relics_obtained":["FaceOfCleric"],"max_hp_gain":0,"max_hp_loss":0,"event_name":"FaceTrader","floor":5,"gold_loss":0},{"damage_healed":0,"gold_gain":0,"player_choice":"Obtained Book","damage_taken":21,"max_hp_gain":0,"max_hp_loss":0,"event_name":"Cursed Tome","floor":19,"gold_loss":0},{"damage_healed":0,"gold_gain":0,"player_choice":"Simplicity","damage_taken":0,"max_hp_gain":0,"max_hp_loss":0,"event_name":"Back to Basics","floor":25,"gold_loss":0,"cards_upgraded":["Strike_G","Strike_G","Strike_G","Strike_G","Defend_G","Defend_G","Defend_G","Defend_G","Defend_G"]},{"damage_healed":0,"gold_gain":0,"player_choice":"Memory 3","damage_taken":10,"max_hp_gain":0,"max_hp_loss":0,"event_name":"SensoryStone","floor":36,"gold_loss":0}],"is_beta":false,"boss_relics":[{"not_picked":["Calling Bell","Ectoplasm"],"picked":"Ring of the Serpent"},{"not_picked":["Runic Dome","SacredBark"],"picked":"Black Star"}],"items_purged_floors":[4,22],"is_endless":false,"potions_floor_spawned":[2,8,11,16,24,29,35,38,39],"killed_by":"Giant Head","ascension_level":16}}