{"host":"951sez6ulsv0fw1i","time":1608729450,"event":{"mods":["2.2 Compatiblity","Aspiration","BaseMod","Better Third Choice","BetterRewards","CCEM","CapriCore","Conspire","Downfall","Googly Eyes","Hermit","Infinite Spire","JesterMod","Luminous","Mari Mod (Legacy)","Mari\u0027s V1 Patch","Marisa????????","Minty Spire (QoL Compilation)","Potionbrewer","Reimu??????","Shade Mod","StSLib","The Cursed","The Immortal","The Runesmith","The Servant 0.9.4","TheBandit","TheSwordswoman"],"gold_per_floor":[134,3,3,37,312,342,342,412,412,412,448,471,7,52,52,116,116,156,192,36,36,36,86,86,125,171,162,162,221,221,232,232,309,309,324,343,288,288],"floor_reached":37,"playtime":1939,"items_purged":["Regret"],"score":459,"play_id":"bcb29c98-be1d-4bfc-a2da-d3c56c3ea158","local_time":"20201223141730","is_ascension_mode":false,"campfire_choices":[{"data":"NB:ReiMu","floor":7.0,"key":"SMITH"},{"data":"SpringWay:ReiMu","floor":10.0,"key":"SMITH"},{"floor":30.0,"key":"REST"},{"floor":32.0,"key":"REST"}],"circlet_count":0,"master_deck":["Strike_Lin:ReiMu","Strike_Lin:ReiMu+1","Strike_Lin:ReiMu","Strike_Lin:ReiMu","Defend_Lin:ReiMu","Defend_Lin:ReiMu","Defend_Lin:ReiMu","Defend_Lin:ReiMu","NB:ReiMu+1","Stagnation:ReiMu","HandOfGreed+1","SpringWay:ReiMu","Mountainwind:ReiMu","Conquer:ReiMu","WonderfulDomain:ReiMu","SpringWay:ReiMu+1","BarrageOfMoneybags:ReiMu","FoulBorder2:ReiMu","Intuition:ReiMu","DoubleButterfly:ReiMu","WonderfulDomain:ReiMu","OctopathSalyBorderN:ReiMu","YinYangSange:ReiMu","Dreaming2:ReiMu+1","SafetyPray:ReiMu+1","LearningPray:ReiMu","SpreadBorder2:ReiMu+1","SpiritualOutbreak2:ReiMu+1","UniversalSpiritual:ReiMu","HakureiPhantom:ReiMu","RainPray2:ReiMu+1","RainPray2:ReiMu+1"],"relics":["FlyPower:ReiMu","Whetstone","aspiration:DSix","Chemical X","aspiration:ArtOfWarUpgrade","conspire:RunicOctahedron","CheatingSign:ReiMu","betterThird:NestCultRelic","FadedRune:ReiMu","potionbrewer:BhaskarasWheel","Kunai","Smiling Mask","aspiration:FetidBarrel","conspire:SpecialSausage"],"acts_visited":["Exordium","TheCity","TheBeyond"],"potions_floor_usage":[37,37],"damage_taken":[{"damage":5.0,"enemies":"Jaw Worm","floor":1.0,"turns":5.0},{"damage":5.0,"enemies":"Cultist","floor":4.0,"turns":5.0},{"damage":26.0,"enemies":"Gremlin Nob","floor":6.0,"turns":6.0},{"damage":0.0,"enemies":"2 Louse","floor":8.0,"turns":3.0},{"damage":11.0,"enemies":"Gremlin Gang","floor":11.0,"turns":6.0},{"damage":0.0,"enemies":"Exordium Wildlife","floor":14.0,"turns":3.0},{"damage":10.0,"enemies":"Slime Boss","floor":16.0,"turns":10.0},{"damage":0.0,"enemies":"conspire:FuzzyDice","floor":18.0,"turns":6.0},{"damage":13.0,"enemies":"Spheric Guardian","floor":19.0,"turns":6.0},{"damage":13.0,"enemies":"conspire:Head Lice","floor":23.0,"turns":6.0},{"damage":7.0,"enemies":"Snake Plant","floor":25.0,"turns":4.0},{"damage":5.0,"enemies":"Cultist and Chosen","floor":27.0,"turns":4.0},{"damage":15.0,"enemies":"conspire:SneckoGhost","floor":29.0,"turns":8.0},{"damage":19.0,"enemies":"Shelled Parasite and Fungi","floor":31.0,"turns":4.0},{"damage":26.0,"enemies":"Champ","floor":33.0,"turns":7.0},{"damage":3,"enemies":"3 Shapes","floor":35,"turns":2},{"damage":0,"enemies":"Orb Walker","floor":36,"turns":3},{"damage":14,"enemies":"infinitespire:Three Voidlings","floor":37,"turns":3},{"damage":54,"enemies":"Nightmare_Alpha","floor":37,"turns":4}],"seed_played":"-3458065382882901818","potions_obtained":[{"floor":8.0,"key":"Ancient Potion"},{"floor":11.0,"key":"potionbrewer:BarricadePotion"},{"floor":14.0,"key":"Strength Potion"},{"floor":16.0,"key":"potionbrewer:EndurancePotion"},{"floor":23.0,"key":"SkillPotion"},{"floor":29.0,"key":"BlessingOfTheForge"},{"floor":31.0,"key":"PinkPotion:ReiMu"},{"floor":36,"key":"potionbrewer:ToxicPotion"}],"is_trial":false,"path_per_floor":["M","$","?","M","?","E","R","M","T","R","M","T","$","M","R","B",null,"M","M","$","?","?","E","AVR","M","T","M","R","E","R","M","R","B",null,"M","M","?"],"character_chosen":"REIMU","items_purchased":["Mountainwind:ReiMu","Conquer:ReiMu","Chemical X","Art of War","Intuition:ReiMu","DoubleButterfly:ReiMu","CheatingSign:ReiMu"],"campfire_rested":2,"item_purchase_floors":[2,2,13,13,13,13,20],"current_hp_per_floor":[60,60,60,55,55,29,29,29,29,29,18,18,18,18,18,8,65,65,52,52,52,52,39,39,32,32,27,27,12,31,12,31,5,65,62,62,0,0],"gold":288,"neow_bonus":"RANDOM_COLORLESS_2","is_daily":false,"chose_seed":false,"campfire_upgraded":2,"win_rate":0.0,"timestamp":1608729450,"path_taken":["M","$","?","?","?","E","R","?","T","R","M","?","$","M","R","BOSS","M","?","$","?","?","E","AVR","?","T","M","R","E","R","M","R","BOSS","M","M","?"],"items_purchased_type":["Card","Card","Relic","Relic","Card","Card","Relic"],"build_version":"2020-12-22","purchased_purges":1,"victory":false,"max_hp_per_floor":[65,65,65,65,65,65,65,65,65,65,65,65,65,65,65,65,65,65,65,65,65,65,65,65,65,65,65,65,65,65,65,65,65,65,65,65,65,65],"card_choices":[{"not_picked":["expansioncontent:StudyTheSpire","Secret Weapon"],"picked":"HandOfGreed","floor":0.0},{"not_picked":["AlertArray:ReiMu","LearningPray:ReiMu"],"picked":"SpringWay:ReiMu","floor":1.0},{"not_picked":["Conquer:ReiMu","EmergencyTakeOff:ReiMu"],"picked":"WonderfulDomain:ReiMu","floor":4.0},{"not_picked":["MountainWay:ReiMu","YinYang:ReiMu"],"picked":"SpringWay:ReiMu","floor":6.0},{"not_picked":["ShadowOfCrow2:ReiMu","RainPray2:ReiMu"],"picked":"BarrageOfMoneybags:ReiMu","floor":8.0},{"not_picked":["WonderfulDomain:ReiMu","Enchanting:ReiMu"],"picked":"FoulBorder2:ReiMu","floor":11.0},{"not_picked":["Crusade:ReiMu","PhosphorusFlame:ReiMu"],"picked":"WonderfulDomain:ReiMu","floor":14.0},{"not_picked":["Dreaming:ReiMu","CeremonyResonance:ReiMu"],"picked":"OctopathSalyBorderN:ReiMu","floor":16.0},{"not_picked":["FantasyBorder:ReiMu","SpreadBorder2:ReiMu"],"picked":"YinYangSange:ReiMu","floor":18.0},{"not_picked":["SpreadBorder2:ReiMu","MikOfLucky:ReiMu"],"picked":"Dreaming2:ReiMu+1","floor":19.0},{"not_picked":["RainPray2:ReiMu","ForcedLanding:ReiMu"],"picked":"SafetyPray:ReiMu+1","floor":23.0},{"not_picked":["SpringWay:ReiMu+1","ForcedLanding:ReiMu"],"picked":"LearningPray:ReiMu","floor":25.0},{"not_picked":["Conquer:ReiMu+1","MikOfLucky:ReiMu"],"picked":"SpreadBorder2:ReiMu+1","floor":27.0},{"not_picked":["KamiSacrifice:ReiMu","ForcedLanding:ReiMu"],"picked":"SpiritualOutbreak2:ReiMu+1","floor":29.0},{"not_picked":["SpiritualOutbreak2:ReiMu","LearningPray:ReiMu"],"picked":"UniversalSpiritual:ReiMu","floor":31.0},{"not_picked":["Dreaming:ReiMu","Determination:ReiMu"],"picked":"HakureiPhantom:ReiMu","floor":33.0},{"not_picked":["DoubleButterfly:ReiMu+1","CareerPray:ReiMu+1"],"picked":"RainPray2:ReiMu+1","floor":35},{"not_picked":["YinYangSange:ReiMu+1","AirStrike:ReiMu"],"picked":"RainPray2:ReiMu+1","floor":36}],"player_experience":517201,"relics_obtained":[{"floor":6.0,"key":"Whetstone"},{"floor":9.0,"key":"aspiration:DSix"},{"floor":23.0,"key":"FadedRune:ReiMu"},{"floor":26.0,"key":"Smiling Mask"},{"floor":29.0,"key":"aspiration:FetidBarrel"}],"event_choices":[{"cards_removed":["Regret"],"damage_healed":0.0,"max_hp_gain":0.0,"max_hp_loss":0.0,"gold_gain":0.0,"event_name":"Purifier","player_choice":"Purged","floor":3.0,"gold_loss":0.0,"damage_taken":0.0},{"damage_healed":0.0,"max_hp_gain":0.0,"max_hp_loss":0.0,"gold_gain":275.0,"event_name":"Golden Shrine","player_choice":"Desecrate","floor":5.0,"gold_loss":0.0,"damage_taken":0.0,"cards_obtained":["Regret"]},{"damage_healed":0.0,"max_hp_gain":0.0,"max_hp_loss":0.0,"gold_gain":0.0,"event_name":"betterThird:BetterNest","player_choice":"Madness","floor":21.0,"gold_loss":0.0,"damage_taken":0.0,"relics_obtained":["betterThird:NestCultRelic"]}],"is_beta":false,"boss_relics":[{"not_picked":["jesterMod:MachoBrace","Tiny House"],"picked":"conspire:RunicOctahedron"},{"not_picked":["Astrolabe","ShineYinYang:ReiMu"],"picked":"conspire:SpecialSausage"}],"items_purged_floors":[13],"is_endless":false,"potions_floor_spawned":[8,11,14,16,23,29,31,36],"killed_by":"Nightmare_Alpha","ascension_level":0}}