{"host":"49pjgf1q9ev52n8z","time":1608682412,"event":{"mods":["BaseMod","Bestiary","Colored Map","Minty Spire (QoL Compilation)","Practice Mode","Relic Stats","StSLib"],"gold_per_floor":[14,32,50,50,63,63,98,98,123,135,135,170,189,216,216,294,294,307,307,43,43,43,43,43,43],"floor_reached":24,"playtime":1839,"items_purged":[],"score":421,"play_id":"faab3815-a063-4d8b-b416-b49f9cfff793","local_time":"20201222161332","is_ascension_mode":true,"campfire_choices":[{"data":"Skewer","floor":6.0,"key":"SMITH"},{"data":"Neutralize","floor":8.0,"key":"SMITH"},{"floor":11.0,"key":"REST"},{"data":"Caltrops","floor":15.0,"key":"SMITH"},{"data":"Poisoned Stab","floor":23,"key":"SMITH"}],"circlet_count":0,"master_deck":["AscendersBane","Defend_G+1","Defend_G","Defend_G+1","Defend_G","Defend_G","Survivor","Neutralize+1","Skewer+1","Flying Knee","Caltrops+1","PiercingWail","Poisoned Stab+1","Die Die Die","Bite","Bite","Bite","Bite","Bite"],"relics":["Ring of the Snake","Torii","War Paint","Strawberry","Pantograph","Black Star","Kunai","Nloth\u0027s Gift"],"acts_visited":["Exordium","TheCity"],"potions_floor_usage":[16],"damage_taken":[{"damage":1.0,"enemies":"2 Louse","floor":1.0,"turns":3.0},{"damage":2.0,"enemies":"Jaw Worm","floor":2.0,"turns":5.0},{"damage":0.0,"enemies":"Cultist","floor":3.0,"turns":3.0},{"damage":1.0,"enemies":"3 Louse","floor":5.0,"turns":4.0},{"damage":24.0,"enemies":"3 Sentries","floor":7.0,"turns":8.0},{"damage":2.0,"enemies":"Looter","floor":10.0,"turns":3.0},{"damage":16.0,"enemies":"Gremlin Nob","floor":12.0,"turns":5.0},{"damage":2.0,"enemies":"Blue Slaver","floor":13.0,"turns":3.0},{"damage":12.0,"enemies":"3 Sentries","floor":14.0,"turns":9.0},{"damage":13,"enemies":"The Guardian","floor":16,"turns":11},{"damage":21,"enemies":"Spheric Guardian","floor":18,"turns":6},{"damage":77,"enemies":"Gremlin Leader","floor":24,"turns":7}],"seed_played":"7488285198559155048","potions_obtained":[{"floor":3.0,"key":"LiquidBronze"},{"floor":5.0,"key":"SkillPotion"},{"floor":7.0,"key":"Regen Potion"},{"floor":13.0,"key":"FearPotion"},{"floor":14.0,"key":"Fruit Juice"}],"is_trial":false,"path_per_floor":["M","M","M","?","M","R","E","R","T","M","R","E","M","E","R","B",null,"M","?","$","?","?","R","E"],"character_chosen":"THE_SILENT","items_purchased":["Kunai"],"campfire_rested":1,"item_purchase_floors":[20],"current_hp_per_floor":[58,56,56,56,55,55,31,31,38,36,57,41,39,47,47,59,73,52,52,52,52,52,52,0,0],"gold":43,"neow_bonus":"ONE_RARE_RELIC","is_daily":false,"chose_seed":false,"campfire_upgraded":4,"win_rate":0.0,"timestamp":1608682412,"path_taken":["M","M","M","?","M","R","E","R","T","M","R","E","M","E","R","BOSS","M","?","$","?","?","R","E"],"items_purchased_type":["Relic"],"build_version":"2020-12-13","purchased_purges":0,"victory":false,"max_hp_per_floor":[66,66,66,66,66,66,66,66,73,73,73,73,73,78,78,78,78,78,78,78,54,54,54,54,54],"relic_stats":{"Torii":69,"counters":[12,67],"Pantograph":25,"Black Star":0,"Nloth\u0027s Gift":0,"Kunai":[4],"War Paint":["Defend_G","Defend_G"],"obtain_stats":[{"Torii":0,"Strawberry":9,"Pantograph":14,"Black Star":17,"Nloth\u0027s Gift":22,"Kunai":20,"War Paint":7,"Boot":12,"Ring of the Snake":0},{"Torii":0,"Strawberry":5,"Pantograph":9,"Black Star":10,"Nloth\u0027s Gift":11,"Kunai":11,"War Paint":5,"Boot":7,"Ring of the Snake":0},{"Torii":0,"Strawberry":23,"Pantograph":43,"Black Star":54,"Nloth\u0027s Gift":60,"Kunai":60,"War Paint":23,"Boot":31,"Ring of the Snake":0}],"Ring of the Snake":[24]},"card_choices":[{"not_picked":["Underhanded Strike","Finisher"],"picked":"Skewer","floor":1.0},{"not_picked":["Deadly Poison","Tactician"],"picked":"Flying Knee","floor":2.0},{"not_picked":["Riddle With Holes","Quick Slash","Dagger Throw"],"picked":"SKIP","floor":3.0},{"not_picked":["Deflect","Skewer","Escape Plan"],"picked":"SKIP","floor":5.0},{"not_picked":["Slice","Accuracy","Blade Dance"],"picked":"SKIP","floor":7.0},{"not_picked":["Acrobatics","Dagger Spray","Flechettes"],"picked":"SKIP","floor":10.0},{"not_picked":["PiercingWail","Accuracy"],"picked":"Caltrops","floor":12.0},{"not_picked":["Accuracy","Eviscerate"],"picked":"PiercingWail","floor":13.0},{"not_picked":["Setup","Accuracy"],"picked":"Poisoned Stab","floor":14.0},{"not_picked":["Glass Knife","Doppelganger"],"picked":"Die Die Die","floor":16},{"not_picked":["Infinite Blades","Bane","Choke"],"picked":"SKIP","floor":18}],"player_experience":602126,"relics_obtained":[{"floor":7.0,"key":"War Paint"},{"floor":9.0,"key":"Strawberry"},{"floor":12.0,"key":"Boot"},{"floor":14.0,"key":"Pantograph"}],"event_choices":[{"damage_healed":0.0,"max_hp_gain":0.0,"max_hp_loss":0.0,"gold_gain":0.0,"event_name":"Scrap Ooze","player_choice":"Fled","floor":4.0,"gold_loss":0.0,"damage_taken":0.0},{"damage_healed":0,"gold_gain":0,"player_choice":"Ignored","damage_taken":0,"max_hp_gain":0,"max_hp_loss":0,"event_name":"Beggar","floor":19,"gold_loss":0},{"damage_healed":0,"gold_gain":0,"player_choice":"Became a vampire","damage_taken":0,"max_hp_gain":0,"max_hp_loss":24,"event_name":"Vampires","floor":21,"gold_loss":0,"cards_obtained":["Bite","Bite","Bite","Bite","Bite"]},{"damage_healed":0,"gold_gain":0,"player_choice":"Traded Relic","damage_taken":0,"relics_obtained":["Nloth\u0027s Gift"],"max_hp_gain":0,"max_hp_loss":0,"event_name":"N\u0027loth","floor":22,"relics_lost":["Boot"],"gold_loss":0}],"is_beta":false,"boss_relics":[{"not_picked":["Fusion Hammer","WristBlade"],"picked":"Black Star"}],"items_purged_floors":[],"is_endless":false,"potions_floor_spawned":[3,5,7,13,14],"killed_by":"Gremlin Leader","ascension_level":17}}