{"host":"qdfumeom6htv8yxl","time":1608749244,"event":{"mods":["AchievementEnabler","BaseMod","Block Reminder","Minty Spire (QoL Compilation)","Quick Restart","Relic Stats"],"gold_per_floor":[117,117,47,47,66,66,99,24,47,47,59,89,106,381,381,480,480,500,513,513,530,530,530,550,550,550,560,560,574,574,266,266,362,362,400,400,411,215,215,271,32,79,106,133,133,180,227,311,311,311],"floor_reached":51,"playtime":4202,"items_purged":["Strike_P","Regret","Writhe"],"score":1121,"play_id":"9afa6b30-7481-4c36-9356-d6793d5ffbc9","local_time":"20201223124724","is_ascension_mode":true,"campfire_choices":[{"data":"WheelKick","floor":6,"key":"SMITH"},{"data":"WaveOfTheHand","floor":10,"key":"SMITH"},{"data":"TalkToTheHand","floor":15,"key":"SMITH"},{"floor":23,"key":"REST"},{"floor":25,"key":"REST"},{"floor":28,"key":"REST"},{"floor":32,"key":"REST"},{"data":"SpiritShield","floor":45,"key":"SMITH"},{"data":"Fasting2","floor":49,"key":"SMITH"}],"circlet_count":0,"master_deck":["Strike_P+1","Strike_P+1","Defend_P+1","Defend_P+1","Defend_P+1","Defend_P+1","Eruption","Vigilance","Consecrate+1","WheelKick+1","Sanctity","WaveOfTheHand+1","Protect","TalkToTheHand+1","FlyingSleeves","DevaForm","Protect+1","Fasting2+1","EmptyFist","EmptyBody+1","FollowUp","BattleHymn+1","Wish+1","CutThroughFate+1","SpiritShield","Crescendo","SpiritShield+1"],"relics":["PureWater","NeowsBlessing","Torii","Pen Nib","Lantern","Smiling Mask","Cursed Key","Centennial Puzzle","Molten Egg 2","Busted Crown","Bird Faced Urn","MawBank","Membership Card","Omamori","Nunchaku","Dead Branch","CloakClasp"],"acts_visited":["Exordium","TheCity","TheBeyond"],"potions_floor_usage":[12,16,21,33,37,42,46,46],"damage_taken":[{"damage":0,"enemies":"Jaw Worm","floor":1,"turns":1},{"damage":0,"enemies":"Cultist","floor":5,"turns":1},{"damage":0,"enemies":"3 Sentries","floor":7,"turns":1},{"damage":0,"enemies":"Small Slimes","floor":11,"turns":1},{"damage":12,"enemies":"Gremlin Nob","floor":12,"turns":3},{"damage":1,"enemies":"Red Slaver","floor":13,"turns":2},{"damage":6,"enemies":"Slime Boss","floor":16,"turns":6},{"damage":9,"enemies":"Chosen","floor":18,"turns":3},{"damage":30,"enemies":"2 Thieves","floor":19,"turns":5},{"damage":23,"enemies":"Snake Plant","floor":21,"turns":8},{"damage":5,"enemies":"Snecko","floor":24,"turns":5},{"damage":24,"enemies":"Cultist and Chosen","floor":27,"turns":8},{"damage":4,"enemies":"Centurion and Healer","floor":29,"turns":8},{"damage":7,"enemies":"Champ","floor":33,"turns":10},{"damage":4,"enemies":"3 Shapes","floor":35,"turns":6},{"damage":2,"enemies":"Orb Walker","floor":37,"turns":4},{"damage":6,"enemies":"Giant Head","floor":40,"turns":9},{"damage":0,"enemies":"Maw","floor":42,"turns":7},{"damage":0,"enemies":"Nemesis","floor":44,"turns":5},{"damage":8,"enemies":"Spire Growth","floor":46,"turns":5},{"damage":0,"enemies":"Writhing Mass","floor":47,"turns":5},{"damage":20,"enemies":"2 Orb Walkers","floor":48,"turns":5},{"damage":18,"enemies":"Time Eater","floor":50,"turns":8}],"seed_played":"7519280190720006097","potions_obtained":[{"floor":7,"key":"DistilledChaos"},{"floor":11,"key":"Explosive Potion"},{"floor":16,"key":"Fruit Juice"},{"floor":19,"key":"LiquidMemories"},{"floor":21,"key":"Energy Potion"},{"floor":33,"key":"LiquidMemories"},{"floor":37,"key":"LiquidMemories"},{"floor":40,"key":"SkillPotion"},{"floor":46,"key":"SpeedPotion"}],"is_trial":false,"path_per_floor":["M","?","$","T","M","R","E","$","T","R","M","E","M","?","R","B",null,"M","M","?","M","?","R","M","R","T","M","R","M","?","$","R","B",null,"M","?","M","$","?","E","$","M","T","E","R","M","M","?","R","B",null],"character_chosen":"WATCHER","items_purchased":["WheelKick","Molten Egg 2","SpiritShield","Membership Card","Omamori","Crescendo"],"campfire_rested":4,"item_purchase_floors":[3,31,38,41,41,41],"current_hp_per_floor":[65,65,65,65,65,65,65,65,65,65,65,53,52,52,52,46,66,57,27,27,4,4,25,20,41,41,17,38,34,34,34,55,48,66,62,62,64,64,64,64,64,75,75,77,77,69,75,57,57,45],"gold":311,"neow_bonus":"THREE_ENEMY_KILL","is_daily":false,"chose_seed":false,"campfire_upgraded":5,"win_rate":0.0,"timestamp":1608749244,"path_taken":["M","?","$","?","?","R","E","?","T","R","M","E","?","?","R","BOSS","M","M","?","?","?","R","M","R","T","M","R","M","?","$","R","BOSS","M","?","?","$","?","E","$","M","T","E","R","?","M","?","R","BOSS"],"items_purchased_type":["Card","Relic","Card","Relic","Relic","Card"],"build_version":"2020-12-22","purchased_purges":3,"victory":true,"max_hp_per_floor":[72,72,72,72,72,72,72,72,72,72,72,72,72,72,72,72,72,72,72,72,72,72,72,72,72,72,72,72,72,72,72,72,72,72,72,72,72,72,72,72,72,77,77,77,77,77,77,77,77,77],"relic_stats":{"Torii":20,"counters":[23,116],"Dead Branch":[33],"Pen Nib":[24],"CloakClasp":[32],"Smiling Mask":125,"Cursed Key":2,"MawBank":12,"Centennial Puzzle":[27],"Nunchaku":[6],"Busted Crown":16,"Bird Faced Urn":[32],"obtain_stats":[{"Lantern":9,"NeowsBlessing":0,"Torii":4,"Dead Branch":44,"Pen Nib":7,"Omamori":41,"CloakClasp":48,"Smiling Mask":12,"Cursed Key":17,"MawBank":40,"Centennial Puzzle":26,"Nunchaku":43,"Busted Crown":34,"Bird Faced Urn":36,"Molten Egg 2":31,"Membership Card":41,"PureWater":0},{"Lantern":3,"NeowsBlessing":0,"Torii":1,"Dead Branch":19,"Pen Nib":3,"Omamori":17,"CloakClasp":22,"Smiling Mask":5,"Cursed Key":7,"MawBank":17,"Centennial Puzzle":11,"Nunchaku":18,"Busted Crown":14,"Bird Faced Urn":15,"Molten Egg 2":13,"Membership Card":17,"PureWater":0},{"Lantern":3,"NeowsBlessing":0,"Torii":1,"Dead Branch":93,"Pen Nib":3,"Omamori":81,"CloakClasp":108,"Smiling Mask":7,"Cursed Key":15,"MawBank":81,"Centennial Puzzle":36,"Nunchaku":88,"Busted Crown":62,"Bird Faced Urn":68,"Molten Egg 2":52,"Membership Card":81,"PureWater":0}]},"card_choices":[{"not_picked":["Crescendo","FlurryOfBlows"],"picked":"Consecrate","floor":1},{"not_picked":["Vengeance","Nirvana"],"picked":"Sanctity","floor":5},{"not_picked":["FlyingSleeves","Perseverance"],"picked":"WaveOfTheHand","floor":7},{"not_picked":["FollowUp","ClearTheMind"],"picked":"Protect","floor":11},{"not_picked":["Consecrate","MasterReality"],"picked":"TalkToTheHand","floor":12},{"not_picked":["Fasting2","ClearTheMind"],"picked":"FlyingSleeves","floor":13},{"not_picked":["Ragnarok","Brilliance"],"picked":"DevaForm","floor":16},{"not_picked":["Prostrate","FlurryOfBlows"],"picked":"Protect+1","floor":18},{"not_picked":["BowlingBash","EmptyBody"],"picked":"Fasting2","floor":19},{"not_picked":["CrushJoints","BowlingBash"],"picked":"EmptyBody+1","floor":21},{"not_picked":["Study+1","Evaluate"],"picked":"FollowUp","floor":24},{"not_picked":["Pray","Prostrate+1","SashWhip+1"],"picked":"SKIP","floor":27},{"not_picked":["JustLucky","Establishment"],"picked":"BattleHymn+1","floor":29},{"not_picked":["Omniscience","Alpha"],"picked":"Wish","floor":33},{"not_picked":["Protect+1"],"picked":"SKIP","floor":35},{"not_picked":[],"picked":"CutThroughFate+1","floor":37},{"not_picked":["Halt"],"picked":"SKIP","floor":40},{"not_picked":["Pray+1"],"picked":"SKIP","floor":42},{"not_picked":[],"picked":"SpiritShield","floor":44},{"not_picked":["FlurryOfBlows+1"],"picked":"SKIP","floor":46},{"not_picked":["WaveOfTheHand"],"picked":"SKIP","floor":47}],"player_experience":1497742,"relics_obtained":[{"floor":4,"key":"Torii"},{"floor":7,"key":"Pen Nib"},{"floor":9,"key":"Lantern"},{"floor":12,"key":"Smiling Mask"},{"floor":26,"key":"Centennial Puzzle"},{"floor":36,"key":"Bird Faced Urn"},{"floor":40,"key":"MawBank"},{"floor":43,"key":"Nunchaku"},{"floor":44,"key":"Dead Branch"},{"floor":48,"key":"CloakClasp"}],"event_choices":[{"damage_healed":0,"gold_gain":0,"player_choice":"Upgraded","damage_taken":0,"max_hp_gain":0,"max_hp_loss":0,"event_name":"Upgrade Shrine","floor":2,"gold_loss":0,"cards_upgraded":["Consecrate"]},{"damage_healed":0,"gold_gain":275,"player_choice":"Desecrate","damage_taken":0,"max_hp_gain":0,"max_hp_loss":0,"event_name":"Golden Shrine","floor":14,"gold_loss":0,"cards_obtained":["Regret"]},{"damage_healed":0,"gold_gain":0,"cards_transformed":["Strike_P"],"player_choice":"Transformed","damage_taken":0,"max_hp_gain":0,"max_hp_loss":0,"event_name":"Transmorgrifier","floor":20,"gold_loss":0,"cards_obtained":["EmptyFist"]},{"damage_healed":0,"gold_gain":0,"player_choice":"Simplicity","damage_taken":0,"max_hp_gain":0,"max_hp_loss":0,"event_name":"Back to Basics","floor":22,"gold_loss":0,"cards_upgraded":["Strike_P","Strike_P","Defend_P","Defend_P","Defend_P","Defend_P"]},{"damage_healed":0,"gold_gain":0,"player_choice":"Ignored","damage_taken":0,"max_hp_gain":0,"max_hp_loss":0,"event_name":"Vampires","floor":30,"gold_loss":0},{"damage_healed":0,"gold_gain":0,"player_choice":"Relic","damage_taken":0,"max_hp_gain":0,"max_hp_loss":0,"event_name":"Wheel of Change","floor":36,"gold_loss":0},{"damage_healed":0,"gold_gain":0,"player_choice":"Upgraded","damage_taken":0,"max_hp_gain":0,"max_hp_loss":0,"event_name":"Upgrade Shrine","floor":39,"gold_loss":0,"cards_upgraded":["Wish"]},{"damage_healed":0,"gold_gain":0,"player_choice":"Fight","damage_taken":0,"max_hp_gain":0,"max_hp_loss":0,"event_name":"Mysterious Sphere","floor":48,"gold_loss":0}],"is_beta":false,"boss_relics":[{"not_picked":["Ectoplasm","Coffee Dripper"],"picked":"Cursed Key"},{"not_picked":["Empty Cage","Fusion Hammer"],"picked":"Busted Crown"}],"items_purged_floors":[8,31,38],"is_endless":false,"potions_floor_spawned":[7,11,16,19,21,33,37,40,46],"ascension_level":8}}