{"host":"m6aaltr68g9tvoay","time":1608697670,"event":{"mods":["AchievementEnabler","BaseMod","Colored Map","Minty Spire (QoL Compilation)","StSLib"],"gold_per_floor":[113,128,146,146,165,198,198,212,235,235,235,267,227,241,241,319,319,333,333,333],"floor_reached":19,"playtime":723,"items_purged":[],"score":340,"play_id":"9c36b7bf-1b9f-429c-b308-93990d1db1c8","local_time":"20201222202750","is_ascension_mode":true,"campfire_choices":[{"data":"Static Discharge","floor":7,"key":"SMITH"},{"floor":11,"key":"REST"},{"floor":15,"key":"REST"}],"circlet_count":0,"master_deck":["AscendersBane","Strike_B","Strike_B","Strike_B","Strike_B","Defend_B","Defend_B","Defend_B","Defend_B","Zap","Dualcast","Rainbow","Leap","Reinforced Body","Static Discharge+1","Echo Form+1","Sweeping Beam","Parasite","Glacier","Go for the Eyes","Core Surge","Lockon"],"relics":["Cracked Core","Sundial","Frozen Egg 2","Nunchaku","Dead Branch","Nuclear Battery"],"acts_visited":["Exordium","TheCity"],"potions_floor_usage":[6,16],"damage_taken":[{"damage":4,"enemies":"Cultist","floor":1,"turns":3},{"damage":0,"enemies":"2 Louse","floor":2,"turns":2},{"damage":6,"enemies":"Small Slimes","floor":3,"turns":3},{"damage":4,"enemies":"Looter","floor":5,"turns":4},{"damage":15,"enemies":"Lagavulin","floor":6,"turns":8},{"damage":19,"enemies":"Exordium Wildlife","floor":8,"turns":3},{"damage":43,"enemies":"Gremlin Nob","floor":12,"turns":3},{"damage":0,"enemies":"Red Slaver","floor":14,"turns":4},{"damage":38,"enemies":"Slime Boss","floor":16,"turns":7},{"damage":6,"enemies":"3 Byrds","floor":18,"turns":2},{"damage":50,"enemies":"Masked Bandits","floor":19,"turns":5}],"seed_played":"3047521386420927137","potions_obtained":[{"floor":5,"key":"Regen Potion"},{"floor":8,"key":"PowerPotion"},{"floor":13,"key":"SmokeBomb"},{"floor":18,"key":"BlessingOfTheForge"}],"is_trial":false,"path_per_floor":["M","M","M","T","M","E","R","M","T","?","R","E","?","M","R","B",null,"M","?"],"character_chosen":"DEFECT","items_purchased":[],"campfire_rested":2,"item_purchase_floors":[],"current_hp_per_floor":[60,60,54,54,50,50,50,31,31,48,69,26,26,26,47,9,56,50,0,0],"gold":333,"neow_bonus":"ONE_RANDOM_RARE_CARD","is_daily":false,"chose_seed":false,"campfire_upgraded":1,"win_rate":0.0,"timestamp":1608697670,"path_taken":["M","M","?","?","M","E","R","M","T","?","R","E","?","M","R","BOSS","M","?"],"items_purchased_type":[],"build_version":"2020-12-13","purchased_purges":0,"victory":false,"max_hp_per_floor":[71,71,71,71,71,71,71,71,71,71,71,71,71,71,71,71,71,71,71,71],"card_choices":[{"not_picked":["Stack","Cold Snap"],"picked":"Leap","floor":1},{"not_picked":["Steam Power","Stack","Chaos"],"picked":"SKIP","floor":2},{"not_picked":["Chaos","Cold Snap"],"picked":"Reinforced Body","floor":3},{"not_picked":["Streamline","Cold Snap"],"picked":"Static Discharge","floor":5},{"not_picked":["Reinforced Body","White Noise"],"picked":"Echo Form+1","floor":6},{"not_picked":["Heatsinks+1","Turbo"],"picked":"Sweeping Beam","floor":8},{"not_picked":["Chaos","Turbo"],"picked":"Glacier","floor":12},{"not_picked":["Beam Cell","Redo"],"picked":"Go for the Eyes","floor":14},{"not_picked":["Amplify","Multi-Cast"],"picked":"Core Surge","floor":16},{"not_picked":["Recycle+1","Sweeping Beam"],"picked":"Lockon","floor":18}],"player_experience":1292773,"relics_obtained":[{"floor":4,"key":"Sundial"},{"floor":6,"key":"Frozen Egg 2"},{"floor":9,"key":"Nunchaku"},{"floor":12,"key":"Dead Branch"}],"event_choices":[{"damage_healed":17,"gold_gain":0,"player_choice":"Healed and dodged fight","damage_taken":0,"max_hp_gain":0,"max_hp_loss":0,"event_name":"Mushrooms","floor":10,"gold_loss":0,"cards_obtained":["Parasite"]},{"damage_healed":0,"gold_gain":0,"player_choice":"Bought 3 Potions","damage_taken":0,"max_hp_gain":0,"max_hp_loss":0,"event_name":"The Woman in Blue","floor":13,"gold_loss":0},{"damage_healed":0,"gold_gain":0,"player_choice":"Fought Bandits","damage_taken":0,"max_hp_gain":0,"max_hp_loss":0,"event_name":"Masked Bandits","floor":19,"gold_loss":0}],"is_beta":false,"boss_relics":[{"not_picked":["SacredBark","SlaversCollar"],"picked":"Nuclear Battery"}],"items_purged_floors":[],"is_endless":false,"potions_floor_spawned":[5,8,14,18],"killed_by":"Masked Bandits","ascension_level":18}}