{"host":"xhamcave7q47vrco","time":1608726382,"event":{"mods":["ATMod(°¢èªMod)","AchievementEnabler","BaseMod","BetterRewards","Card Forge","Colored Powertips","Minty Spire (QoL Compilation)","Permanent Neow","Quick Restart","Remove Card Discount Mod","Shop Mod","StSLib","¡¾ÒÅÎï¿¨ÅÆ¡¿REMEMod"],"gold_per_floor":[118,136,153,153,173,204,204,230,253,287,299,341,364,407,419,531,543,765,994,448,460,476,505,505,521,521,521,548,580,580,580,580,685,685,702,915,1390,1402,1612,1612,1119,1149,1173,1189,1094,1120,1139,751,751,751,751,751,296,323,323],"floor_reached":56,"playtime":2336,"items_purged":["Pain","Normality","Strike_R","Strike_R","Strike_R","Defend_R","Defend_R","Strike_R","Defend_R","Pain","Normality","AT_IchimonjiDouble","Regret","Spot Weakness+1"],"score":2237,"play_id":"7519c928-55ad-46a9-887f-7ba94e9ac77d","local_time":"20201223202622","is_ascension_mode":true,"campfire_choices":[{"data":"Whirlwind","floor":7,"key":"SMITH"},{"data":"Heavy Blade","floor":11,"key":"SMITH"},{"data":"Shockwave","floor":15,"key":"SMITH"},{"data":"Berserk","floor":27,"key":"SMITH"},{"data":"Reaper","floor":30,"key":"SMITH"},{"floor":32,"key":"RECALL"},{"data":"Limit Break","floor":40,"key":"SMITH"}],"circlet_count":0,"master_deck":["Reaper+1","Inflame+1","Pummel+1","REME_ACTH+1","Whirlwind+1","Heavy Blade+1","Shockwave+1","Berserk+1","Inflame+1","AT_IchimonjiDouble+1","AT_ShrugMaster+1","Limit Break+1"],"relics":["Hammer of Thor","Seething Fire","Anvil of the Gods","REME_ComplimentaryCards","AT_ATBox","Coffee Dripper","Oddly Smooth Stone","Nunchaku","REME_DemonsWealth","AT_SunfireAegis","War Paint","REME_HourglassOfDeath","Orichalcum","Red Mask","AT_TrinityForce","Lantern","Frozen Eye","Blood Vial","MerchantsRug","Paper Frog","Omamori","AT_BellDemon","Centennial Puzzle","AT_ChloranthyRing","AT_ForceNature","Potion Belt","Anchor","AT_ImmortalShieldbow","Medical Kit","Torii","Bronze Scales","Thread and Needle"],"acts_visited":["Exordium","TheCity","TheBeyond","TheEnding"],"potions_floor_usage":[],"damage_taken":[{"damage":2,"enemies":"Jaw Worm","floor":1,"turns":3},{"damage":0,"enemies":"Cultist","floor":2,"turns":2},{"damage":0,"enemies":"2 Louse","floor":3,"turns":1},{"damage":3,"enemies":"Blue Slaver","floor":5,"turns":2},{"damage":5,"enemies":"3 Sentries","floor":6,"turns":3},{"damage":0,"enemies":"Gremlin Nob","floor":8,"turns":2},{"damage":14,"enemies":"Lagavulin","floor":10,"turns":5},{"damage":16,"enemies":"Gremlin Nob","floor":12,"turns":3},{"damage":0,"enemies":"Lots of Slimes","floor":13,"turns":1},{"damage":8,"enemies":"3 Sentries","floor":14,"turns":5},{"damage":0,"enemies":"Slime Boss","floor":16,"turns":4},{"damage":6,"enemies":"Chosen","floor":18,"turns":3},{"damage":6,"enemies":"Shell Parasite","floor":19,"turns":2},{"damage":0,"enemies":"3 Cultists","floor":21,"turns":2},{"damage":0,"enemies":"Snecko","floor":22,"turns":2},{"damage":0,"enemies":"REME_1_Revenger","floor":23,"turns":2},{"damage":0,"enemies":"Centurion and Healer","floor":25,"turns":2},{"damage":15,"enemies":"Slavers","floor":28,"turns":2},{"damage":0,"enemies":"Masked Bandits","floor":29,"turns":2},{"damage":0,"enemies":"Collector","floor":33,"turns":3},{"damage":0,"enemies":"3 Darklings","floor":35,"turns":1},{"damage":0,"enemies":"3 Shapes","floor":36,"turns":2},{"damage":29,"enemies":"Jaw Worm Horde","floor":38,"turns":2},{"damage":14,"enemies":"Spire Growth","floor":39,"turns":2},{"damage":0,"enemies":"Giant Head","floor":42,"turns":2},{"damage":0,"enemies":"Maw","floor":44,"turns":2},{"damage":0,"enemies":"Nemesis","floor":46,"turns":1},{"damage":0,"enemies":"Jaw Worm Horde","floor":47,"turns":2},{"damage":0,"enemies":"Awakened One","floor":50,"turns":3},{"damage":0,"enemies":"Shield and Spear","floor":54,"turns":2},{"damage":0,"enemies":"The Heart","floor":55,"turns":3}],"seed_played":"5547402782226963324","potions_obtained":[{"floor":5,"key":"Weak Potion"},{"floor":6,"key":"LiquidMemories"},{"floor":8,"key":"FearPotion"},{"floor":19,"key":"BloodPotion"},{"floor":46,"key":"DistilledChaos"},{"floor":47,"key":"Dexterity Potion"}],"is_trial":false,"path_per_floor":["M","M","M","?","M","E","R","E","T","E","R","E","M","E","R","B",null,"M","M","$","M","M","E","?","M","T","R","E","?","R","?","R","B",null,"M","M","?","M","M","R","$","E","T","M","$","E","M","$","R","B",null,"R","$","E","B",null],"character_chosen":"IRONCLAD","items_purchased":["AT_SunfireAegis","Matryoshka","Strange Spoon","Lantern","Frozen Eye","Blood Vial","MerchantsRug","AT_ChloranthyRing","AT_ImmortalShieldbow","Medical Kit","Torii","Bronze Scales"],"campfire_rested":0,"item_purchase_floors":[20,20,20,41,41,41,41,45,48,48,53,53],"current_hp_per_floor":[76,80,80,80,77,72,72,72,72,65,65,56,56,63,63,80,80,80,74,74,74,74,75,75,75,75,75,60,78,78,78,78,80,80,80,80,80,80,66,66,66,68,68,70,70,72,80,80,80,80,80,80,80,80,80],"gold":323,"neow_bonus":"BOSS_RELIC","is_daily":false,"chose_seed":false,"campfire_upgraded":6,"win_rate":0.0,"timestamp":1608726382,"path_taken":["M","M","M","?","M","E","R","E","T","E","R","E","?","E","R","BOSS","M","M","$","M","M","E","?","M","T","R","E","?","R","?","R","BOSS","M","M","?","M","?","R","$","E","T","M","$","E","?","?","R","BOSS","R","$","E","BOSS"],"items_purchased_type":["Relic","Relic","Relic","Relic","Relic","Relic","Relic","Relic","Relic","Relic","Relic","Relic"],"build_version":"2020-12-22","purchased_purges":14,"victory":true,"max_hp_per_floor":[80,80,80,80,80,80,80,80,80,80,80,80,80,80,80,80,80,80,80,80,80,80,80,80,80,80,80,80,80,80,80,80,80,80,80,80,80,80,80,80,80,80,80,80,80,80,80,80,80,80,80,80,80,80,80],"card_choices":[{"not_picked":["Uppercut","Evolve","Ghostly Armor"],"picked":"SKIP","floor":1},{"not_picked":["True Grit","Twin Strike","Warcry"],"picked":"SKIP","floor":2},{"not_picked":["Cleave","AT_Dispersion"],"picked":"Whirlwind","floor":3},{"not_picked":["AT_BodySlamDance","Cleave"],"picked":"Heavy Blade","floor":5},{"not_picked":["Headbutt","Uppercut","Iron Wave"],"picked":"SKIP","floor":6},{"not_picked":["Thunderclap","Headbutt","Flex"],"picked":"SKIP","floor":8},{"not_picked":["Clash","REME_Fury","Thunderclap"],"picked":"SKIP","floor":10},{"not_picked":["AT_IchimonjiDouble","Dropkick"],"picked":"Shockwave","floor":12},{"not_picked":["Flex","Flame Barrier"],"picked":"Spot Weakness","floor":13},{"not_picked":["Iron Wave","Cleave","Offering"],"picked":"SKIP","floor":14},{"not_picked":["Brutality","REME_TheLastStrike"],"picked":"Berserk","floor":16},{"not_picked":["Pommel Strike","Clothesline","Havoc"],"picked":"Normality","floor":18},{"not_picked":["Flex+1","Spot Weakness","Body Slam+1"],"picked":"Pain","floor":19},{"not_picked":["Warcry+1","AT_BodySlamDance","Headbutt","Doubt"],"picked":"SKIP","floor":21},{"not_picked":["Dropkick","Exhume","Flex","Decay"],"picked":"SKIP","floor":22},{"not_picked":["Warcry","Rampage+1","REME_FearOfPain","Doubt"],"picked":"SKIP","floor":23},{"not_picked":["Infernal Blade","Metallicize+1","Pain"],"picked":"Inflame+1","floor":25},{"not_picked":["Warcry","Twin Strike","Decay"],"picked":"AT_IchimonjiDouble+1","floor":28},{"not_picked":["Armaments","Sword Boomerang","Injury"],"picked":"AT_ShrugMaster+1","floor":29},{"not_picked":["Demon Form","AT_Dispersion","Pain"],"picked":"Limit Break","floor":33},{"not_picked":["Warcry+1","REME_FearOfPain+1","Metallicize","Shame"],"picked":"SKIP","floor":35},{"not_picked":["Shockwave","Power Through+1","Disarm"],"picked":"Normality","floor":36},{"not_picked":["Thunderclap","Perfected Strike+1","Infernal Blade+1","Shame"],"picked":"SKIP","floor":38},{"not_picked":["Cleave+1","Headbutt","Dropkick+1"],"picked":"Pain","floor":39},{"not_picked":["Flame Barrier","Flex+1","Rage+1","Decay"],"picked":"SKIP","floor":42},{"not_picked":["Thunderclap+1","Carnage","Clash+1","Doubt"],"picked":"SKIP","floor":44},{"not_picked":["Seeing Red+1","Armaments+1","Carnage","Doubt"],"picked":"SKIP","floor":46},{"not_picked":["Clash","Body Slam+1","Flex+1","Pain"],"picked":"SKIP","floor":47},{"not_picked":["REME_ACTH","Metallicize","AT_DrawKnifeCut","Doubt"],"picked":"SKIP","floor":54}],"player_experience":65559,"relics_obtained":[{"floor":6,"key":"Oddly Smooth Stone"},{"floor":8,"key":"Regal Pillow"},{"floor":10,"key":"MawBank"},{"floor":14,"key":"Nunchaku"},{"floor":23,"key":"War Paint"},{"floor":26,"key":"REME_HourglassOfDeath"},{"floor":26,"key":"Orichalcum"},{"floor":29,"key":"Red Mask"},{"floor":42,"key":"Paper Frog"},{"floor":43,"key":"Omamori"},{"floor":43,"key":"AT_BellDemon"},{"floor":44,"key":"Centennial Puzzle"},{"floor":46,"key":"AT_ForceNature"},{"floor":46,"key":"Potion Belt"},{"floor":47,"key":"Anchor"},{"floor":54,"key":"Thread and Needle"}],"event_choices":[{"damage_healed":0,"gold_gain":0,"player_choice":"Bought 0 Potions","damage_taken":0,"max_hp_gain":0,"max_hp_loss":0,"event_name":"The Woman in Blue","floor":4,"gold_loss":0},{"damage_healed":0,"gold_gain":0,"player_choice":"Read","damage_taken":0,"max_hp_gain":0,"max_hp_loss":0,"event_name":"The Library","floor":24,"gold_loss":0,"cards_obtained":["AT_IchimonjiDouble"]},{"damage_healed":0,"gold_gain":0,"player_choice":"Fought Bandits","damage_taken":0,"max_hp_gain":0,"max_hp_loss":0,"event_name":"Masked Bandits","floor":29,"gold_loss":0},{"cards_removed":["AT_OneInchPunch"],"damage_healed":0,"gold_gain":0,"player_choice":"Elegance","damage_taken":0,"max_hp_gain":0,"max_hp_loss":0,"event_name":"Back to Basics","floor":31,"gold_loss":0},{"damage_healed":0,"gold_gain":275,"player_choice":"Desecrate","damage_taken":0,"max_hp_gain":0,"max_hp_loss":0,"event_name":"Golden Shrine","floor":37,"gold_loss":0,"cards_obtained":["Regret"]}],"is_beta":false,"boss_relics":[{"not_picked":["SlaversCollar","Busted Crown"],"picked":"REME_DemonsWealth"},{"not_picked":["Mark of Pain","Velvet Choker"],"picked":"AT_TrinityForce"}],"items_purged_floors":[20,20,20,20,20,20,20,20,20,41,41,41,41,45],"is_endless":false,"potions_floor_spawned":[5,6,8,19,22,25,33,36,39,42,46,47],"ascension_level":8}}