{"host":"08nxni9rwzvm98vp","time":1608732101,"event":{"mods":["AchievementEnabler","BaseMod","Better Third Choice","Card Forge","Colored Powertips","Gold Saver","Googly Eyes","Highlight Path","Marisa£¨Ùöéë¡¡Øª×âÞÞ£©","Minty Spire (QoL Compilation)","Quick Restart","Rare Cards Sparkle","Shop Mod","StSLib","SuperFastMode"],"gold_per_floor":[968,968,968,307,333,333,333,349,349,363,397,155,181,207,207,331,331,347,347,382,419,295,295,309,253,253,253,287,297,297,121,121,248,248,264,264,336,141,141,141,199,199,199,252,292,344,356,400,400,400,400,400,285,319,319],"floor_reached":56,"playtime":9353,"items_purged":["UpSweep","Strike_MRS+1"],"score":1522,"play_id":"0a480271-186c-43f7-b657-e24e9de4760e","local_time":"20201223230141","is_ascension_mode":false,"campfire_choices":[{"data":"UltimateShortwave","floor":6.0,"key":"SMITH"},{"data":"AsteroidBelt","floor":15.0,"key":"SMITH"},{"floor":23.0,"key":"RECALL"},{"data":"CasketOfStar","floor":32,"key":"SMITH"},{"data":"FinalSpark","floor":40,"key":"SMITH"},{"floor":49,"key":"REST"},{"floor":52,"key":"REST"}],"circlet_count":0,"master_deck":["Defend_MRS+1","Defend_MRS+1","Defend_MRS+1","MasterSpark+1","FairyDestructionRay+1","UltimateShortwave+1","WitchOfGreed+1","DoubleSpark+1","Singularity+1","FinalSpark+1","Finesse+1","AsteroidBelt+1","FinalSpark+1","BlazeAway+1","DoubleSpark+1","MagicChant+1","MagicAbsorber+1","CasketOfStar+1","FinalSpark+1","OortCloud+1","OortCloud+1","CollectingQuirk+1"],"relics":["MiniHakkero","Hammer of Thor","Seething Fire","Anvil of the Gods","Toolbox","Omamori","MealTicket","Happy Flower","InkBottle","The Courier","ExperimentalFamiliar","Kunai","Nunchaku","Smiling Mask","Oddly Smooth Stone","Sozu","CatCart","Singing Bowl","White Beast Statue","Question Card","Pear","TungstenRod"],"acts_visited":["Exordium","TheCity","TheBeyond","TheEnding"],"potions_floor_usage":[54,55],"damage_taken":[{"damage":0.0,"enemies":"2 Louse","floor":1.0,"turns":2.0},{"damage":5.0,"enemies":"Jaw Worm","floor":5.0,"turns":4.0},{"damage":0.0,"enemies":"Small Slimes","floor":8.0,"turns":3.0},{"damage":0.0,"enemies":"3 Louse","floor":10.0,"turns":1.0},{"damage":7.0,"enemies":"2 Fungi Beasts","floor":11.0,"turns":2.0},{"damage":7.0,"enemies":"Blue Slaver","floor":13.0,"turns":3.0},{"damage":0.0,"enemies":"Large Slime","floor":14.0,"turns":4.0},{"damage":0.0,"enemies":"Hexaghost","floor":16.0,"turns":6.0},{"damage":0.0,"enemies":"3 Byrds","floor":18.0,"turns":2.0},{"damage":9.0,"enemies":"Shell Parasite","floor":20.0,"turns":4.0},{"damage":6.0,"enemies":"Centurion and Healer","floor":21.0,"turns":2.0},{"damage":0,"enemies":"Sentry and Sphere","floor":24,"turns":2},{"damage":0,"enemies":"Book of Stabbing","floor":28,"turns":1},{"damage":0,"enemies":"Shelled Parasite and Fungi","floor":29,"turns":1},{"damage":0,"enemies":"Champ","floor":33,"turns":5},{"damage":0,"enemies":"Orb Walker","floor":35,"turns":2},{"damage":0,"enemies":"Orin","floor":37,"turns":5},{"damage":13,"enemies":"Giant Head","floor":41,"turns":4},{"damage":0,"enemies":"Reptomancer","floor":44,"turns":3},{"damage":4,"enemies":"3 Shapes","floor":45,"turns":1},{"damage":0,"enemies":"Nemesis","floor":46,"turns":3},{"damage":0,"enemies":"Sphere and 2 Shapes","floor":47,"turns":3},{"damage":0,"enemies":"Maw","floor":48,"turns":4},{"damage":0,"enemies":"Donu and Deca","floor":50,"turns":4},{"damage":0,"enemies":"Shield and Spear","floor":54,"turns":2},{"damage":113,"enemies":"The Heart","floor":55,"turns":9}],"seed_played":"-2806928082459376437","potions_obtained":[{"floor":1.0,"key":"BottledSpark"},{"floor":5.0,"key":"PowerPotion"},{"floor":11.0,"key":"Dexterity Potion"},{"floor":13.0,"key":"DistilledChaos"},{"floor":13.0,"key":"StarNLove"}],"is_trial":false,"path_per_floor":["M","?","?","$","M","R","?","M","T","M","M","$","M","M","R","B",null,"M","?","M","M","$","R","M","$","T","?","E","M","?","$","R","B",null,"M","?","?","$","T","R","E","$","T","E","M","E","M","M","R","B",null,"R","$","E","B",null],"character_chosen":"MARISA","items_purchased":["Toolbox","Omamori","MealTicket","UltimateShortwave","WitchOfGreed","FinalSpark","Finesse","Nunchaku","MagicChant","CasketOfStar","Singing Bowl","CollectingQuirk"],"campfire_rested":2,"item_purchase_floors":[4,4,4,4,4,12,12,22,25,31,38,53],"current_hp_per_floor":[82,75,75,75,70,70,10,10,10,10,3,18,11,11,11,11,82,82,82,73,67,82,82,82,82,82,82,82,82,82,82,82,82,82,82,82,82,82,82,82,71,84,84,86,82,94,94,96,100,100,100,100,100,102,69],"gold":319,"neow_bonus":"TEN_PERCENT_HP_BONUS","is_daily":false,"chose_seed":false,"campfire_upgraded":4,"win_rate":0.0,"timestamp":1608732101,"path_taken":["M","?","?","$","M","R","?","M","T","M","M","$","M","M","R","BOSS","M","?","M","M","$","R","M","$","T","?","E","M","?","?","R","BOSS","M","?","?","?","?","R","E","$","T","E","M","E","M","M","R","BOSS","R","$","E","BOSS"],"items_purchased_type":["Relic","Relic","Relic","Card","Card","Card","Card","Relic","Card","Card","Relic","Card"],"build_version":"2020-12-22","purchased_purges":2,"victory":true,"max_hp_per_floor":[82,82,82,82,82,82,82,82,82,82,82,82,82,82,82,82,82,82,82,82,82,82,82,82,82,82,82,82,82,82,82,82,82,82,82,82,82,82,82,82,84,84,84,86,86,98,98,100,100,100,100,100,100,102,102],"card_choices":[{"not_picked":["GasGiant","WitchLeyline"],"picked":"FairyDestructionRay","floor":1.0},{"not_picked":["WitchLeyline","IllusionStar"],"picked":"DoubleSpark","floor":5.0},{"not_picked":["MysteriousBeam","EnergyFlow","NonDirectionalLaser"],"picked":"SKIP","floor":8.0},{"not_picked":["NonDirectionalLaser","UnstableBomb"],"picked":"Singularity","floor":10.0},{"not_picked":["MysteriousBeam","Acceleration","WitchOfGreed"],"picked":"SKIP","floor":11.0},{"not_picked":["GrandCross","PropBag"],"picked":"AsteroidBelt","floor":13.0},{"not_picked":["6A","PowerUp","IllusionStar"],"picked":"SKIP","floor":14.0},{"not_picked":["CollectingQuirk","BigCrunch"],"picked":"FinalSpark","floor":16.0},{"not_picked":["DragonMeteor","FairyDestructionRay","Singularity"],"picked":"SKIP","floor":18.0},{"not_picked":["MysteriousBeam+1","6A"],"picked":"BlazeAway","floor":20.0},{"not_picked":["GrandCross","Acceleration"],"picked":"DoubleSpark+1","floor":21.0},{"not_picked":["PowerUp","Acceleration","MagicChant"],"picked":"SKIP","floor":24},{"not_picked":["ManaConvection+1","GrandCross","StarlightTyphoon"],"picked":"SKIP","floor":28},{"not_picked":["WitchLeyline","WitchOfGreed"],"picked":"MagicAbsorber","floor":29},{"not_picked":["JA","BlazingStar"],"picked":"FinalSpark","floor":33},{"not_picked":["NonDirectionalLaser","WitchOfGreed","GravityBeat"],"picked":"SKIP","floor":35},{"not_picked":["IllusionStar+1","Singularity+1","AsteroidBelt+1"],"picked":"Singing Bowl","floor":41},{"not_picked":["PowerUp+1","GravityBeat","PulseMagic+1","MagicChant+1"],"picked":"Singing Bowl","floor":44},{"not_picked":["StarlightTyphoon+1","MysteriousBeam","GrandCross"],"picked":"OortCloud+1","floor":45},{"not_picked":["ShootingEcho+1","PropBag+1","UnstableBomb+1","DarkMatter"],"picked":"Singing Bowl","floor":46},{"not_picked":["EventHorizon+1","SporeBomb","SuperPerseids+1"],"picked":"OortCloud+1","floor":47},{"not_picked":["Robbery+1","OneTimeOff+1","AsteroidBelt","IllusionStar"],"picked":"Singing Bowl","floor":48},{"not_picked":["Orbital","TreasureHunter","GalacticHalo+1","FairyDestructionRay+1"],"picked":"Singing Bowl","floor":54}],"player_experience":626715,"relics_obtained":[{"floor":9.0,"key":"The Courier"},{"floor":26,"key":"Smiling Mask"},{"floor":28,"key":"Oddly Smooth Stone"},{"floor":37,"key":"CatCart"},{"floor":39,"key":"White Beast Statue"},{"floor":41,"key":"Question Card"},{"floor":46,"key":"Pear"},{"floor":54,"key":"TungstenRod"}],"event_choices":[{"cards_removed":["Strike_MRS"],"damage_healed":0.0,"max_hp_gain":0.0,"max_hp_loss":0.0,"gold_gain":0.0,"event_name":"Golden Wing","player_choice":"Card Removal","floor":2.0,"gold_loss":0.0,"damage_taken":7.0},{"damage_healed":0.0,"max_hp_gain":0.0,"max_hp_loss":0.0,"gold_gain":0.0,"event_name":"betterThird:BetterSerpent","player_choice":"Ignored","floor":3.0,"gold_loss":0.0,"damage_taken":968.0},{"damage_healed":0.0,"max_hp_gain":0.0,"max_hp_loss":0.0,"gold_gain":1.0,"event_name":"betterThird:BetterScrap","player_choice":"Relic Relic ","floor":7.0,"gold_loss":0.0,"damage_taken":60.0,"cards_obtained":["Tactician"]},{"damage_healed":0.0,"max_hp_gain":0.0,"max_hp_loss":0.0,"gold_gain":0.0,"event_name":"The Mausoleum","player_choice":"Opened","floor":19.0,"gold_loss":0.0,"damage_taken":0.0,"relics_obtained":["Kunai"],"cards_obtained":["Writhe"]},{"damage_healed":0,"gold_gain":0,"player_choice":"Ignored","damage_taken":0,"max_hp_gain":0,"max_hp_loss":0,"event_name":"Ghosts","floor":27,"gold_loss":0},{"cards_removed":["Strike_MRS"],"damage_healed":0,"gold_gain":0,"player_choice":"Elegance","damage_taken":0,"max_hp_gain":0,"max_hp_loss":0,"event_name":"betterThird:BetterWriting","floor":30,"gold_loss":0},{"damage_healed":0,"gold_gain":0,"player_choice":"Memory 1","damage_taken":0,"max_hp_gain":0,"max_hp_loss":0,"event_name":"SensoryStone","floor":36,"gold_loss":0},{"damage_healed":0,"gold_gain":0,"player_choice":"Fight","damage_taken":0,"max_hp_gain":0,"max_hp_loss":0,"event_name":"OrinTheCat","floor":37,"gold_loss":0}],"is_beta":false,"boss_relics":[{"not_picked":["Astrolabe","Empty Cage"],"picked":"ExperimentalFamiliar"},{"not_picked":["Runic Dome","Calling Bell"],"picked":"Sozu"}],"items_purged_floors":[12,31],"is_endless":false,"potions_floor_spawned":[1,13,14,16,28,29,33,35,41,44,45,46,47,48,54],"ascension_level":0}}