{"host":"eez7vtcxu2i37lck","time":1608720615,"event":{"mods":["AchievementEnabler","BaseMod","Colored Map","Colored Powertips","Downfall","Hermit","Highlight Path","Hubris","Infinite Spire","Jorbs\u0027s Wanderer Trilogy","Minty Spire (QoL Compilation)","Quick Restart","Rare Cards Sparkle","Replay The Spire","Shop Mod","StSLib","The IronCluck"],"gold_per_floor":[180,197,217,227,243,258,326,343,343,343,343,443,443,457,474,474,474,474],"floor_reached":16,"playtime":526,"items_purged":[],"score":121,"play_id":"58179087-9bde-4015-963e-93d0ec2d9cb0","local_time":"20201223055015","is_ascension_mode":false,"campfire_choices":[{"floor":10,"key":"REST"},{"data":"Slimebound:SplitBruiser","floor":13,"key":"SMITH"}],"circlet_count":0,"master_deck":["Slimebound:Strike_Slimebound","Slimebound:Strike_Slimebound","Slimebound:Strike_Slimebound","Slimebound:Tackle","Slimebound:Defend_Slimebound","Slimebound:Defend_Slimebound","Slimebound:Defend_Slimebound","Slimebound:Defend_Slimebound","Slimebound:Split","Slimebound:CorrosiveSpit","Slimebound:SplitBruiser+1","Slimebound:PressTheAttack","Slimebound:Repurpose","hubris:Fate","Slimebound:Repurpose","Slimebound:SplitMire","Slimebound:SlimeTap"],"relics":["Slimebound:AbsorbEndCombat","Pear","infinitespire:Beetle Shell","Potion Belt"],"acts_visited":["Exordium"],"potions_floor_usage":[14],"damage_taken":[{"damage":7,"enemies":"Cultist","floor":2,"turns":5},{"damage":7,"enemies":"Jaw Worm","floor":3,"turns":5},{"damage":16,"enemies":"Small Slimes","floor":4,"turns":3},{"damage":21,"enemies":"Red Slaver","floor":5,"turns":3},{"damage":13,"enemies":"Large Slime","floor":6,"turns":6},{"damage":26,"enemies":"3 Louse","floor":8,"turns":4},{"damage":1,"enemies":"downfall:LadyInBlue","floor":12,"turns":8},{"damage":21,"enemies":"Gremlin Gang","floor":14,"turns":2},{"damage":12,"enemies":"Large Slime","floor":15,"turns":4},{"damage":95,"enemies":"downfall:Defect","floor":16,"turns":6}],"seed_played":"3190543912537364789","potions_obtained":[{"floor":6,"key":"Regen Potion"},{"floor":8,"key":"AttackPotion"},{"floor":12,"key":"SkillPotion"},{"floor":12,"key":"ColorlessPotion"},{"floor":12,"key":"sneckomod:MuddlingPotion"},{"floor":14,"key":"BlessingOfTheForge"},{"floor":15,"key":"GamblersBrew"}],"is_trial":false,"path_per_floor":["R_BF","M","M","M","M","M","T","M","?","R","?","?","R","M","M","B"],"character_chosen":"SLIMEBOUND","items_purchased":[],"campfire_rested":1,"item_purchase_floors":[],"current_hp_per_floor":[66,63,66,58,49,48,58,48,28,50,50,69,69,52,73,0,0,0],"gold":474,"neow_bonus":"TEN_PERCENT_HP_BONUS","is_daily":false,"chose_seed":false,"campfire_upgraded":1,"win_rate":0.0,"timestamp":1608720615,"path_taken":["R_BF","M","?","M","M","M","T","M","?","R","?","?","R","M","M","BOSS"],"items_purchased_type":[],"build_version":"2020-12-22","purchased_purges":0,"victory":false,"max_hp_per_floor":[66,66,66,66,66,66,76,76,76,76,76,76,76,76,76,76,76,76],"card_choices":[{"not_picked":["Slimebound:GoopSpray","Slimebound:SamplingLick","Slimebound:Dissolve"],"picked":"SKIP","floor":2},{"not_picked":["Slimebound:ComboTackle","Slimebound:SplitMire"],"picked":"Slimebound:SplitBruiser","floor":3},{"not_picked":["Slimebound:MegaLick","Slimebound:GrowthPunch","Slimebound:ItLooksTasty"],"picked":"SKIP","floor":4},{"not_picked":["Slimebound:GoopTackle","Slimebound:RollThrough"],"picked":"Slimebound:PressTheAttack","floor":5},{"not_picked":["Slimebound:FormOfPuddle","Slimebound:MegaLick"],"picked":"Slimebound:Repurpose","floor":6},{"not_picked":["Slimebound:Dissolve","Slimebound:LeechingTouch","Slimebound:ViciousTackle"],"picked":"SKIP","floor":8},{"not_picked":["infinitespire:DeathsTouch","ReplayTheSpireMod:Black Plague"],"picked":"hubris:Fate","floor":9},{"not_picked":["Slimebound:LeechEnergy","Slimebound:RollThrough"],"picked":"Slimebound:Repurpose","floor":12},{"not_picked":["Slimebound:LeechEnergy","Slimebound:Schlurp"],"picked":"Slimebound:SplitMire","floor":14},{"not_picked":["Slimebound:FormOfPuddle","Slimebound:LeechLife"],"picked":"Slimebound:SlimeTap","floor":15}],"player_experience":225432,"relics_obtained":[{"floor":7,"key":"Pear"},{"floor":11,"key":"infinitespire:Beetle Shell"},{"floor":12,"key":"Potion Belt"}],"event_choices":[],"is_beta":false,"boss_relics":[],"items_purged_floors":[],"is_endless":false,"potions_floor_spawned":[6,8,14,15],"killed_by":"downfall:Defect","ascension_level":0}}