{"host":"69rply1jf2d1wbmp","time":1608713797,"event":{"mods":["BaseMod","Minty Spire (QoL Compilation)","Quick Restart"],"gold_per_floor":[116,116,76,22,22,22,56,56,83,95,141,153,199,243,255,364,426,450,79,79,79,79,110,110,120,120,145,28,58,86,115,115,215,215,233,10,10,10,10,45,88,88,88,88,121,121,130,167,167,167],"floor_reached":51,"playtime":1982,"items_purged":[],"score":923,"play_id":"6c585cf2-9d2a-4806-aa97-45aa898b8e8e","local_time":"20201223035637","daily_mods":["SealedDeck","Heirloom","Flight"],"is_ascension_mode":false,"campfire_choices":[{"data":"Armaments","floor":6,"key":"SMITH"},{"data":"Metallicize","floor":8,"key":"SMITH"},{"data":"Fire Breathing","floor":10,"key":"SMITH"},{"data":"Pommel Strike","floor":12,"key":"SMITH"},{"data":"Twin Strike","floor":15,"key":"SMITH"},{"data":"Fire Breathing","floor":24,"key":"SMITH"},{"floor":32,"key":"REST"},{"data":"Barricade","floor":42,"key":"SMITH"},{"data":"Evolve","floor":44,"key":"SMITH"},{"data":"Metallicize","floor":46,"key":"SMITH"},{"floor":49,"key":"REST"}],"circlet_count":0,"master_deck":["Fire Breathing+1","Power Through","Cleave","Ghostly Armor","Cleave","Pommel Strike+1","Cleave+1","Twin Strike+1","Twin Strike","Shrug It Off","Metallicize+1","Armaments+1","Feed","Shrug It Off+1","Fire Breathing+1","Metallicize+1","Rampage+1","Demon Form","Barricade+1","Evolve+1","Reckless Charge","Metallicize","Wild Strike","Metallicize","Writhe","Juggernaut","Mayhem","Entrench+1"],"relics":["Black Blood","StoneCalendar","Blood Vial","MawBank","TungstenRod","Bottled Lightning","Toxic Egg 2","Prayer Wheel","Self Forming Clay","Nloth\u0027s Gift","Tiny Chest","CaptainsWheel","HornCleat","FossilizedHelix","Pen Nib","Torii","Brimstone","Bottled Flame","Eternal Feather","CeramicFish","Kunai","Pear","Meat on the Bone"],"acts_visited":["Exordium","TheCity","TheBeyond"],"potions_floor_usage":[41,50,50],"damage_taken":[{"damage":0,"enemies":"2 Louse","floor":1,"turns":2},{"damage":3,"enemies":"3 Sentries","floor":7,"turns":4},{"damage":4,"enemies":"Lagavulin","floor":11,"turns":6},{"damage":8,"enemies":"3 Sentries","floor":13,"turns":3},{"damage":3,"enemies":"Gremlin Nob","floor":14,"turns":4},{"damage":34,"enemies":"Hexaghost","floor":16,"turns":7},{"damage":20,"enemies":"3 Byrds","floor":18,"turns":6},{"damage":3,"enemies":"Gremlin Leader","floor":23,"turns":7},{"damage":7,"enemies":"Chosen","floor":25,"turns":5},{"damage":19,"enemies":"Slavers","floor":27,"turns":4},{"damage":18,"enemies":"Gremlin Leader","floor":29,"turns":6},{"damage":14,"enemies":"Slavers","floor":30,"turns":5},{"damage":41,"enemies":"Gremlin Leader","floor":31,"turns":7},{"damage":21,"enemies":"Automaton","floor":33,"turns":8},{"damage":0,"enemies":"Orb Walker","floor":35,"turns":6},{"damage":21,"enemies":"Nemesis","floor":40,"turns":9},{"damage":49,"enemies":"Reptomancer","floor":41,"turns":7},{"damage":39,"enemies":"Giant Head","floor":45,"turns":8},{"damage":96,"enemies":"Reptomancer","floor":48,"turns":7},{"damage":7,"enemies":"Time Eater","floor":50,"turns":11}],"seed_played":"6474237083193945287","potions_obtained":[{"floor":1,"key":"ElixirPotion"},{"floor":14,"key":"FairyPotion"},{"floor":16,"key":"EssenceOfSteel"},{"floor":17,"key":"LiquidMemories"},{"floor":41,"key":"BlessingOfTheForge"}],"is_trial":true,"path_per_floor":["M","?","$","$","?","R","E","R","T","R","E","R","E","E","R","B",null,"M","$","?","?","?","E","R","M","T","E","$","E","E","E","R","B",null,"M","$","$","?","T","E","E","R","T","R","E","R","?","E","R","B",null],"character_chosen":"IRONCLAD","items_purchased":["Metallicize","Armaments","Prayer Wheel","Fire Breathing","Evolve","Reckless Charge","Brimstone","Metallicize"],"campfire_rested":2,"item_purchase_floors":[3,4,19,19,28,28,36,36],"current_hp_per_floor":[80,80,80,80,80,80,80,80,80,80,80,80,78,80,80,52,85,75,75,75,75,75,80,80,81,81,70,70,60,54,21,47,34,89,93,93,93,93,93,84,49,64,64,79,67,82,82,43,89,96],"gold":167,"neow_bonus":"","is_daily":false,"chose_seed":false,"campfire_upgraded":9,"win_rate":0.0,"timestamp":1608713797,"path_taken":["M","?","?","$","?","R","E","R","T","R","E","R","E","E","R","BOSS","M","$","?","?","?","E","R","?","T","E","?","E","E","E","R","BOSS","M","$","$","?","?","E","E","R","T","R","E","R","?","E","R","BOSS"],"items_purchased_type":["Card","Card","Relic","Card","Card","Card","Relic","Card"],"build_version":"2020-12-22","purchased_purges":0,"victory":true,"max_hp_per_floor":[80,80,80,80,80,80,80,80,80,80,80,80,80,80,80,80,85,89,89,89,89,89,89,89,89,89,89,89,89,89,89,89,89,89,93,93,93,93,93,93,93,93,93,93,106,106,106,106,106,106],"card_choices":[{"not_picked":["True Grit","Evolve"],"picked":"Shrug It Off","floor":1},{"not_picked":["Sword Boomerang","Feel No Pain","Disarm"],"picked":"SKIP","floor":7},{"not_picked":["Iron Wave","Clash","Dark Embrace"],"picked":"SKIP","floor":11},{"not_picked":["Rupture","Flex","Dropkick"],"picked":"SKIP","floor":13},{"not_picked":["Blood for Blood","Clothesline","Clash"],"picked":"SKIP","floor":14},{"not_picked":["Impervious+1","Immolate"],"picked":"Feed","floor":16},{"not_picked":["Feel No Pain","Flex+1"],"picked":"Shrug It Off+1","floor":17},{"not_picked":["Armaments+1","Thunderclap","Anger"],"picked":"SKIP","floor":18},{"not_picked":["Seeing Red+1","Body Slam"],"picked":"Metallicize","floor":23},{"not_picked":["Body Slam","Infernal Blade+1"],"picked":"Rampage+1","floor":25},{"not_picked":["Pommel Strike+1","Sword Boomerang+1"],"picked":"Demon Form","floor":25},{"not_picked":["Bloodletting+1","Sword Boomerang"],"picked":"Barricade","floor":27},{"not_picked":["Warcry+1","Rupture+1"],"picked":"Metallicize","floor":29},{"not_picked":["Sever Soul","Iron Wave","Seeing Red+1"],"picked":"SKIP","floor":30},{"not_picked":["Dual Wield+1","Dark Embrace","Reaper"],"picked":"SKIP","floor":31},{"not_picked":["Clash","True Grit+1"],"picked":"Wild Strike","floor":35},{"not_picked":["Thunderclap+1","Cleave","Warcry+1"],"picked":"SKIP","floor":35},{"not_picked":["Brutality","Spot Weakness+1","Immolate"],"picked":"SKIP","floor":40},{"not_picked":["Sword Boomerang","Blood for Blood+1"],"picked":"Juggernaut","floor":41},{"not_picked":["Combust+1","Feed","Brutality"],"picked":"SKIP","floor":45},{"not_picked":["Panache","Dark Shackles+1"],"picked":"Mayhem","floor":47},{"not_picked":["Brutality","Seeing Red+1"],"picked":"Entrench+1","floor":48}],"player_experience":395252,"relics_obtained":[{"floor":7,"key":"Blood Vial"},{"floor":9,"key":"MawBank"},{"floor":11,"key":"TungstenRod"},{"floor":13,"key":"Bottled Lightning"},{"floor":14,"key":"Toxic Egg 2"},{"floor":23,"key":"Tiny Chest"},{"floor":26,"key":"CaptainsWheel"},{"floor":27,"key":"HornCleat"},{"floor":29,"key":"FossilizedHelix"},{"floor":30,"key":"Pen Nib"},{"floor":31,"key":"Torii"},{"floor":39,"key":"Bottled Flame"},{"floor":40,"key":"Eternal Feather"},{"floor":41,"key":"CeramicFish"},{"floor":43,"key":"Kunai"},{"floor":45,"key":"Pear"},{"floor":48,"key":"Meat on the Bone"}],"event_choices":[{"cards_removed":["Iron Wave"],"damage_healed":5,"gold_gain":0,"player_choice":"Offered Common","damage_taken":0,"max_hp_gain":0,"max_hp_loss":0,"event_name":"Bonfire Elementals","floor":2,"gold_loss":0},{"cards_removed":["Iron Wave"],"damage_healed":5,"gold_gain":0,"player_choice":"Offered Special","damage_taken":0,"max_hp_gain":0,"max_hp_loss":0,"event_name":"Bonfire Elementals","floor":2,"gold_loss":0},{"damage_healed":0,"gold_gain":0,"player_choice":"Ignored","damage_taken":0,"max_hp_gain":0,"max_hp_loss":0,"event_name":"Transmorgrifier","floor":5,"gold_loss":0},{"damage_healed":0,"gold_gain":0,"player_choice":"Ignored","damage_taken":0,"max_hp_gain":0,"max_hp_loss":0,"event_name":"Ghosts","floor":20,"gold_loss":0},{"damage_healed":0,"gold_gain":0,"player_choice":"Opened","damage_taken":0,"relics_obtained":["Self Forming Clay"],"max_hp_gain":0,"max_hp_loss":0,"event_name":"The Mausoleum","floor":21,"gold_loss":0},{"damage_healed":0,"gold_gain":0,"player_choice":"Traded Relic","damage_taken":0,"relics_obtained":["Nloth\u0027s Gift"],"max_hp_gain":0,"max_hp_loss":0,"event_name":"N\u0027loth","floor":22,"relics_lost":["Tiny House"],"gold_loss":0},{"damage_healed":23,"gold_gain":0,"player_choice":"Writhe","damage_taken":0,"max_hp_gain":0,"max_hp_loss":0,"event_name":"Winding Halls","floor":38,"gold_loss":0,"cards_obtained":["Writhe"]},{"damage_healed":0,"gold_gain":0,"player_choice":"Memory 1","damage_taken":0,"max_hp_gain":0,"max_hp_loss":0,"event_name":"SensoryStone","floor":47,"gold_loss":0}],"is_beta":false,"boss_relics":[{"not_picked":["Empty Cage","Snecko Eye"],"picked":"Tiny House"},{"not_picked":["Runic Pyramid","Coffee Dripper"],"picked":"Black Blood"}],"items_purged_floors":[],"is_endless":false,"potions_floor_spawned":[1,14,16,23,29,30,31,33,41,45],"ascension_level":0}}