{"host":"8o45mh5p3pp1o2mi","time":1608682501,"event":{"mods":["BaseMod","Better Match","Better Third Choice","BetterRewards","Minty Spire (QoL Compilation)","Rare Cards Sparkle","Relic Stats","Replay The Spire","Shop Mod","StSLib","everything is the same but u backflip on backflip"],"gold_per_floor":[114,114,125,135,147,180,180,10,82,82,111,111,111,127,127,223,223,243,259,43,43,63,93,41,67,114,76,76,76,76,76],"floor_reached":30,"playtime":2233,"items_purged":["Defend_P","Strike_P","Strike_P"],"score":351,"play_id":"52785567-b35d-4070-9878-3a4c8e1bc36f","local_time":"20201223001501","is_ascension_mode":false,"campfire_choices":[{"floor":7,"key":"DIG"},{"floor":15,"key":"REST"}],"circlet_count":0,"master_deck":["Strike_P","Strike_P","Defend_P","Defend_P","Defend_P","Eruption","Vigilance","Conclude","Conclude","JustLucky","Replay:Cycle","LikeWater","Fasting2","Replay:ManipulateFuture","FlurryOfBlows","Meditate","Weave","Replay:Vibes","Ragnarok","Replay:AllIn","InnerPeace+1","Ragnarok","EmptyFist","Nirvana","Survey Options","EmptyBody","DevaForm","FlyingSleeves","CutThroughFate+1","FearNoEvil","RitualDagger"],"relics":["Tiny Chest","Sling","Shovel","Anchor","HornCleat","Replay:M_StaffOfTheSnake","ReplayTheSpireMod:Shallot","Regal Pillow","Replay:Bronze Core","BargainBundle","Pear","Replay:Mystery Machine","Nunchaku","WingedGreaves"],"acts_visited":["Exordium","TheCity"],"potions_floor_usage":[6,14,16,19,22,25,30],"damage_taken":[{"damage":0,"enemies":"Jaw Worm","floor":1,"turns":2},{"damage":2,"enemies":"Cultist","floor":3,"turns":3},{"damage":0,"enemies":"2 Louse","floor":4,"turns":2},{"damage":0,"enemies":"2 Fungi Beasts","floor":5,"turns":2},{"damage":26,"enemies":"Lagavulin","floor":6,"turns":5},{"damage":13,"enemies":"Gremlin Nob","floor":11,"turns":4},{"damage":0,"enemies":"Gremlin Gang","floor":14,"turns":2},{"damage":0,"enemies":"Slime Boss","floor":16,"turns":4},{"damage":4,"enemies":"Chosen","floor":18,"turns":6},{"damage":0,"enemies":"3 Byrds","floor":19,"turns":3},{"damage":3,"enemies":"Centurion and Healer","floor":22,"turns":2},{"damage":19,"enemies":"Replay:Snechameleon","floor":23,"turns":5},{"damage":30,"enemies":"Book of Stabbing","floor":25,"turns":5},{"damage":11,"enemies":"Colosseum Slavers","floor":30,"turns":1}],"seed_played":"-4056807830764017480","potions_obtained":[{"floor":1,"key":"Fire Potion"},{"floor":4,"key":"SpeedPotion"},{"floor":11,"key":"Adrenaline Potion"},{"floor":16,"key":"Explosive Potion"},{"floor":19,"key":"BlessingOfTheForge"},{"floor":23,"key":"StancePotion"}],"is_trial":false,"path_per_floor":["M","?","M","M","M","E","R","$","T","?","E","$","T","M","R","B",null,"M","M","$","?","M","E","$","E","T","$","?","T","?"],"character_chosen":"WATCHER","items_purchased":["Conclude","Replay:Cycle","Tiny Chest","LikeWater","Sling","Weave","BargainBundle","Ragnarok","EmptyFist","Nirvana","Survey Options","Adrenaline Potion","Milkshake","FlyingSleeves","FearNoEvil"],"campfire_rested":1,"item_purchase_floors":[0,0,0,0,0,8,20,20,20,20,20,20,20,24,27],"current_hp_per_floor":[65,65,63,63,63,37,37,37,37,37,24,24,24,24,60,60,72,68,68,68,55,52,43,43,13,13,13,7,7,0,0],"gold":76,"neow_bonus":"","is_daily":false,"chose_seed":false,"campfire_upgraded":0,"win_rate":0.0,"timestamp":1608682501,"path_taken":["M","?","M","?","M","E","R","$","T","?","E","$","?","M","R","BOSS","M","?","$","?","M","E","$","E","T","$","?","?","?"],"items_purchased_type":["Card","Card","Relic","Card","Relic","Card","Relic","Card","Card","Card","Card","Potion","Potion","Card","Card"],"build_version":"2020-12-13","purchased_purges":3,"victory":false,"max_hp_per_floor":[72,72,72,72,72,72,72,72,72,72,72,72,72,72,72,72,72,72,72,72,77,77,87,87,87,87,87,87,87,87,87],"relic_stats":{"Regal Pillow":15,"Nunchaku":[0],"Shovel":1,"counters":[30,132],"Tiny Chest":2,"obtain_stats":[{"ReplayFunnel":12,"Darkstone Periapt":13,"TwistedFunnel":19,"Regal Pillow":13,"Replay:Mystery Machine":25,"Smiling Mask":10,"Sling":0,"Blood Vial":21,"Nunchaku":26,"Shovel":6,"HornCleat":9,"Replay:Bronze Core":17,"Tiny Chest":0,"WingedGreaves":29,"Replay:Bottled Flurry":9,"Replay:Wax Seal":5,"Toxic Egg 2":6,"Ring of the Snake":0,"Gremlin Food":26,"Potion Belt":28,"BargainBundle":20,"Replay:M_StaffOfTheSnake":10,"Pear":23,"Ring of Hypnosis":20,"Anchor":7,"ReplayTheSpireMod:Shallot":11,"Ornamental Fan":8,"ReplayTheSpireMod:TigerMarble":24,"Bottled Lightning":30,"Abe\u0027s Treasure":17},{"ReplayFunnel":7,"Darkstone Periapt":8,"TwistedFunnel":10,"Regal Pillow":22,"Replay:Mystery Machine":29,"Smiling Mask":7,"Sling":16,"Blood Vial":10,"Nunchaku":29,"Shovel":21,"HornCleat":21,"Replay:Bronze Core":24,"Tiny Chest":16,"WingedGreaves":29,"Replay:Bottled Flurry":6,"Replay:Wax Seal":3,"Toxic Egg 2":4,"Ring of the Snake":0,"Gremlin Food":11,"Potion Belt":13,"BargainBundle":26,"Replay:M_StaffOfTheSnake":21,"Pear":28,"Ring of Hypnosis":10,"Anchor":21,"ReplayTheSpireMod:Shallot":22,"Ornamental Fan":6,"ReplayTheSpireMod:TigerMarble":11,"Bottled Lightning":15,"Abe\u0027s Treasure":9},{"ReplayFunnel":33,"Darkstone Periapt":40,"TwistedFunnel":55,"Regal Pillow":104,"Replay:Mystery Machine":131,"Smiling Mask":33,"Sling":86,"Blood Vial":55,"Nunchaku":131,"Shovel":100,"HornCleat":100,"Replay:Bronze Core":110,"Tiny Chest":86,"WingedGreaves":131,"Replay:Bottled Flurry":28,"Replay:Wax Seal":13,"Toxic Egg 2":20,"Ring of the Snake":0,"Gremlin Food":60,"Potion Belt":68,"BargainBundle":119,"Replay:M_StaffOfTheSnake":100,"Pear":126,"Ring of Hypnosis":55,"Anchor":100,"ReplayTheSpireMod:Shallot":104,"Ornamental Fan":28,"ReplayTheSpireMod:TigerMarble":60,"Bottled Lightning":78,"Abe\u0027s Treasure":49}]},"card_choices":[{"not_picked":["Replay:Anticipation","CrushJoints"],"picked":"Fasting2","floor":1},{"not_picked":["WheelKick","FlurryOfBlows"],"picked":"Replay:ManipulateFuture","floor":3},{"not_picked":["Replay:BluntJabs","SandsOfTime"],"picked":"FlurryOfBlows","floor":4},{"not_picked":["Worship","Crescendo"],"picked":"Meditate","floor":5},{"not_picked":["Collect","FollowUp","FlurryOfBlows"],"picked":"SKIP","floor":6},{"not_picked":["PathToVictory","EmptyFist"],"picked":"Replay:Vibes","floor":11},{"not_picked":["SashWhip","Replay:BluntJabs"],"picked":"Ragnarok","floor":14},{"not_picked":["Establishment","MasterReality"],"picked":"Replay:AllIn","floor":16},{"not_picked":["Consecrate","FollowUp","FlurryOfBlows"],"picked":"SKIP","floor":18},{"not_picked":["JustLucky","Collect"],"picked":"InnerPeace+1","floor":19},{"not_picked":["WreathOfFlame","Protect"],"picked":"EmptyBody","floor":22},{"not_picked":["Replay:ManipulateFuture+1","PathToVictory"],"picked":"DevaForm","floor":23},{"not_picked":["WreathOfFlame+1","Replay:Anticipation"],"picked":"CutThroughFate+1","floor":25}],"player_experience":24739,"relics_obtained":[{"floor":6,"key":"Shovel"},{"floor":7,"key":"Anchor"},{"floor":9,"key":"HornCleat"},{"floor":11,"key":"ReplayTheSpireMod:Shallot"},{"floor":13,"key":"Regal Pillow"},{"floor":23,"key":"Pear"},{"floor":25,"key":"Replay:Mystery Machine"},{"floor":26,"key":"Nunchaku"},{"floor":29,"key":"WingedGreaves"}],"event_choices":[{"damage_healed":0,"gold_gain":0,"player_choice":"Bought 0 Potions","damage_taken":0,"max_hp_gain":0,"max_hp_loss":0,"event_name":"The Woman in Blue","floor":2,"gold_loss":0},{"damage_healed":0,"gold_gain":0,"player_choice":"Shed Blood","damage_taken":18,"max_hp_gain":5,"max_hp_loss":0,"event_name":"Forgotten Altar","floor":21,"gold_loss":0},{"damage_healed":0,"gold_gain":0,"player_choice":"Dagger","damage_taken":6,"max_hp_gain":0,"max_hp_loss":0,"event_name":"betterThird:BetterNest","floor":28,"gold_loss":0,"cards_obtained":["RitualDagger"]},{"damage_healed":0,"gold_gain":0,"player_choice":"Fight","damage_taken":0,"max_hp_gain":0,"max_hp_loss":0,"event_name":"Colosseum","floor":30,"gold_loss":0}],"is_beta":false,"boss_relics":[{"not_picked":["SacredBark","Empty Cage"],"picked":"Replay:Bronze Core"}],"items_purged_floors":[0,8,20],"is_endless":false,"potions_floor_spawned":[1,4,11,16,19,23],"killed_by":"Colosseum Slavers","ascension_level":0}}