{"host":"svwqvw2il1zfkkg0","time":1608718227,"event":{"mods":["AchievementEnabler","BaseMod","BetterRewards","Colored Map","Colored Powertips","Custom Start","Downfall","GifTheSpireLib","Highlight Path","Hubris","Infinite Spire","Minty Spire (QoL Compilation)","Quick Restart","Replay The Spire","Shop Mod","StSLib","SuperFastMode"],"gold_per_floor":[112,128,147,164,129,129,164,164,164,174,174,193,208,223,223,325,325,336,336,346,366,69,97,97,108,108,133,146,146,146,164,164,259,259,279,292,292,311,321,321,371,84,84,84,101,118,146,1,1,1],"floor_reached":51,"playtime":2374,"items_purged":["Regret"],"score":780,"play_id":"c7307776-d702-4f3e-a218-2e05938aaf70","local_time":"20201223021027","is_ascension_mode":false,"campfire_choices":[{"data":"Cloak And Dagger","floor":6,"key":"SMITH"},{"data":"Dash","floor":8,"key":"SMITH"},{"data":"Accuracy","floor":15,"key":"SMITH"},{"data":"Cloak And Dagger","floor":24,"key":"SMITH"},{"data":"Backstab","floor":30,"key":"SMITH"},{"data":"Dagger Spray","floor":32,"key":"SMITH"},{"data":"A Thousand Cuts","floor":40,"key":"SMITH"},{"data":"Prepared","floor":44,"key":"SMITH"},{"data":"Hidden Blade","floor":49,"key":"SMITH"}],"circlet_count":0,"master_deck":["Strike_G","Strike_G","Strike_G","Strike_G","Strike_G","Defend_G","Defend_G","Defend_G","Defend_G","Defend_G","Survivor","Neutralize","Dagger Throw","Dash+1","Cloak And Dagger+1","Bane","Accuracy+1","Hidden Blade+1","Prepared+1","Poisoned Stab","Bullet Time+1","Flying Knee","Quick Slash+1","Blade Dance+1","Dagger Spray+1","Poisoned Stab","Cloak And Dagger+1","Backstab+1","Flying Knee+1","A Thousand Cuts+1","Cloak And Dagger+1","Cloak And Dagger+1","hubris:Gluttony","After Image","Cloak And Dagger+1"],"relics":["Ring of the Snake","Strawberry","Replay:WaspNest","Replay:Accelerometer","Eternal Feather","hubris:Backtick","Ninja Scroll","Nunchaku","infinitespire:Lucky Rock","Garlic","Red Mask","WristBlade","HandDrill","Cursed Key","Du-Vu Doll","infinitespire:Magic Flask","Happy Flower","Pear","ReplayFunnel"],"acts_visited":["Exordium","TheCity","TheBeyond"],"potions_floor_usage":[16,16,16,18,23,23,28,33,35,45,47,50,50],"damage_taken":[{"damage":3,"enemies":"Jaw Worm","floor":1,"turns":4},{"damage":0,"enemies":"2 Louse","floor":2,"turns":3},{"damage":2,"enemies":"Small Slimes","floor":3,"turns":3},{"damage":6,"enemies":"Exordium Thugs","floor":4,"turns":6},{"damage":15,"enemies":"Replay:BlueRogue","floor":7,"turns":8},{"damage":1,"enemies":"2 Fungi Beasts","floor":10,"turns":3},{"damage":1,"enemies":"Blue Slaver","floor":12,"turns":3},{"damage":4,"enemies":"3 Louse","floor":13,"turns":4},{"damage":2,"enemies":"Lots of Slimes","floor":14,"turns":4},{"damage":34,"enemies":"Hexaghost","floor":16,"turns":7},{"damage":5,"enemies":"Spheric Guardian","floor":18,"turns":3},{"damage":1,"enemies":"3 Byrds","floor":20,"turns":4},{"damage":22,"enemies":"Snake Plant","floor":21,"turns":3},{"damage":6,"enemies":"Book of Stabbing","floor":23,"turns":5},{"damage":1,"enemies":"Cultist and Chosen","floor":25,"turns":4},{"damage":3,"enemies":"Masked Bandits","floor":27,"turns":2},{"damage":3,"enemies":"Centurion and Healer","floor":28,"turns":3},{"damage":14,"enemies":"3 Cultists","floor":31,"turns":4},{"damage":62,"enemies":"Collector","floor":33,"turns":10},{"damage":15,"enemies":"3 Darklings","floor":35,"turns":4},{"damage":0,"enemies":"Orb Walker","floor":36,"turns":1},{"damage":0,"enemies":"Spire Growth","floor":38,"turns":2},{"damage":0,"enemies":"3 Darklings","floor":39,"turns":1},{"damage":10,"enemies":"Mind Bloom Boss Battle","floor":41,"turns":4},{"damage":0,"enemies":"Writhing Mass","floor":45,"turns":3},{"damage":13,"enemies":"Spire Growth","floor":46,"turns":3},{"damage":6,"enemies":"Giant Head","floor":47,"turns":5},{"damage":83,"enemies":"infinitespire:MassOfShapes","floor":50,"turns":10}],"seed_played":"3052624728482406451","potions_obtained":[{"floor":1,"key":"SpeedPotion"},{"floor":7,"key":"LiquidBronze"},{"floor":12,"key":"SteroidPotion"},{"floor":16,"key":"Energy Potion"},{"floor":21,"key":"AttackPotion"},{"floor":23,"key":"Fire Potion"},{"floor":31,"key":"Block Potion"},{"floor":33,"key":"LiquidMemories"},{"floor":35,"key":"Dexterity Potion"},{"floor":39,"key":"Toxic Potion"},{"floor":41,"key":"CunningPotion"},{"floor":45,"key":"LifebloodPotion"}],"is_trial":false,"path_per_floor":["M","M","M","M","?","R","E","R","T","M","?","M","M","M","R","B",null,"M","?","M","M","$","E","R","M","T","?","M","?","R","M","R","B",null,"M","M","AVR","M","M","R","?","$","T","R","M","M","E","$","R","B",null],"character_chosen":"THE_SILENT","items_purchased":["Nunchaku","Dagger Spray","Poisoned Stab","Swift Potion","infinitespire:Magic Flask","ReplayFunnel"],"campfire_rested":0,"item_purchase_floors":[22,22,22,22,42,48],"current_hp_per_floor":[74,74,72,66,77,77,62,62,62,61,61,60,56,54,66,32,77,72,72,71,49,49,43,58,57,57,54,51,51,66,52,70,8,77,62,62,62,62,62,77,67,67,67,77,77,64,68,68,87,4],"gold":1,"neow_bonus":"RANDOM_COMMON_RELIC","is_daily":false,"chose_seed":false,"campfire_upgraded":9,"win_rate":0.0,"timestamp":1608718227,"path_taken":["M","M","M","M","?","R","E","R","T","M","?","M","M","M","R","BOSS","M","?","M","M","$","E","R","M","T","?","M","?","R","M","R","BOSS","M","M","AVR","M","M","R","?","?","T","R","M","M","E","$","R","BOSS"],"items_purchased_type":["Relic","Card","Card","Potion","Relic","Relic"],"build_version":"2020-12-22","purchased_purges":1,"victory":true,"max_hp_per_floor":[77,77,77,77,77,77,77,77,77,77,77,77,77,77,77,77,77,77,77,77,77,77,77,77,77,77,77,77,77,77,77,77,77,77,77,77,77,77,77,77,77,77,77,77,77,77,87,87,87,87],"card_choices":[{"not_picked":["Dodge and Roll","Hidden Blade"],"picked":"Dagger Throw","floor":1},{"not_picked":["hubris:Counter","hubris:SlightOfHand"],"picked":"Dash","floor":2},{"not_picked":["Prepared","Finisher"],"picked":"Cloak And Dagger","floor":3},{"not_picked":["ReplayTheSpireMod:Speed Training","Predator","PiercingWail"],"picked":"SKIP","floor":4},{"not_picked":["Tactician","Deadly Poison"],"picked":"Bane","floor":7},{"not_picked":["Deflect","Quick Slash"],"picked":"Accuracy","floor":10},{"not_picked":["Skewer","Distraction"],"picked":"Hidden Blade","floor":12},{"not_picked":["Concentrate","Doppelganger"],"picked":"Prepared","floor":13},{"not_picked":["Predator","Dodge and Roll"],"picked":"Poisoned Stab","floor":14},{"not_picked":["Glass Knife","Unload"],"picked":"Bullet Time","floor":16},{"not_picked":["Hidden Blade","Dodge and Roll"],"picked":"Flying Knee","floor":18},{"not_picked":["Acrobatics","hubris:Counter"],"picked":"Quick Slash+1","floor":20},{"not_picked":["Wraith Form v2","Dodge and Roll+1"],"picked":"Blade Dance+1","floor":21},{"not_picked":["Deadly Poison","Dash+1"],"picked":"Cloak And Dagger","floor":23},{"not_picked":["hubris:SlightOfHand","Flechettes","Slice"],"picked":"SKIP","floor":25},{"not_picked":["Backflip","Footwork+1"],"picked":"Backstab","floor":27},{"not_picked":["ReplayTheSpireMod:Tripwire","ReplayTheSpireMod:Shiv Toss","Draining Mist+1"],"picked":"SKIP","floor":28},{"not_picked":["Dodge and Roll","Escape Plan+1"],"picked":"Flying Knee+1","floor":31},{"not_picked":["Poison Darts","Envenom"],"picked":"A Thousand Cuts","floor":33},{"not_picked":["Slice+1","Bane+1"],"picked":"Cloak And Dagger+1","floor":35},{"not_picked":["Backflip","ReplayTheSpireMod:Exploit Weakness+1","Deflect+1"],"picked":"SKIP","floor":36},{"not_picked":["Poisoned Stab","Crippling Poison"],"picked":"Cloak And Dagger+1","floor":38},{"not_picked":["Tactician+1","Bane","PiercingWail"],"picked":"SKIP","floor":39},{"not_picked":["Quick Slash","Outmaneuver+1"],"picked":"After Image","floor":45},{"not_picked":["Escape Plan","Poisoned Stab+1"],"picked":"Cloak And Dagger+1","floor":46},{"not_picked":["Setup","Footwork","hubris:SlightOfHand"],"picked":"SKIP","floor":47}],"player_experience":413129,"relics_obtained":[{"floor":7,"key":"Replay:WaspNest"},{"floor":9,"key":"Replay:Accelerometer"},{"floor":23,"key":"infinitespire:Lucky Rock"},{"floor":26,"key":"Garlic"},{"floor":27,"key":"Red Mask"},{"floor":41,"key":"Du-Vu Doll"},{"floor":43,"key":"Happy Flower"},{"floor":47,"key":"Pear"}],"event_choices":[{"damage_healed":19,"gold_gain":0,"player_choice":"Healed","damage_taken":0,"max_hp_gain":0,"max_hp_loss":0,"event_name":"The Cleric","floor":5,"gold_loss":35},{"damage_healed":0,"gold_gain":0,"player_choice":"Box","damage_taken":0,"relics_obtained":["Eternal Feather"],"max_hp_gain":0,"max_hp_loss":0,"event_name":"Big Fish","floor":11,"gold_loss":0,"cards_obtained":["Regret"]},{"damage_healed":0,"gold_gain":0,"player_choice":"Fought Bandits","damage_taken":0,"max_hp_gain":0,"max_hp_loss":0,"event_name":"Masked Bandits","floor":27,"gold_loss":0},{"damage_healed":0,"gold_gain":0,"player_choice":"Fight","damage_taken":0,"max_hp_gain":0,"max_hp_loss":0,"event_name":"MindBloom","floor":41,"gold_loss":0}],"is_beta":false,"boss_relics":[{"not_picked":["Runic Pyramid","Philosopher\u0027s Stone"],"picked":"hubris:Backtick"},{"not_picked":["Abe\u0027s Treasure","Empty Cage"],"picked":"WristBlade"}],"items_purged_floors":[37],"is_endless":false,"potions_floor_spawned":[1,7,12,16,21,23,31,33,35,39,41,45],"ascension_level":0}}