{"host":"y9jgkjnf95sujozk","time":1608737177,"event":{"mods":["2.2 Compatiblity","AchievementEnabler","Act Like it!","BaseMod","Block Reminder","Colored Map","Colored Powertips","Downfall","Friendly Minions","Gensokyo","GifTheSpireLib","Hermit","Highlight Path","HololiveMod","MarisaÅiñ∂âJÅ@ñÇóùçπÅj","Minty Spire (QoL Compilation)","Random Character Button","Rare Cards Sparkle","Replay The Spire","StSLib","SuperFastMode","The Animator","The Bug Knight","The Cursed","The Servant 0.9.4"],"gold_per_floor":[115,62,76,89,103,103,178,178,205,205,216,216,196,213,213,213,213],"floor_reached":16,"playtime":399,"items_purged":[],"score":92,"play_id":"e1217718-167b-4b55-9aa7-0ccc7a388f15","local_time":"20201223162617","is_ascension_mode":false,"campfire_choices":[{"floor":6,"key":"REST"},{"floor":8,"key":"REST"},{"floor":10,"key":"REST"},{"floor":15,"key":"REST"}],"circlet_count":0,"master_deck":["HollowMod:NailStrikeStart","HollowMod:NailStrikeStart","HollowMod:NailStrikeStart","HollowMod:NailStrikeStart","HollowMod:QuickDashStart","HollowMod:QuickDashStart","HollowMod:QuickDashStart","HollowMod:QuickDashStart","HollowMod:FocusHealStart","HollowMod:PogoStrike","HollowMod:RecoilStrike","HollowMod:DoubleDash","HollowMod:ShadowDash","HollowMod:CloakDash","HollowMod:SiblingsSouls","HollowMod:CloakDash","hexamod:Haunted","TheCursedMod:Wield"],"relics":["HollowMod:VesselMask","NeowsBlessing","Centennial Puzzle","PrismaticShard"],"acts_visited":["Exordium"],"potions_floor_usage":[16,16,16],"damage_taken":[{"damage":0,"enemies":"Cultist","floor":1,"turns":1},{"damage":0,"enemies":"Jaw Worm","floor":3,"turns":1},{"damage":0,"enemies":"2 Louse","floor":4,"turns":1},{"damage":49,"enemies":"Gremlin Gang","floor":5,"turns":8},{"damage":0,"enemies":"2 Fungi Beasts","floor":11,"turns":4},{"damage":6,"enemies":"3 Louse","floor":14,"turns":3},{"damage":90,"enemies":"The Guardian","floor":16,"turns":20}],"seed_played":"-3624008974060859436","potions_obtained":[{"floor":1,"key":"Elixir"},{"floor":4,"key":"Energy Potion"},{"floor":13,"key":"Cursed Concoction"}],"is_trial":false,"path_per_floor":["M","$","M","M","M","R","?","R","T","R","M","?","?","M","R","B"],"character_chosen":"THE_BUGKNIGHT","items_purchased":["HollowMod:DoubleDash"],"campfire_rested":4,"item_purchase_floors":[2],"current_hp_per_floor":[75,75,75,75,32,54,43,65,65,75,75,75,75,69,75,0,0],"gold":213,"neow_bonus":"THREE_ENEMY_KILL","is_daily":false,"chose_seed":false,"campfire_upgraded":0,"win_rate":0.0,"timestamp":1608737177,"path_taken":["M","$","M","M","?","R","?","R","T","R","M","?","?","?","R","BOSS"],"items_purchased_type":["Card"],"build_version":"2020-12-22","purchased_purges":0,"victory":false,"max_hp_per_floor":[75,75,75,75,75,75,75,75,75,75,75,75,75,75,75,75,75],"card_choices":[{"not_picked":["HollowMod:DashSlash","HollowMod:NewGlowingWomb"],"picked":"HollowMod:RecoilStrike","floor":1},{"not_picked":["HollowMod:BlackTendrils","HollowMod:SharpenedNail"],"picked":"HollowMod:ShadowDash","floor":3},{"not_picked":["HollowMod:DesolateDive","HollowMod:GreatSlash"],"picked":"HollowMod:CloakDash","floor":4},{"not_picked":["HollowMod:BrokenVessel","HollowMod:NewLittleFool"],"picked":"HollowMod:SiblingsSouls","floor":5},{"not_picked":["HollowMod:Grubsong","HollowMod:InfectedCysts"],"picked":"HollowMod:CloakDash","floor":11},{"not_picked":["ReplayTheSpireMod:System Scan","Gensokyo:SalamanderShield"],"picked":"TheCursedMod:Wield","floor":14}],"player_experience":121466,"relics_obtained":[{"floor":9,"key":"Centennial Puzzle"}],"event_choices":[{"damage_healed":0,"gold_gain":75,"player_choice":"Gather Gold","damage_taken":11,"max_hp_gain":0,"max_hp_loss":0,"event_name":"World of Goop","floor":7,"gold_loss":0},{"damage_healed":0,"gold_gain":0,"player_choice":"Bought 1 Potion","damage_taken":0,"max_hp_gain":0,"max_hp_loss":0,"event_name":"The Woman in Blue","floor":13,"gold_loss":0}],"is_beta":false,"boss_relics":[],"items_purged_floors":[],"is_endless":false,"potions_floor_spawned":[1,4],"killed_by":"The Guardian","ascension_level":0}}