{"host":"19tvufa8xx4wr4o1","time":1608748198,"event":{"mods":["AchievementEnabler","BaseMod","Better Sensory Stone","Better Third Choice","Highlight Path","Minty Spire (QoL Compilation)","Relic Stats","StSLib"],"gold_per_floor":[99,99,29,29,29,29,29,29,29,29,29,29,29,29,29,29,29,29,29,29,29,29,29,29,29,29,29,29,29,29,29,29,29,29,29,29,29,29,29,29,29,29,29,29,29,29,29,29,29,29,29],"floor_reached":50,"playtime":2159,"items_purged":[],"score":896,"play_id":"21723117-4727-4425-a979-831dae56a43c","local_time":"20201223122958","is_ascension_mode":true,"campfire_choices":[{"data":"Glass Knife","floor":6.0,"key":"SMITH"},{"data":"Neutralize","floor":11.0,"key":"SMITH"},{"floor":15.0,"key":"REST"},{"floor":23.0,"key":"REST"},{"data":"RitualDagger","floor":25.0,"key":"SMITH"},{"data":"Blade Dance","floor":28.0,"key":"SMITH"},{"data":"Predator","floor":30.0,"key":"SMITH"},{"floor":32.0,"key":"REST"},{"floor":40.0,"key":"REST"},{"data":"Cloak And Dagger","floor":42.0,"key":"SMITH"},{"data":"Cloak And Dagger","floor":47,"key":"SMITH"},{"floor":49,"key":"REST"}],"circlet_count":0,"master_deck":["AscendersBane","Strike_G","Strike_G","Defend_G","Defend_G","Defend_G","Defend_G","Defend_G","Survivor","Neutralize+1","Predator+1","Glass Knife+1","Blade Dance+1","Underhanded Strike","Dash","Bouncing Flask","Leg Sweep","Storm of Steel","Crippling Poison","RitualDagger+1","Distraction","Storm of Steel","Infinite Blades","Adrenaline+1","Infinite Blades","Well Laid Plans","Cloak And Dagger+1","Accuracy+1","Cloak And Dagger+1","PiercingWail"],"relics":["Ectoplasm","Eternal Feather","Bottled Lightning","Darkstone Periapt","Toy Ornithopter","WristBlade","Red Mask","Singing Bowl","Strawberry","Cursed Key","Snake Skull"],"acts_visited":["Exordium","TheCity","TheBeyond"],"potions_floor_usage":[45,50],"damage_taken":[{"damage":0.0,"enemies":"Cultist","floor":1.0,"turns":6.0},{"damage":2.0,"enemies":"Jaw Worm","floor":4.0,"turns":3.0},{"damage":3.0,"enemies":"2 Louse","floor":5.0,"turns":2.0},{"damage":10.0,"enemies":"Gremlin Nob","floor":7.0,"turns":3.0},{"damage":12.0,"enemies":"Lagavulin","floor":10.0,"turns":5.0},{"damage":10.0,"enemies":"3 Sentries","floor":12.0,"turns":5.0},{"damage":2.0,"enemies":"2 Fungi Beasts","floor":13.0,"turns":2.0},{"damage":14.0,"enemies":"3 Louse","floor":14.0,"turns":3.0},{"damage":25.0,"enemies":"Slime Boss","floor":16.0,"turns":10.0},{"damage":6.0,"enemies":"3 Byrds","floor":18.0,"turns":5.0},{"damage":21.0,"enemies":"Masked Bandits","floor":19.0,"turns":6.0},{"damage":0.0,"enemies":"Spheric Guardian","floor":22.0,"turns":1.0},{"damage":0.0,"enemies":"Centurion and Healer","floor":24.0,"turns":6.0},{"damage":26.0,"enemies":"Shelled Parasite and Fungi","floor":27.0,"turns":8.0},{"damage":42.0,"enemies":"Gremlin Leader","floor":31.0,"turns":7.0},{"damage":79.0,"enemies":"Automaton","floor":33.0,"turns":10.0},{"damage":0.0,"enemies":"3 Shapes","floor":35.0,"turns":5.0},{"damage":21.0,"enemies":"3 Darklings","floor":37.0,"turns":5.0},{"damage":16.0,"enemies":"Sphere and 2 Shapes","floor":38.0,"turns":4.0},{"damage":15.0,"enemies":"Jaw Worm Horde","floor":41.0,"turns":5.0},{"damage":10,"enemies":"3 Darklings","floor":44,"turns":4},{"damage":9,"enemies":"4 Shapes","floor":45,"turns":7},{"damage":16,"enemies":"Nemesis","floor":46,"turns":7},{"damage":20,"enemies":"Transient","floor":48,"turns":5},{"damage":95,"enemies":"Donu and Deca","floor":50,"turns":7}],"seed_played":"-946204764120509325","potions_obtained":[{"floor":4.0,"key":"SkillPotion"},{"floor":7.0,"key":"Energy Potion"},{"floor":10.0,"key":"Dexterity Potion"},{"floor":13.0,"key":"FairyPotion"},{"floor":14.0,"key":"Fruit Juice"},{"floor":22.0,"key":"PowerPotion"},{"floor":31.0,"key":"Poison Potion"},{"floor":38.0,"key":"PowerPotion"},{"floor":44,"key":"EssenceOfSteel"}],"is_trial":false,"path_per_floor":["M","?","$","M","M","R","E","?","T","E","R","E","M","M","R","B",null,"M","?","?","?","M","R","M","R","T","M","R","?","R","E","R","B",null,"M","?","M","M","?","R","M","R","T","M","M","E","R","M","R","B"],"character_chosen":"THE_SILENT","items_purchased":["Glass Knife"],"campfire_rested":5,"item_purchase_floors":[3],"current_hp_per_floor":[59,59,59,57,54,54,44,44,44,32,41,31,29,25,55,30,61,55,34,34,28,28,61,61,71,71,47,59,59,71,38,74,24,66,66,66,45,36,36,75,60,75,75,65,61,47,62,42,84,0,0],"gold":29,"neow_bonus":"BOSS_RELIC","is_daily":false,"chose_seed":false,"campfire_upgraded":7,"win_rate":0.0,"timestamp":1608748198,"path_taken":["M","?","?","M","M","R","E","?","T","E","R","E","M","?","R","BOSS","M","?","?","?","M","R","M","R","T","M","R","?","R","E","R","BOSS","M","?","M","M","?","R","M","R","T","M","?","E","R","M","R","BOSS"],"items_purchased_type":["Card"],"build_version":"2020-12-22","purchased_purges":0,"victory":false,"max_hp_per_floor":[66,66,66,66,66,66,66,66,66,66,66,66,66,71,71,71,71,71,71,71,71,71,71,71,71,71,73,73,73,73,80,80,80,80,80,80,80,82,82,82,82,82,82,82,82,84,84,84,84,84,84],"relic_stats":{"Darkstone Periapt":0,"Singing Bowl":6,"counters":[25,131],"Eternal Feather":139,"Ectoplasm":862,"Snake Skull":[8],"Cursed Key":0,"obtain_stats":[{"Darkstone Periapt":10,"WristBlade":17,"Singing Bowl":26,"Strawberry":31,"Eternal Feather":7,"Ectoplasm":0,"Snake Skull":46,"Red Mask":19,"Bottled Lightning":9,"Cursed Key":34,"Toy Ornithopter":12,"Ring of the Snake":0},{"Darkstone Periapt":5,"WristBlade":9,"Singing Bowl":13,"Strawberry":15,"Eternal Feather":4,"Ectoplasm":0,"Snake Skull":23,"Red Mask":11,"Bottled Lightning":4,"Cursed Key":16,"Toy Ornithopter":6,"Ring of the Snake":0},{"Darkstone Periapt":19,"WristBlade":39,"Singing Bowl":57,"Strawberry":72,"Eternal Feather":14,"Ectoplasm":0,"Snake Skull":119,"Red Mask":50,"Bottled Lightning":14,"Cursed Key":82,"Toy Ornithopter":24,"Ring of the Snake":0}],"Toy Ornithopter":17},"card_choices":[{"not_picked":["Dodge and Roll","Crippling Poison"],"picked":"Predator","floor":1.0},{"not_picked":["Flechettes","Accuracy","Setup"],"picked":"SKIP","floor":4.0},{"not_picked":["Outmaneuver","Acrobatics"],"picked":"Blade Dance","floor":5.0},{"not_picked":["Quick Slash","Escape Plan","Flying Knee"],"picked":"SKIP","floor":7.0},{"not_picked":["Crippling Poison","Finisher"],"picked":"Dash","floor":10.0},{"not_picked":["Dagger Throw","Dagger Spray","Bane"],"picked":"SKIP","floor":12.0},{"not_picked":["Deadly Poison","Poisoned Stab"],"picked":"Bouncing Flask","floor":13.0},{"not_picked":["Quick Slash","Dagger Spray"],"picked":"Leg Sweep","floor":14.0},{"not_picked":["Corpse Explosion","Venomology"],"picked":"Storm of Steel","floor":16.0},{"not_picked":["Dash","Skewer","Flying Knee"],"picked":"SKIP","floor":18.0},{"not_picked":["Setup","Endless Agony"],"picked":"Crippling Poison","floor":19.0},{"not_picked":["Deflect","Dagger Spray","Deadly Poison"],"picked":"SKIP","floor":22.0},{"not_picked":["Dagger Spray","Flying Knee","Sucker Punch"],"picked":"SKIP","floor":24.0},{"not_picked":["Bane","Underhanded Strike","Bouncing Flask"],"picked":"Singing Bowl","floor":27.0},{"not_picked":["Dagger Throw","Backstab"],"picked":"Infinite Blades","floor":31.0},{"not_picked":["Burst","A Thousand Cuts"],"picked":"Adrenaline","floor":33.0},{"not_picked":["Sucker Punch","Outmaneuver"],"picked":"Infinite Blades","floor":35.0},{"not_picked":["Leg Sweep","Backflip"],"picked":"Well Laid Plans","floor":37.0},{"not_picked":["Infinite Blades","Slice+1","Deflect+1"],"picked":"Singing Bowl","floor":38.0},{"not_picked":["Adrenaline","Masterful Stab+1"],"picked":"Cloak And Dagger","floor":41.0},{"not_picked":["Backflip","Terror"],"picked":"Accuracy+1","floor":44},{"not_picked":["Poisoned Stab","Underhanded Strike"],"picked":"Cloak And Dagger","floor":45},{"not_picked":["Bane","Predator","Outmaneuver"],"picked":"Singing Bowl","floor":46},{"not_picked":["Quick Slash","Dagger Spray"],"picked":"PiercingWail","floor":48}],"player_experience":520260,"relics_obtained":[{"floor":7.0,"key":"Eternal Feather"},{"floor":9.0,"key":"Bottled Lightning"},{"floor":10.0,"key":"Darkstone Periapt"},{"floor":12.0,"key":"Toy Ornithopter"},{"floor":19.0,"key":"Red Mask"},{"floor":26.0,"key":"Singing Bowl"},{"floor":31.0,"key":"Strawberry"},{"floor":46,"key":"Snake Skull"}],"event_choices":[{"damage_healed":0.0,"max_hp_gain":0.0,"max_hp_loss":0.0,"gold_gain":0.0,"event_name":"FaceTrader","player_choice":"Leave","floor":2.0,"gold_loss":0.0,"damage_taken":0.0},{"damage_healed":0.0,"max_hp_gain":0.0,"max_hp_loss":0.0,"gold_gain":0.0,"cards_transformed":["Strike_G"],"event_name":"Transmorgrifier","player_choice":"Transformed","floor":8.0,"gold_loss":0.0,"damage_taken":0.0,"cards_obtained":["Underhanded Strike"]},{"damage_healed":0.0,"max_hp_gain":0.0,"max_hp_loss":0.0,"gold_gain":0.0,"event_name":"Masked Bandits","player_choice":"Fought Bandits","floor":19.0,"gold_loss":0.0,"damage_taken":0.0},{"damage_healed":0.0,"max_hp_gain":0.0,"max_hp_loss":0.0,"gold_gain":0.0,"event_name":"The Mausoleum","player_choice":"Ignored","floor":20.0,"gold_loss":0.0,"damage_taken":0.0},{"damage_healed":0.0,"max_hp_gain":0.0,"max_hp_loss":0.0,"gold_gain":0.0,"event_name":"betterThird:BetterNest","player_choice":"Dagger","floor":21.0,"gold_loss":0.0,"damage_taken":6.0,"cards_obtained":["RitualDagger"]},{"damage_healed":0.0,"max_hp_gain":0.0,"max_hp_loss":0.0,"gold_gain":0.0,"cards_transformed":["Strike_G","Strike_G"],"event_name":"Drug Dealer","player_choice":"Became Test Subject","floor":29.0,"gold_loss":0.0,"damage_taken":0.0,"cards_obtained":["Distraction","Storm of Steel"]},{"damage_healed":0.0,"max_hp_gain":0.0,"max_hp_loss":0.0,"gold_gain":222.0,"event_name":"Tomb of Lord Red Mask","player_choice":"Wore Mask","floor":36.0,"gold_loss":0.0,"damage_taken":0.0},{"damage_healed":0.0,"max_hp_gain":0.0,"max_hp_loss":0.0,"gold_gain":0.0,"event_name":"Upgrade Shrine","player_choice":"Upgraded","floor":39.0,"gold_loss":0.0,"damage_taken":0.0,"cards_upgraded":["Adrenaline"]}],"is_beta":false,"boss_relics":[{"not_picked":["SacredBark","Calling Bell"],"picked":"WristBlade"},{"not_picked":["Snecko Eye","Pandora\u0027s Box"],"picked":"Cursed Key"}],"items_purged_floors":[],"is_endless":false,"potions_floor_spawned":[4,7,10,13,14,22,31,38,44],"killed_by":"Donu and Deca","ascension_level":15}}