{"host":"5qewjvycy34u7aeo","time":1608767562,"event":{"mods":["Act Like it!","Aspiration","BaseMod","Conspire","Downfall","GifTheSpireLib","Hubris","Infinite Spire","Minty Spire (QoL Compilation)","Permanent Neow","Replay The Spire","Shop Mod","StSLib","Stuff the Spire"],"gold_per_floor":[99,114,128,139,49,49,131,151,178,195,45,62,62,119,132,132,132,132],"floor_reached":16,"playtime":1368,"items_purged":["champ:Defend"],"score":104,"play_id":"ef00c885-427b-4c05-8142-9406df2c83c6","local_time":"20201223155242","is_ascension_mode":false,"campfire_choices":[{"data":"champ:Execute","floor":1.0,"key":"SMITH"},{"floor":11.0,"key":"RECALL"},{"data":"champ:ViciousMockery","floor":13.0,"key":"SMITH"}],"circlet_count":0,"master_deck":["champ:Strike","champ:Strike","champ:Strike","champ:Defend","champ:Defend","champ:Defend","champ:Execute+1","champ:Taunt","champ:ViciousMockery+1","champ:RecklessLeap","champ:StrikeOfGenius","champ:IronFortress","champ:AdrenalArmor"],"relics":["champ:ChampionCrown","downfall:ShatteredFragment","infinitespire:Joker Card","downfall:HeartBlessingBlue","downfall:HeartBlessingGreen","Mirror"],"acts_visited":["Exordium"],"potions_floor_usage":[],"damage_taken":[{"damage":10.0,"enemies":"Cultist","floor":2.0,"turns":5.0},{"damage":5.0,"enemies":"2 Louse","floor":3.0,"turns":2.0},{"damage":17.0,"enemies":"Small Slimes","floor":4.0,"turns":6.0},{"damage":15.0,"enemies":"downfall:FleeingMerchant","floor":5.0,"turns":4.0},{"damage":5.0,"enemies":"2 Fungi Beasts","floor":8.0,"turns":3.0},{"damage":52.0,"enemies":"3 Sentries","floor":9.0,"turns":10.0},{"damage":10.0,"enemies":"Exordium Thugs","floor":10.0,"turns":3.0},{"damage":22.0,"enemies":"Gremlin Gang","floor":12.0,"turns":4.0},{"damage":44.0,"enemies":"3 Sentries","floor":14.0,"turns":7.0},{"damage":6,"enemies":"3 Louse","floor":15,"turns":2},{"damage":50,"enemies":"downfall:Defect","floor":16,"turns":5}],"seed_played":"491488189336044446","potions_obtained":[{"floor":2.0,"key":"SkillPotion"},{"floor":3.0,"key":"Fire Potion"},{"floor":8.0,"key":"FairyPotion"},{"floor":9.0,"key":"Regen Potion"},{"floor":14.0,"key":"Venom Potion"}],"is_trial":false,"path_per_floor":["R","M","M","M","$","?","T","M","E","M","R","M","R","?","M","B"],"character_chosen":"THE_CHAMP","items_purchased":[],"campfire_rested":0,"item_purchase_floors":[],"current_hp_per_floor":[90,90,90,81,81,54,54,54,22,17,27,25,25,51,50,0,0,0],"gold":132,"neow_bonus":"REMOVE_CARD","is_daily":false,"chose_seed":false,"campfire_upgraded":2,"win_rate":0.0,"timestamp":1608767562,"path_taken":["R","M","M","M","?","?","T","M","E","M","R","M","R","?","M","BOSS"],"items_purchased_type":[],"build_version":"2020-12-22","purchased_purges":1,"victory":false,"max_hp_per_floor":[90,90,90,90,90,90,90,90,90,90,100,100,100,100,100,100,100,100],"card_choices":[{"not_picked":["champ:Lariat","champ:PreciseThrust","champ:Riposte"],"picked":"SKIP","floor":2.0},{"not_picked":["champ:CalledShot","champ:FalseCounter"],"picked":"champ:ViciousMockery","floor":3.0},{"not_picked":["champ:EnragedBash","champ:Haymaker","champ:Encircle"],"picked":"SKIP","floor":4.0},{"not_picked":["champ:Riposte","champ:GladiatorsShout","champ:Backstep"],"picked":"SKIP","floor":5.0},{"not_picked":["champ:FlashCut","champ:GladiatorStyle"],"picked":"champ:RecklessLeap","floor":8.0},{"not_picked":["champ:EndlessRage","champ:StanceDance","champ:FocusedGladiator"],"picked":"SKIP","floor":9.0},{"not_picked":["champ:Shatter","champ:ArenaPreparation","champ:FanOfKnives"],"picked":"SKIP","floor":10.0},{"not_picked":["champ:GutPunch","champ:ArenaPreparation"],"picked":"champ:StrikeOfGenius","floor":12.0},{"not_picked":["champ:FlashCut","champ:Shatter"],"picked":"champ:IronFortress","floor":14.0},{"not_picked":["champ:FocusedBerserking","champ:Circumvent"],"picked":"champ:AdrenalArmor","floor":15}],"player_experience":401487,"relics_obtained":[{"floor":9.0,"key":"infinitespire:Joker Card"}],"event_choices":[],"is_beta":false,"boss_relics":[],"items_purged_floors":[5],"is_endless":false,"potions_floor_spawned":[2,3,8,9,14],"killed_by":"downfall:Defect","ascension_level":0}}