{"host":"k6v1xkuzrj71f4ss","time":1608733044,"event":{"mods":["Act Like it!","BaseMod","Bestiary","Better Altar","Better Third Choice","BetterRewards","Block Reminder","Colored Map","Colored Powertips","Curses Come First","Hubris","Minty Spire (QoL Compilation)","Quick Restart","Relic Stats","Remove Card Discount Mod","Spicy Shops","StSLib","óô»ðÖ¸ÄÏ"],"gold_per_floor":[116,131,142,159,119,119,119,119],"floor_reached":7,"playtime":468,"items_purged":[],"score":52,"play_id":"eded349a-db7c-455f-a5f3-a42d79a642fb","local_time":"20201223221724","daily_mods":["Allstar","Uncertain Future","DeadlyEvents"],"is_ascension_mode":true,"campfire_choices":[{"data":"Apotheosis","floor":6,"key":"SMITH"}],"circlet_count":0,"master_deck":["Strike_R","Strike_R","Strike_R","Strike_R","Strike_R","Defend_R","Defend_R","Defend_R","Defend_R","Bash","Apotheosis+1","hubris:Insight","Secret Weapon","Swift Strike","Secret Technique","Wild Strike","Twin Strike","Anger"],"relics":["Burning Blood"],"acts_visited":["Exordium"],"potions_floor_usage":[4,4],"damage_taken":[{"damage":7,"enemies":"Jaw Worm","floor":1,"turns":3},{"damage":4,"enemies":"2 Louse","floor":2,"turns":3},{"damage":0,"enemies":"Small Slimes","floor":3,"turns":2},{"damage":11,"enemies":"Gremlin Gang","floor":4,"turns":4},{"damage":0,"enemies":"3 Sentries","floor":7,"turns":1}],"seed_played":"3974995410535800576","potions_obtained":[{"floor":2,"key":"EntropicBrew"},{"floor":5,"key":"LiquidMemories"},{"floor":5,"key":"ColorlessPotion"}],"is_trial":true,"path_per_floor":["M","M","M","M","?","R","E"],"character_chosen":"IRONCLAD","items_purchased":[],"campfire_rested":0,"item_purchase_floors":[],"current_hp_per_floor":[79,80,80,75,75,75,75,75],"gold":119,"neow_bonus":"","is_daily":false,"chose_seed":false,"campfire_upgraded":1,"win_rate":0.0,"timestamp":1608733044,"path_taken":["M","M","M","M","?","R","E"],"items_purchased_type":[],"build_version":"2020-12-22","purchased_purges":0,"victory":false,"max_hp_per_floor":[80,80,80,80,80,80,80,80],"relic_stats":{"counters":[5,13],"obtain_stats":[{"Burning Blood":0},{"Burning Blood":0},{"Burning Blood":0}],"Burning Blood":17},"card_choices":[{"not_picked":["Combust","Rupture"],"picked":"Wild Strike","floor":1},{"not_picked":["True Grit","Pommel Strike"],"picked":"Twin Strike","floor":2},{"not_picked":["Thunderclap","Ghostly Armor"],"picked":"Anger","floor":3},{"not_picked":["Combust","True Grit","Pommel Strike"],"picked":"SKIP","floor":4}],"player_experience":233663,"relics_obtained":[],"event_choices":[{"damage_healed":0,"gold_gain":0,"player_choice":"Bought 3 Potions","damage_taken":0,"max_hp_gain":0,"max_hp_loss":0,"event_name":"The Woman in Blue","floor":5,"gold_loss":0}],"is_beta":false,"boss_relics":[],"items_purged_floors":[],"is_endless":true,"potions_floor_spawned":[2],"killed_by":"3 Sentries","ascension_level":4}}