{"host":"o0q01dgb4z8zpo6o","time":1608686955,"event":{"mods":["BaseMod","GifTheSpireLib","Minty Spire (QoL Compilation)","Relic Stats","StSLib"],"gold_per_floor":[110,185,185,195,210,210,243,243,243,243,243,276,296,311,311,383,383,394,84,84,98,114,114,114,114],"floor_reached":24,"playtime":717,"items_purged":["Strike_B"],"score":371,"play_id":"93a8b695-dc2a-42c1-9032-195ddf2e9897","local_time":"20201222172915","is_ascension_mode":true,"campfire_choices":[{"data":"Dualcast","floor":6,"key":"SMITH"},{"floor":11,"key":"REST"},{"floor":15,"key":"REST"},{"data":"Coolheaded","floor":23,"key":"SMITH"}],"circlet_count":0,"master_deck":["AscendersBane","Strike_B","Strike_B","Defend_B","Defend_B","Defend_B","Defend_B","Zap","Dualcast+1","Ball Lightning","Cold Snap","Melter","Sweeping Beam","Beam Cell","Core Surge","Biased Cognition+1","Cold Snap","Capacitor+1","Coolheaded+1","Self Repair+1"],"relics":["Cracked Core","Akabeko","Frozen Egg 2","Matryoshka","Centennial Puzzle","Vajra","Kunai","Coffee Dripper","Runic Capacitor","Blood Vial","Pear"],"acts_visited":["Exordium","TheCity"],"potions_floor_usage":[12],"damage_taken":[{"damage":7,"enemies":"Jaw Worm","floor":1,"turns":3},{"damage":0,"enemies":"Small Slimes","floor":4,"turns":2},{"damage":0,"enemies":"2 Louse","floor":5,"turns":1},{"damage":30,"enemies":"Gremlin Nob","floor":7,"turns":4},{"damage":12,"enemies":"3 Sentries","floor":12,"turns":5},{"damage":0,"enemies":"Exordium Thugs","floor":13,"turns":3},{"damage":0,"enemies":"Lots of Slimes","floor":14,"turns":1},{"damage":32,"enemies":"Hexaghost","floor":16,"turns":9},{"damage":12,"enemies":"3 Byrds","floor":18,"turns":3},{"damage":18,"enemies":"2 Thieves","floor":21,"turns":3},{"damage":33,"enemies":"Shelled Parasite and Fungi","floor":22,"turns":3},{"damage":12,"enemies":"Book of Stabbing","floor":24,"turns":2}],"seed_played":"-1082211533224943692","potions_obtained":[{"floor":1,"key":"SmokeBomb"},{"floor":7,"key":"FocusPotion"},{"floor":13,"key":"SteroidPotion"},{"floor":21,"key":"Fire Potion"}],"is_trial":false,"path_per_floor":["M","?","?","M","M","R","E","?","T","T","R","E","M","M","R","B",null,"M","$","T","M","M","R","E"],"character_chosen":"DEFECT","items_purchased":["Runic Capacitor","Capacitor+1"],"campfire_rested":2,"item_purchase_floors":[19,19],"current_hp_per_floor":[57,46,39,39,39,39,9,9,9,9,30,18,18,18,39,7,55,43,43,53,37,6,6,0,0],"gold":114,"neow_bonus":"RANDOM_COMMON_RELIC","is_daily":false,"chose_seed":false,"campfire_upgraded":2,"win_rate":0.0,"timestamp":1608686955,"path_taken":["M","?","?","M","M","R","E","?","T","?","R","E","?","M","R","BOSS","M","$","?","M","?","R","E"],"items_purchased_type":["Relic","Card"],"build_version":"2020-12-13","purchased_purges":1,"victory":false,"max_hp_per_floor":[71,71,71,71,71,71,71,71,71,71,71,71,71,71,71,71,71,71,71,81,81,81,81,81,81],"relic_stats":{"Blood Vial":6,"Centennial Puzzle":[18],"counters":[12,39],"Kunai":[11],"obtain_stats":[{"Blood Vial":20,"Centennial Puzzle":10,"Matryoshka":9,"Pear":20,"Vajra":10,"Coffee Dripper":17,"Runic Capacitor":19,"Kunai":12,"Frozen Egg 2":7,"Cracked Core":0,"Akabeko":0},{"Blood Vial":9,"Centennial Puzzle":4,"Matryoshka":4,"Pear":9,"Vajra":4,"Coffee Dripper":8,"Runic Capacitor":9,"Kunai":5,"Frozen Egg 2":4,"Cracked Core":0,"Akabeko":0},{"Blood Vial":31,"Centennial Puzzle":10,"Matryoshka":10,"Pear":31,"Vajra":10,"Coffee Dripper":28,"Runic Capacitor":31,"Kunai":15,"Frozen Egg 2":10,"Cracked Core":0,"Akabeko":0}]},"card_choices":[{"not_picked":["White Noise","Cold Snap"],"picked":"Ball Lightning","floor":1},{"not_picked":["Go for the Eyes","Streamline","Steam"],"picked":"SKIP","floor":4},{"not_picked":["Streamline","Undo"],"picked":"Cold Snap","floor":5},{"not_picked":["Lockon","Hologram"],"picked":"Melter","floor":7},{"not_picked":["Glacier","Fusion"],"picked":"Sweeping Beam","floor":12},{"not_picked":["Glacier","Leap"],"picked":"Beam Cell","floor":13},{"not_picked":["Compile Driver","Static Discharge+1"],"picked":"Core Surge","floor":14},{"not_picked":["Meteor Strike","Creative AI+1"],"picked":"Biased Cognition+1","floor":16},{"not_picked":["Turbo","Beam Cell"],"picked":"Cold Snap","floor":18},{"not_picked":["Doom and Gloom","Heatsinks+1"],"picked":"Coolheaded","floor":21},{"not_picked":["Conserve Battery","Rebound+1"],"picked":"Self Repair+1","floor":22}],"player_experience":1027223,"relics_obtained":[{"floor":7,"key":"Frozen Egg 2"},{"floor":9,"key":"Matryoshka"},{"floor":10,"key":"Centennial Puzzle"},{"floor":10,"key":"Vajra"},{"floor":12,"key":"Kunai"},{"floor":20,"key":"Blood Vial"},{"floor":20,"key":"Pear"}],"event_choices":[{"damage_healed":0,"gold_gain":75,"player_choice":"Gather Gold","damage_taken":11,"max_hp_gain":0,"max_hp_loss":0,"event_name":"World of Goop","floor":2,"gold_loss":0},{"cards_removed":["Strike_B"],"damage_healed":0,"gold_gain":0,"player_choice":"Card Removal","damage_taken":7,"max_hp_gain":0,"max_hp_loss":0,"event_name":"Golden Wing","floor":3,"gold_loss":0},{"damage_healed":0,"gold_gain":0,"player_choice":"Ignored","damage_taken":0,"max_hp_gain":0,"max_hp_loss":0,"event_name":"Liars Game","floor":8,"gold_loss":0}],"is_beta":false,"boss_relics":[{"not_picked":["Black Star","Tiny House"],"picked":"Coffee Dripper"}],"items_purged_floors":[19],"is_endless":false,"potions_floor_spawned":[1,7,13,21],"killed_by":"Book of Stabbing","ascension_level":16}}