{"host":"16je3t89sok2dgub","time":1608766948,"event":{"mods":["BaseMod","Better Altar","Better Match","Better Sensory Stone","Better Skull","Better Third Choice","Colored Map","Downfall","Hermit","Jorbs\u0027s Wanderer Trilogy","Minty Spire (QoL Compilation)","Permanent Neow","Relic Stats","StSLib","The Mystic","The Poker Player","The Runesmith","The Showman","The Spell Scribe","Trackpad"],"gold_per_floor":[99,118,148,298,398,417,417,451,465,498,513,363,363,379,389,493,493,493,505,520,137,151,151,151,101,132,132,132,57,112,112,131,229,229,229,244,255,87,87,113,165,165,165],"floor_reached":42,"playtime":2529,"items_purged":["Slimebound:Icky"],"score":624,"play_id":"1816e398-1a34-48d2-b6f5-bb90ae1c5ca4","local_time":"20201223174228","is_ascension_mode":true,"campfire_choices":[{"floor":1,"key":"RECALL"},{"floor":12,"key":"REST"},{"data":"sneckomod:WideSting","floor":18,"key":"SMITH"},{"data":"sneckomod:UnknownRarePower","floor":23,"key":"SMITH"},{"floor":29,"key":"REST"},{"data":"sneckomod:UnknownCommonAttack","floor":35,"key":"SMITH"}],"circlet_count":0,"master_deck":["sneckomod:SnekBite","sneckomod:Unknown+1","sneckomod:WideSting+1","sneckomod:UnknownCommonSkill","sneckomod:UnknownRarePower+1","sneckomod:SlitherStrike","sneckomod:UnknownDexterity","sneckomod:UnknownCommonAttack+1","sneckomod:Unknown1Cost","sneckomod:Unknown3Cost","sneckomod:UnknownVulnerable","sneckomod:UnknownBlock+1","sneckomod:UnknownWeak","sneckomod:UnknownBlock+1","sneckomod:UnknownBlock","sneckomod:UnknownRareSkill","sneckomod:UnknownUncommonPower","sneckomod:Unknown0Cost","sneckomod:UnknownUncommonAttack","sneckomod:UnknownUncommonPower","sneckomod:UnknownUncommonPower+2","sneckomod:UnknownRareSkill","sneckomod:SnakeSap","Guardian:Aged"],"relics":["sneckomod:SneckoSoul","trackpad:RapidFire","trackpad:CultistFigurine","White Beast Statue","Happy Flower","downfall:HeartBlessingRed","downfall:HeartBlessingGreen","trackpad:Coffee","War Paint","Toolbox","sneckomod:LoadedDie","downfall:HeartBlessingBlue","Juzu Bracelet","Cursed Key","PreservedInsect","Darkstone Periapt","Orichalcum"],"acts_visited":["Exordium","TheCity","TheBeyond"],"potions_floor_usage":[26,30,40,42],"damage_taken":[{"damage":1,"enemies":"Cultist","floor":2,"turns":3},{"damage":0,"enemies":"2 Louse","floor":6,"turns":1},{"damage":18,"enemies":"Lagavulin","floor":8,"turns":8},{"damage":5,"enemies":"Small Slimes","floor":9,"turns":3},{"damage":40,"enemies":"3 Sentries","floor":10,"turns":8},{"damage":21,"enemies":"Exordium Wildlife","floor":11,"turns":3},{"damage":8,"enemies":"3 Louse","floor":14,"turns":4},{"damage":4,"enemies":"2 Fungi Beasts","floor":15,"turns":2},{"damage":39,"enemies":"downfall:Ironclad","floor":16,"turns":12},{"damage":0,"enemies":"Shell Parasite","floor":19,"turns":2},{"damage":39,"enemies":"Chosen and Byrds","floor":20,"turns":8},{"damage":4,"enemies":"downfall:FleeingMerchant","floor":21,"turns":4},{"damage":10,"enemies":"Snecko","floor":22,"turns":4},{"damage":40,"enemies":"Book of Stabbing","floor":26,"turns":5},{"damage":13,"enemies":"Slavers","floor":30,"turns":3},{"damage":0,"enemies":"Cultist and Chosen","floor":32,"turns":5},{"damage":15,"enemies":"downfall:Defect","floor":33,"turns":6},{"damage":46,"enemies":"3 Darklings","floor":36,"turns":4},{"damage":26,"enemies":"3 Shapes","floor":37,"turns":4},{"damage":4,"enemies":"downfall:FleeingMerchant","floor":38,"turns":4},{"damage":32,"enemies":"Nemesis","floor":40,"turns":5},{"damage":42,"enemies":"Reptomancer","floor":42,"turns":3}],"seed_played":"-4118590669564177043","potions_obtained":[{"floor":2,"key":"Ancient Potion"},{"floor":9,"key":"Swift Potion"},{"floor":10,"key":"ColorlessPotion"},{"floor":26,"key":"ColorlessPotion"},{"floor":28,"key":"CultistPotion"},{"floor":30,"key":"Regen Potion"},{"floor":40,"key":"Block Potion"}],"is_trial":false,"path_per_floor":["R","M","?","?","?","M","T","E","M","E","M","R","?","M","M","B",null,"R","M","M","$","M","R","T","?","E","?","?","R","E","?","M","B",null,"R","M","M","$","?","E","T","E"],"character_chosen":"THE_SNECKO","items_purchased":["War Paint","Toolbox","PreservedInsect"],"campfire_rested":2,"item_purchase_floors":[21,21,38],"current_hp_per_floor":[90,89,89,89,89,90,90,73,73,34,14,42,73,66,62,24,96,96,97,59,55,46,46,46,81,42,47,47,91,79,116,117,103,118,118,76,50,46,46,34,40,0,0],"gold":165,"neow_bonus":"REMOVE_CARD","is_daily":false,"chose_seed":false,"campfire_upgraded":3,"win_rate":0.0,"timestamp":1608766948,"path_taken":["R","M","?","?","?","M","T","E","M","E","?","R","?","M","M","BOSS","R","M","M","$","M","R","T","?","E","?","?","R","E","?","M","BOSS","R","M","M","$","?","E","T","E"],"items_purchased_type":["Relic","Relic","Relic"],"build_version":"2020-12-22","purchased_purges":1,"victory":false,"max_hp_per_floor":[90,90,90,90,90,91,91,92,92,93,94,94,94,95,95,96,96,96,97,98,98,99,99,99,99,100,105,105,115,116,116,117,118,118,118,118,118,118,118,118,124,124,124],"relic_stats":{"Darkstone Periapt":6,"Happy Flower":[26],"counters":[22,100],"PreservedInsect":106,"Juzu Bracelet":0,"War Paint":["sneckomod:Defend","sneckomod:Unknown"],"Orichalcum":[6],"Cursed Key":1,"obtain_stats":[{"Darkstone Periapt":40,"Happy Flower":10,"downfall:HeartBlessingRed":12,"sneckomod:LoadedDie":26,"downfall:HeartBlessingGreen":12,"PreservedInsect":38,"Juzu Bracelet":30,"War Paint":21,"Orichalcum":41,"sneckomod:SneckoSoul":0,"Cursed Key":34,"White Beast Statue":8,"trackpad:Coffee":17,"trackpad:RapidFire":3,"downfall:HeartBlessingBlue":29,"Toolbox":21,"trackpad:CultistFigurine":7},{"Darkstone Periapt":21,"Happy Flower":5,"downfall:HeartBlessingRed":6,"sneckomod:LoadedDie":14,"downfall:HeartBlessingGreen":6,"PreservedInsect":20,"Juzu Bracelet":15,"War Paint":12,"Orichalcum":21,"sneckomod:SneckoSoul":0,"Cursed Key":17,"White Beast Statue":3,"trackpad:Coffee":9,"trackpad:RapidFire":1,"downfall:HeartBlessingBlue":14,"Toolbox":12,"trackpad:CultistFigurine":2},{"Darkstone Periapt":97,"Happy Flower":23,"downfall:HeartBlessingRed":26,"sneckomod:LoadedDie":67,"downfall:HeartBlessingGreen":26,"PreservedInsect":92,"Juzu Bracelet":70,"War Paint":58,"Orichalcum":97,"sneckomod:SneckoSoul":0,"Cursed Key":81,"White Beast Statue":12,"trackpad:Coffee":44,"trackpad:RapidFire":3,"downfall:HeartBlessingBlue":67,"Toolbox":58,"trackpad:CultistFigurine":4}]},"card_choices":[{"not_picked":["sneckomod:UnknownExhaust","sneckomod:UnknownVulnerable"],"picked":"sneckomod:WideSting","floor":2},{"not_picked":["sneckomod:UnknownVulnerable","sneckomod:UnknownClassPOKER_PLAYER_GRAY"],"picked":"sneckomod:UnknownCommonSkill","floor":6},{"not_picked":["sneckomod:RainOfDice","sneckomod:UnknownBlock"],"picked":"sneckomod:UnknownRarePower","floor":8},{"not_picked":["sneckomod:UnknownClassWANDERER_GRAY_COLOR","sneckomod:DiceBlock"],"picked":"sneckomod:SlitherStrike","floor":9},{"not_picked":["sneckomod:SoulCleanse","sneckomod:UnknownBlock"],"picked":"sneckomod:UnknownDexterity","floor":10},{"not_picked":["sneckomod:Nope","sneckomod:UnknownVulnerable"],"picked":"sneckomod:UnknownCommonAttack","floor":11},{"not_picked":["sneckomod:UnknownCommonSkill","sneckomod:SnekBeam"],"picked":"sneckomod:Unknown1Cost","floor":14},{"not_picked":["sneckomod:Unknown1Cost","sneckomod:QuickMove","sneckomod:UnknownClassCULL_RED_COLOR"],"picked":"SKIP","floor":15},{"not_picked":["sneckomod:DangerNoodle","sneckomod:Restock"],"picked":"sneckomod:Unknown3Cost","floor":16},{"not_picked":["sneckomod:DiceBlock","sneckomod:DiceCrush"],"picked":"sneckomod:UnknownVulnerable","floor":19},{"not_picked":["sneckomod:SoulRoll","sneckomod:UnknownVulnerable"],"picked":"sneckomod:UnknownBlock+1","floor":20},{"not_picked":["sneckomod:UnknownClassWANDERER_GRAY_COLOR+1","sneckomod:GlitteringGambit","sneckomod:RainOfDice"],"picked":"SKIP","floor":21},{"not_picked":["sneckomod:Unknown1Cost","sneckomod:SerpentIdol","sneckomod:SoulRoll"],"picked":"SKIP","floor":22},{"not_picked":["sneckomod:SoulRoll","sneckomod:UnknownCommonAttack"],"picked":"sneckomod:UnknownBlock+1","floor":26},{"not_picked":["sneckomod:UnknownClassTHE_CHAMP_GRAY","sneckomod:UnknownStrike+1"],"picked":"sneckomod:UnknownUncommonPower","floor":30},{"not_picked":["sneckomod:CheapStock","sneckomod:DiceCrush"],"picked":"sneckomod:UnknownUncommonPower","floor":32},{"not_picked":["sneckomod:GlitteringGambit","sneckomod:SerpentMind"],"picked":"sneckomod:UnknownRareSkill","floor":33},{"not_picked":["sneckomod:SoulRoll","sneckomod:UnknownStrike","sneckomod:UnknownExhaust+1"],"picked":"SKIP","floor":36},{"not_picked":["sneckomod:UnknownClassSCRIBE_BLUE","sneckomod:UnknownClassWANDERER_GRAY_COLOR+1"],"picked":"sneckomod:SnakeSap","floor":37},{"not_picked":["sneckomod:SerpentIdol+1","sneckomod:UnknownClassSHOWMAN_PURPLE_COLOR","sneckomod:UnknownClassMYSTIC_PURPLE+1"],"picked":"SKIP","floor":38},{"not_picked":["sneckomod:UnknownVulnerable+1","sneckomod:UnknownCommonAttack+1","sneckomod:Restock"],"picked":"SKIP","floor":40}],"player_experience":382562,"relics_obtained":[{"floor":7,"key":"trackpad:CultistFigurine"},{"floor":8,"key":"White Beast Statue"},{"floor":10,"key":"Happy Flower"},{"floor":26,"key":"sneckomod:LoadedDie"},{"floor":30,"key":"Juzu Bracelet"},{"floor":40,"key":"Darkstone Periapt"},{"floor":41,"key":"Orichalcum"}],"event_choices":[{"damage_healed":31,"gold_gain":0,"player_choice":"Banana","damage_taken":0,"max_hp_gain":0,"max_hp_loss":0,"event_name":"Big Fish","floor":13,"gold_loss":0},{"damage_healed":38,"gold_gain":0,"player_choice":"Heal","damage_taken":0,"max_hp_gain":0,"max_hp_loss":0,"event_name":"The Library","floor":31,"gold_loss":0},{"cards_removed":["sneckomod:Unknown"],"damage_healed":0,"gold_gain":0,"player_choice":"Removed Skill","damage_taken":0,"max_hp_gain":0,"max_hp_loss":0,"event_name":"Falling","floor":39,"gold_loss":0}],"is_beta":false,"boss_relics":[{"not_picked":["sneckomod:SuperSneckoSoul","trackpad:StolenKidneys"],"picked":"trackpad:Coffee"},{"not_picked":["Velvet Choker","Tiny House"],"picked":"Cursed Key"}],"items_purged_floors":[21],"is_endless":false,"potions_floor_spawned":[2,9,10,11,14,15,16,19,20,21,22,26,30,32,33,36,37,38,40],"killed_by":"Reptomancer","ascension_level":3}}