{"host":"Squid","time":1608737394,"event":{"mods":["BaseMod","Minty Spire (QoL Compilation)","StSLib"],"gold_per_floor":[12,12,27,51,65,65,84,84,84,84,113,133,161,178,178,274,274,294,294,19,19,29,29,60,60,83,83,93,124,124,143,143,143,143],"floor_reached":33,"playtime":1261,"items_purged":[],"score":443,"play_id":"bc6e4688-5e4d-4889-b99b-c5154bfe2959","local_time":"20201223102954","is_ascension_mode":true,"campfire_choices":[{"data":"Core Surge","floor":6.0,"key":"SMITH"},{"data":"Doom and Gloom","floor":8.0,"key":"SMITH"},{"data":"Sweeping Beam","floor":10.0,"key":"SMITH"},{"floor":15.0,"key":"REST"},{"data":"Loop","floor":23,"key":"SMITH"},{"floor":30,"key":"REST"},{"data":"Capacitor","floor":32,"key":"SMITH"}],"circlet_count":0,"master_deck":["AscendersBane","Strike_B","Strike_B","Strike_B","Defend_B","Defend_B","Defend_B","Defend_B","Zap","Dualcast","Core Surge+1","FTL","Thunder Strike","Sweeping Beam+1","Leap","Doom and Gloom+1","Chill","Compile Driver","Loop+1","Glacier","Echo Form","Hologram","Capacitor+1","Barrage","Pain","Go for the Eyes+1","Darkness+1","Undo+1","Redo+1","Recycle+1"],"relics":["Ancient Tea Set","Singing Bowl","Orichalcum","Symbiotic Virus","Nuclear Battery","ClockworkSouvenir","WarpedTongs","TungstenRod","MutagenicStrength","Bag of Marbles","Nloth\u0027s Gift","Matryoshka"],"acts_visited":["Exordium","TheCity"],"potions_floor_usage":[],"damage_taken":[{"damage":9.0,"enemies":"2 Louse","floor":1.0,"turns":2.0},{"damage":2.0,"enemies":"Jaw Worm","floor":3.0,"turns":4.0},{"damage":1.0,"enemies":"Cultist","floor":5.0,"turns":3.0},{"damage":0.0,"enemies":"Exordium Wildlife","floor":7.0,"turns":2.0},{"damage":32.0,"enemies":"Gremlin Nob","floor":11.0,"turns":5.0},{"damage":4.0,"enemies":"Red Slaver","floor":12.0,"turns":3.0},{"damage":16.0,"enemies":"Lagavulin","floor":13.0,"turns":6.0},{"damage":0.0,"enemies":"3 Louse","floor":14.0,"turns":2.0},{"damage":4.0,"enemies":"The Guardian","floor":16.0,"turns":9.0},{"damage":14,"enemies":"2 Thieves","floor":18,"turns":4},{"damage":5,"enemies":"3 Byrds","floor":22,"turns":5},{"damage":16,"enemies":"Slavers","floor":24,"turns":7},{"damage":2,"enemies":"Cultist and Chosen","floor":28,"turns":5},{"damage":12,"enemies":"Book of Stabbing","floor":29,"turns":4},{"damage":0,"enemies":"Shelled Parasite and Fungi","floor":31,"turns":4},{"damage":46,"enemies":"Automaton","floor":33,"turns":6}],"seed_played":"-3193922706892140498","potions_obtained":[{"floor":1.0,"key":"ColorlessPotion"},{"floor":3.0,"key":"LiquidMemories"},{"floor":16.0,"key":"Ancient Potion"},{"floor":22,"key":"EssenceOfSteel"}],"is_trial":false,"path_per_floor":["M","?","M","T","M","R","M","R","T","R","E","M","E","M","R","B",null,"M","?","$","?","M","R","E","?","T","?","M","E","R","M","R","B"],"character_chosen":"DEFECT","items_purchased":["Capacitor","ClockworkSouvenir","Barrage"],"campfire_rested":2,"item_purchase_floors":[20,20,20],"current_hp_per_floor":[59,59,57,57,56,56,56,56,56,56,24,20,4,4,26,22,62,48,48,48,48,43,43,27,27,27,27,25,13,35,35,35,0,0],"gold":143,"neow_bonus":"THREE_RARE_CARDS","is_daily":false,"chose_seed":false,"campfire_upgraded":5,"win_rate":0.0,"timestamp":1608737394,"path_taken":["M","?","M","?","M","R","M","R","T","R","E","M","E","?","R","BOSS","M","?","$","?","?","R","E","?","T","?","M","E","R","M","R","BOSS"],"items_purchased_type":["Card","Relic","Card"],"build_version":"2020-12-18","purchased_purges":0,"victory":false,"max_hp_per_floor":[75,75,75,75,75,75,75,75,75,75,75,75,75,75,75,75,75,75,75,75,75,75,75,75,75,75,75,75,75,75,75,75,75,75],"card_choices":[{"not_picked":["Buffer","Fission"],"picked":"Core Surge","floor":0.0},{"not_picked":["Heatsinks","Barrage"],"picked":"FTL","floor":1.0},{"not_picked":["Turbo","Steam"],"picked":"Sweeping Beam","floor":3.0},{"not_picked":["Capacitor","Barrage"],"picked":"Leap","floor":5.0},{"not_picked":["Stack","Reprogram"],"picked":"Doom and Gloom","floor":7.0},{"not_picked":["Barrage","Beam Cell"],"picked":"Chill","floor":11.0},{"not_picked":["Barrage","Consume"],"picked":"Compile Driver","floor":12.0},{"not_picked":["Cold Snap","FTL"],"picked":"Loop","floor":13.0},{"not_picked":["Conserve Battery","Ball Lightning"],"picked":"Glacier","floor":14.0},{"not_picked":["All For One","Biased Cognition"],"picked":"Echo Form","floor":16.0},{"not_picked":["Redo","Gash"],"picked":"Hologram","floor":18},{"not_picked":["Coolheaded","Skim"],"picked":"Go for the Eyes+1","floor":22},{"not_picked":["Turbo","Undo"],"picked":"Darkness+1","floor":24},{"not_picked":["Consume","Aggregate"],"picked":"Undo+1","floor":28},{"not_picked":["Steam Power","Core Surge"],"picked":"Redo+1","floor":29},{"not_picked":["Consume","Steam Power"],"picked":"Recycle+1","floor":31}],"player_experience":837954,"relics_obtained":[{"floor":4.0,"key":"Ancient Tea Set"},{"floor":9.0,"key":"Singing Bowl"},{"floor":11.0,"key":"Orichalcum"},{"floor":13.0,"key":"Symbiotic Virus"},{"floor":24,"key":"TungstenRod"},{"floor":26,"key":"Bag of Marbles"},{"floor":29,"key":"Matryoshka"}],"event_choices":[{"damage_healed":0.0,"max_hp_gain":0.0,"max_hp_loss":0.0,"gold_gain":0.0,"cards_transformed":["Strike_B"],"event_name":"Living Wall","player_choice":"Change","floor":2.0,"gold_loss":0.0,"damage_taken":0.0,"cards_obtained":["Thunder Strike"]},{"damage_healed":0,"gold_gain":0,"player_choice":"Ignored","damage_taken":0,"max_hp_gain":0,"max_hp_loss":0,"event_name":"Vampires","floor":19,"gold_loss":0},{"damage_healed":0,"gold_gain":0,"player_choice":"Rummage","damage_taken":0,"relics_obtained":["WarpedTongs"],"max_hp_gain":0,"max_hp_loss":0,"event_name":"Accursed Blacksmith","floor":21,"gold_loss":0,"cards_obtained":["Pain"]},{"damage_healed":0,"gold_gain":0,"player_choice":"Inject Mutagens","damage_taken":0,"relics_obtained":["MutagenicStrength"],"max_hp_gain":0,"max_hp_loss":0,"event_name":"Drug Dealer","floor":25,"gold_loss":0},{"damage_healed":0,"gold_gain":0,"player_choice":"Traded Relic","damage_taken":0,"relics_obtained":["Nloth\u0027s Gift"],"max_hp_gain":0,"max_hp_loss":0,"event_name":"N\u0027loth","floor":27,"relics_lost":["Cracked Core"],"gold_loss":0}],"is_beta":true,"boss_relics":[{"not_picked":["Philosopher\u0027s Stone","Cursed Key"],"picked":"Nuclear Battery"}],"items_purged_floors":[],"is_endless":false,"potions_floor_spawned":[1,3,16,22],"killed_by":"Automaton","ascension_level":10}}