{"host":"0rnesvkxrqb3qgnn","time":1608701681,"event":{"mods":["BaseMod","Colored Map","Colored Powertips","Highlight Path","Minty Spire (QoL Compilation)","Relic Stats","StSLib"],"gold_per_floor":[212,287,57,67,17,17,33,33,56,56,69,244,277,16,16,114,114,134,145,163,163,163,163],"floor_reached":22,"playtime":1032,"items_purged":["Strike_B","Doubt"],"score":184,"play_id":"c12f14f5-5709-4eba-b59c-e1213af6560a","local_time":"20201223163441","is_ascension_mode":false,"campfire_choices":[{"data":"Redo","floor":6,"key":"SMITH"},{"data":"Zap","floor":8,"key":"SMITH"},{"data":"Dualcast","floor":10,"key":"SMITH"},{"data":"Loop","floor":15,"key":"SMITH"}],"circlet_count":0,"master_deck":["Strike_B","Strike_B","Defend_B","Defend_B","Defend_B","Defend_B","Zap+1","Dualcast+1","Redo+1","Loop+1","Loop","Thunder Strike","CurseOfTheBell","Redo","Capacitor","Thunder Strike+1","Heatsinks"],"relics":["Cracked Core","Tiny Chest","Blood Vial","The Courier","Bag of Preparation","Calling Bell","Molten Egg 2","Prayer Wheel","Happy Flower"],"acts_visited":["Exordium","TheCity"],"potions_floor_usage":[16,20],"damage_taken":[{"damage":2,"enemies":"2 Louse","floor":1,"turns":3},{"damage":1,"enemies":"Jaw Worm","floor":4,"turns":3},{"damage":0,"enemies":"Small Slimes","floor":7,"turns":4},{"damage":7,"enemies":"Blue Slaver","floor":11,"turns":2},{"damage":26,"enemies":"3 Sentries","floor":13,"turns":7},{"damage":22,"enemies":"The Guardian","floor":16,"turns":11},{"damage":24,"enemies":"Shell Parasite","floor":18,"turns":6},{"damage":10,"enemies":"Chosen","floor":19,"turns":4},{"damage":36,"enemies":"Shelled Parasite and Fungi","floor":20,"turns":6},{"damage":13,"enemies":"Centurion and Healer","floor":22,"turns":3}],"seed_played":"-3644609632021540222","potions_obtained":[{"floor":7,"key":"SpeedPotion"},{"floor":16,"key":"PowerPotion"},{"floor":20,"key":"EssenceOfDarkness"}],"is_trial":false,"path_per_floor":["M","?","$","M","?","R","M","R","T","R","M","?","E","$","R","B",null,"M","M","M","?","M"],"character_chosen":"DEFECT","items_purchased":["Tiny Chest","Bag of Preparation","Loop"],"campfire_rested":0,"item_purchase_floors":[3,14,14],"current_hp_per_floor":[73,62,62,61,61,61,61,61,61,61,56,56,32,32,32,12,75,51,43,9,9,0,0],"gold":163,"neow_bonus":"HUNDRED_GOLD","is_daily":false,"chose_seed":false,"campfire_upgraded":4,"win_rate":0.0,"timestamp":1608701681,"path_taken":["M","?","$","M","?","R","M","R","T","R","M","?","E","$","R","BOSS","M","M","M","?","M"],"items_purchased_type":["Relic","Relic","Card"],"build_version":"2020-12-22","purchased_purges":2,"victory":false,"max_hp_per_floor":[75,75,75,75,75,75,75,75,75,75,75,75,75,75,75,75,75,75,75,75,75,75,75],"relic_stats":{"Blood Vial":12,"Happy Flower":[6],"counters":[10,48],"Tiny Chest":0,"Prayer Wheel":3,"Bag of Preparation":[10],"obtain_stats":[{"Blood Vial":9,"Calling Bell":17,"Happy Flower":17,"Tiny Chest":3,"Molten Egg 2":17,"Prayer Wheel":17,"The Courier":13,"Bag of Preparation":14,"Cracked Core":0},{"Blood Vial":3,"Calling Bell":6,"Happy Flower":6,"Tiny Chest":1,"Molten Egg 2":6,"Prayer Wheel":6,"The Courier":5,"Bag of Preparation":5,"Cracked Core":0},{"Blood Vial":10,"Calling Bell":29,"Happy Flower":29,"Tiny Chest":3,"Molten Egg 2":29,"Prayer Wheel":29,"The Courier":19,"Bag of Preparation":19,"Cracked Core":0}]},"card_choices":[{"not_picked":["Leap","Glacier","Recycle"],"picked":"SKIP","floor":1},{"not_picked":["Turbo","Barrage"],"picked":"Redo","floor":4},{"not_picked":["Gash","Streamline","Aggregate"],"picked":"SKIP","floor":7},{"not_picked":["Auto Shields","Gash","Force Field"],"picked":"SKIP","floor":11},{"not_picked":["Steam","Chill"],"picked":"Loop","floor":13},{"not_picked":["All For One","Fission"],"picked":"Thunder Strike","floor":16},{"not_picked":["Ball Lightning+1","Sweeping Beam+1"],"picked":"Redo","floor":18},{"not_picked":["Melter+1","Streamline+1","Barrage+1"],"picked":"SKIP","floor":18},{"not_picked":["Stack+1","Rebound+1"],"picked":"Capacitor","floor":19},{"not_picked":["Ball Lightning+1","Stack"],"picked":"Thunder Strike+1","floor":19},{"not_picked":["Darkness+1","Steam"],"picked":"Heatsinks","floor":20},{"not_picked":["Coolheaded","Leap+1","Compile Driver+1"],"picked":"SKIP","floor":20}],"player_experience":90187,"relics_obtained":[{"floor":9,"key":"Blood Vial"},{"floor":13,"key":"The Courier"},{"floor":17,"key":"Molten Egg 2"},{"floor":17,"key":"Prayer Wheel"},{"floor":17,"key":"Happy Flower"}],"event_choices":[{"damage_healed":0,"gold_gain":75,"player_choice":"Gather Gold","damage_taken":11,"max_hp_gain":0,"max_hp_loss":0,"event_name":"World of Goop","floor":2,"gold_loss":0},{"cards_removed":["Strike_B"],"damage_healed":0,"gold_gain":0,"player_choice":"Card Removal","damage_taken":0,"max_hp_gain":0,"max_hp_loss":0,"event_name":"The Cleric","floor":5,"gold_loss":50},{"damage_healed":0,"gold_gain":175,"player_choice":"AGREE","damage_taken":0,"max_hp_gain":0,"max_hp_loss":0,"event_name":"Liars Game","floor":12,"gold_loss":0,"cards_obtained":["Doubt"]},{"damage_healed":0,"gold_gain":0,"player_choice":"Ignored","damage_taken":0,"max_hp_gain":0,"max_hp_loss":0,"event_name":"Ghosts","floor":21,"gold_loss":0}],"is_beta":false,"boss_relics":[{"not_picked":["FrozenCore","Tiny House"],"picked":"Calling Bell"}],"items_purged_floors":[3,14],"is_endless":false,"potions_floor_spawned":[7,16,20],"killed_by":"Centurion and Healer","ascension_level":0}}