{"host":"2qv44oxt58ptq59r","time":1608740289,"event":{"mods":["AchievementEnabler","BaseMod","Colored Powertips","Highlight Path","Minty Spire (QoL Compilation)","Permanent Neow","StSLib"],"gold_per_floor":[112,112,112,127,137,137,137,137,137,164,164,174,174,204,204,299,299,311,311,330,13,13,13,31,48,48,48,63,63,15,0,0,100,150,169,169,48,66,66,66,66,66,66,83,103,130,130,144,144,144,144],"floor_reached":50,"playtime":7917,"items_purged":[],"score":473,"play_id":"b33695db-06b7-4a00-bf1b-4f5fabfb2ee7","local_time":"20201223161809","is_ascension_mode":false,"campfire_choices":[{"data":"Juggernaut","floor":6.0,"key":"SMITH"},{"floor":8.0,"key":"REST"},{"data":"Metallicize","floor":11.0,"key":"SMITH"},{"data":"Sword Boomerang","floor":13.0,"key":"SMITH"},{"floor":15.0,"key":"REST"},{"data":"Rage","floor":23.0,"key":"SMITH"},{"data":"Perfected Strike","floor":29.0,"key":"SMITH"},{"data":"Inflame","floor":32.0,"key":"SMITH"},{"data":"Madness","floor":40.0,"key":"SMITH"},{"data":"Madness","floor":42.0,"key":"SMITH"},{"data":"Madness","floor":47,"key":"SMITH"},{"data":"Shockwave","floor":49,"key":"SMITH"}],"circlet_count":0,"master_deck":["Strike_R+1","Strike_R+1","Strike_R+1","Strike_R+1","Defend_R+1","Defend_R+1","Defend_R+1","Defend_R+1","Bash+1","Juggernaut+1","Warcry","Metallicize+1","Cleave","Sword Boomerang+1","Rage+1","Feed","CurseOfTheBell","True Grit+1","Headbutt","Inflame+1","Shockwave+1","Perfected Strike+1","Thunderclap+1","Juggernaut+1","Infernal Blade+1","Spot Weakness+1","Madness+1","Madness+1","Madness+1","Rage+1","Cleave+1","Parasite","Disarm"],"relics":["Burning Blood","Red Skull","Shuriken","Ancient Tea Set","Calling Bell","Happy Flower","StrikeDummy","Ginger","Eternal Feather","Vajra","Tiny House","Question Card","Orichalcum"],"acts_visited":["Exordium","TheCity","TheBeyond"],"potions_floor_usage":[44,45,45,50],"damage_taken":[{"damage":2.0,"enemies":"2 Louse","floor":1.0,"turns":4.0},{"damage":0.0,"enemies":"Small Slimes","floor":4.0,"turns":5.0},{"damage":0.0,"enemies":"Jaw Worm","floor":5.0,"turns":3.0},{"damage":20.0,"enemies":"3 Sentries","floor":10.0,"turns":6.0},{"damage":8.0,"enemies":"Large Slime","floor":12.0,"turns":4.0},{"damage":24.0,"enemies":"Lagavulin","floor":14.0,"turns":7.0},{"damage":27.0,"enemies":"Slime Boss","floor":16.0,"turns":6.0},{"damage":5.0,"enemies":"Shell Parasite","floor":18.0,"turns":5.0},{"damage":13.0,"enemies":"Spheric Guardian","floor":20.0,"turns":4.0},{"damage":0.0,"enemies":"Chosen and Byrds","floor":24.0,"turns":6.0},{"damage":21.0,"enemies":"Centurion and Healer","floor":25.0,"turns":7.0},{"damage":27.0,"enemies":"Snake Plant","floor":28.0,"turns":3.0},{"damage":29.0,"enemies":"Collector","floor":33.0,"turns":7.0},{"damage":47.0,"enemies":"3 Darklings","floor":35.0,"turns":6.0},{"damage":6.0,"enemies":"Orb Walker","floor":38.0,"turns":3.0},{"damage":29,"enemies":"Spire Growth","floor":44,"turns":5},{"damage":21,"enemies":"Sphere and 2 Shapes","floor":45,"turns":4},{"damage":14,"enemies":"Writhing Mass","floor":48,"turns":6},{"damage":92,"enemies":"Awakened One","floor":50,"turns":9}],"seed_played":"-1524123551636055183","potions_obtained":[{"floor":1.0,"key":"Block Potion"},{"floor":10.0,"key":"Swift Potion"},{"floor":16.0,"key":"Strength Potion"},{"floor":24.0,"key":"ElixirPotion"},{"floor":28.0,"key":"FearPotion"},{"floor":34.0,"key":"SneckoOil"},{"floor":38.0,"key":"DistilledChaos"},{"floor":48,"key":"Fire Potion"}],"is_trial":false,"path_per_floor":["M","?","?","M","M","R","?","R","T","E","R","M","R","E","R","B",null,"M","?","M","$","?","R","M","M","T","$","M","R","$","?","R","B",null,"M","?","$","M","?","R","?","R","T","M","M","T","R","M","R","B"],"character_chosen":"IRONCLAD","items_purchased":["Eternal Feather","Inflame","BloodPotion","LiquidBronze","Strength Potion"],"campfire_rested":2,"item_purchase_floors":[21,21,30,37,37],"current_hp_per_floor":[80,62,46,52,58,58,58,80,80,66,66,64,64,46,70,49,80,80,80,76,76,76,83,83,71,71,71,53,65,65,65,77,54,94,53,53,53,53,41,59,59,74,74,51,57,57,75,67,85,0,0],"gold":144,"neow_bonus":"TRANSFORM_CARD","is_daily":false,"chose_seed":false,"campfire_upgraded":10,"win_rate":0.0,"timestamp":1608740289,"path_taken":["M","?","?","M","M","R","?","R","T","E","R","M","R","E","R","BOSS","M","?","M","$","?","R","M","M","T","$","M","R","$","?","R","BOSS","M","?","$","M","?","R","?","R","T","M","M","?","R","M","R","BOSS"],"items_purchased_type":["Relic","Card","Potion","Potion","Potion"],"build_version":"2020-12-22","purchased_purges":0,"victory":false,"max_hp_per_floor":[80,80,80,80,80,80,80,80,80,80,80,80,80,80,80,80,80,80,80,83,83,83,83,83,86,86,86,89,89,89,89,89,89,94,94,94,94,94,94,94,94,94,94,94,97,97,97,97,97,97,97],"card_choices":[{"not_picked":["Battle Trance","Flex"],"picked":"Warcry","floor":1.0},{"not_picked":["Twin Strike","Perfected Strike"],"picked":"Metallicize","floor":4.0},{"not_picked":["Clash","Anger"],"picked":"Cleave","floor":5.0},{"not_picked":["Entrench","Pummel","Cleave"],"picked":"SKIP","floor":10.0},{"not_picked":["Headbutt","Perfected Strike"],"picked":"Sword Boomerang","floor":12.0},{"not_picked":["Demon Form","Evolve"],"picked":"Rage","floor":14.0},{"not_picked":["Limit Break","Offering"],"picked":"Feed","floor":16.0},{"not_picked":["Power Through","Thunderclap"],"picked":"True Grit+1","floor":18.0},{"not_picked":["Sword Boomerang","Dark Embrace"],"picked":"Headbutt","floor":20.0},{"not_picked":["Dropkick","Hemokinesis+1"],"picked":"Shockwave","floor":24.0},{"not_picked":["Blood for Blood","Armaments"],"picked":"Perfected Strike","floor":25.0},{"not_picked":["Clash","Heavy Blade"],"picked":"Thunderclap+1","floor":28.0},{"not_picked":["Bludgeon","Demon Form"],"picked":"Juggernaut","floor":33.0},{"not_picked":["Searing Blow","Wild Strike"],"picked":"Infernal Blade+1","floor":34.0},{"not_picked":["True Grit","Anger"],"picked":"Spot Weakness+1","floor":35.0},{"not_picked":["Thinking Ahead","The Bomb"],"picked":"Madness","floor":36.0},{"not_picked":["Cleave","Sword Boomerang"],"picked":"Headbutt+1","floor":38.0},{"not_picked":["Armaments+1","Burning Pact+1","Anger"],"picked":"Rage+1","floor":44},{"not_picked":["Spot Weakness+1","Thunderclap","Evolve+1"],"picked":"Cleave+1","floor":45},{"not_picked":["Armaments","Sentinel+1","Flex+1"],"picked":"Disarm","floor":48}],"player_experience":4989347,"relics_obtained":[{"floor":10.0,"key":"Shuriken"},{"floor":14.0,"key":"Ancient Tea Set"},{"floor":17.0,"key":"Happy Flower"},{"floor":17.0,"key":"StrikeDummy"},{"floor":17.0,"key":"Ginger"},{"floor":26.0,"key":"Vajra"},{"floor":43.0,"key":"Question Card"},{"floor":46,"key":"Orichalcum"}],"event_choices":[{"damage_healed":0.0,"max_hp_gain":0.0,"max_hp_loss":0.0,"gold_gain":0.0,"event_name":"Scrap Ooze","player_choice":"Success","floor":2.0,"gold_loss":0.0,"damage_taken":18.0,"relics_obtained":["Red Skull"]},{"damage_healed":0.0,"max_hp_gain":0.0,"max_hp_loss":0.0,"gold_gain":0.0,"event_name":"Shining Light","player_choice":"Entered Light","floor":3.0,"gold_loss":0.0,"damage_taken":16.0,"cards_upgraded":["Bash","Defend_R"]},{"damage_healed":0.0,"max_hp_gain":0.0,"max_hp_loss":0.0,"gold_gain":0.0,"event_name":"Liars Game","player_choice":"Ignored","floor":7.0,"gold_loss":0.0,"damage_taken":0.0},{"damage_healed":0.0,"max_hp_gain":0.0,"max_hp_loss":0.0,"gold_gain":0.0,"event_name":"Ghosts","player_choice":"Ignored","floor":19.0,"gold_loss":0.0,"damage_taken":0.0},{"damage_healed":0.0,"max_hp_gain":0.0,"max_hp_loss":0.0,"gold_gain":0.0,"event_name":"Back to Basics","player_choice":"Simplicity","floor":22.0,"gold_loss":0.0,"damage_taken":0.0,"cards_upgraded":["Strike_R","Strike_R","Strike_R","Strike_R","Defend_R","Defend_R","Defend_R"]},{"damage_healed":0.0,"max_hp_gain":0.0,"max_hp_loss":0.0,"gold_gain":0.0,"event_name":"Masked Bandits","player_choice":"Paid Fearfully","floor":31.0,"gold_loss":15.0,"damage_taken":0.0},{"damage_healed":0.0,"max_hp_gain":0.0,"max_hp_loss":0.0,"gold_gain":0.0,"event_name":"SensoryStone","player_choice":"Memory 1","floor":36.0,"gold_loss":0.0,"damage_taken":0.0},{"damage_healed":0.0,"max_hp_gain":0.0,"max_hp_loss":0.0,"gold_gain":0.0,"event_name":"Winding Halls","player_choice":"Embrace Madness","floor":39.0,"gold_loss":0.0,"damage_taken":12.0,"cards_obtained":["Madness","Madness"]},{"cards_removed":["Headbutt"],"damage_healed":0.0,"max_hp_gain":0.0,"max_hp_loss":0.0,"gold_gain":0.0,"event_name":"Falling","player_choice":"Removed Attack","floor":41.0,"gold_loss":0.0,"damage_taken":0.0}],"is_beta":false,"boss_relics":[{"not_picked":["Busted Crown","Fusion Hammer"],"picked":"Calling Bell"},{"not_picked":["Astrolabe","SlaversCollar"],"picked":"Tiny House"}],"items_purged_floors":[],"is_endless":false,"potions_floor_spawned":[1,10,16,24,28,38,48],"killed_by":"Awakened One","ascension_level":0}}