{"host":"qm4rv4rkpk76sbxu","time":1608711994,"event":{"mods":["BaseMod","Bestiary","Block Reminder","DeckTracker","Filter the Spire","Keyboard Shortcuts","Minty Spire (QoL Compilation)","MonsterHotkey","Potion Indicator Mod","Quick Restart","Random Character Button","Relic Stats","Slay-I","StSLib","ojb\u0027s Better Paths Mod"],"gold_per_floor":[15,15,32,45,62,95,95,123,123,123,123],"floor_reached":10,"playtime":350,"items_purged":[],"score":156,"play_id":"f8d09aec-6209-41cd-8267-e4eb0bba93e5","local_time":"20201223092634","is_ascension_mode":true,"campfire_choices":[{"data":"Dualcast","floor":7.0,"key":"SMITH"}],"circlet_count":0,"master_deck":["AscendersBane","Strike_B","Strike_B","Strike_B","Defend_B","Defend_B","Defend_B","Defend_B","Zap","Dualcast+1","Cold Snap","Cold Snap","All For One","Compile Driver","Lockon","Compile Driver"],"relics":["Cracked Core","Unceasing Top","Tiny Chest","Eternal Feather","Sundial"],"acts_visited":["Exordium"],"potions_floor_usage":[10],"damage_taken":[{"damage":0.0,"enemies":"Small Slimes","floor":1.0,"turns":2.0},{"damage":0.0,"enemies":"Cultist","floor":3.0,"turns":4.0},{"damage":0.0,"enemies":"2 Louse","floor":4.0,"turns":3.0},{"damage":10.0,"enemies":"Red Slaver","floor":5.0,"turns":4.0},{"damage":37.0,"enemies":"Gremlin Nob","floor":6.0,"turns":5.0},{"damage":15.0,"enemies":"3 Sentries","floor":8.0,"turns":10.0},{"damage":33,"enemies":"Gremlin Nob","floor":10,"turns":3}],"seed_played":"-3942647763111102333","potions_obtained":[{"floor":3.0,"key":"PowerPotion"},{"floor":8.0,"key":"SteroidPotion"}],"is_trial":false,"path_per_floor":["M","?","M","M","M","E","R","E","T","E"],"character_chosen":"DEFECT","items_purchased":[],"campfire_rested":0,"item_purchase_floors":[],"current_hp_per_floor":[64,64,64,64,54,17,17,2,2,0,0],"gold":123,"neow_bonus":"ONE_RARE_RELIC","is_daily":false,"chose_seed":false,"campfire_upgraded":1,"win_rate":0.0,"timestamp":1608711994,"path_taken":["M","?","?","M","M","E","R","E","T","E"],"items_purchased_type":[],"build_version":"2020-12-22","purchased_purges":0,"victory":false,"max_hp_per_floor":[71,71,71,71,71,71,71,71,71,71,71],"relic_stats":{"counters":[7,31],"Sundial":[0],"Tiny Chest":0,"Eternal Feather":0,"obtain_stats":[{"Sundial":9,"Tiny Chest":6,"Eternal Feather":8,"Cracked Core":0,"Unceasing Top":0},{"Sundial":6,"Tiny Chest":5,"Eternal Feather":6,"Cracked Core":0,"Unceasing Top":0},{"Sundial":28,"Tiny Chest":18,"Eternal Feather":28,"Cracked Core":0,"Unceasing Top":0}],"Unceasing Top":[0]},"card_choices":[{"not_picked":["Streamline","Rip and Tear"],"picked":"Cold Snap","floor":1.0},{"not_picked":["Stack","Barrage"],"picked":"Cold Snap","floor":3.0},{"not_picked":["Fusion","Double Energy"],"picked":"All For One","floor":4.0},{"not_picked":["Tempest","Turbo"],"picked":"Compile Driver","floor":5.0},{"not_picked":["Skim","Rebound"],"picked":"Lockon","floor":6.0},{"not_picked":["Coolheaded","Sweeping Beam"],"picked":"Compile Driver","floor":8.0}],"player_experience":1096791,"relics_obtained":[{"floor":6.0,"key":"Tiny Chest"},{"floor":8.0,"key":"Eternal Feather"},{"floor":9.0,"key":"Sundial"}],"event_choices":[{"cards_removed":["Strike_B"],"damage_healed":0.0,"max_hp_gain":0.0,"max_hp_loss":0.0,"gold_gain":0.0,"event_name":"Purifier","player_choice":"Purged","floor":2.0,"gold_loss":0.0,"damage_taken":0.0}],"is_beta":false,"boss_relics":[],"items_purged_floors":[],"is_endless":false,"potions_floor_spawned":[3,8],"killed_by":"Gremlin Nob","ascension_level":20}}