{"host":"3jpwrwmmgyabjceh","time":1608732520,"event":{"mods":["AchievementEnabler","BaseMod","Colored Map","Colored Powertips","Highlight Path","Minty Spire (QoL Compilation)","Quick Restart","StSLib"],"gold_per_floor":[119,129,143,155,80,112,112,126,203,203,216,234,234,251,251,350,350,305,135,135,135,135,135,135,135,135,135,135,135,135,135,135,135,135,135,135,135,135,135,135,10,10,10,10,10,10,10],"floor_reached":46,"playtime":1514,"items_purged":["Strike_R","Strike_R","Strike_R"],"score":553,"play_id":"f0b4ff84-1acb-47d2-8f4f-238ae9d5be2b","local_time":"20201223170840","is_ascension_mode":true,"campfire_choices":[{"data":"Bash","floor":7.0,"key":"SMITH"},{"data":"Pommel Strike","floor":10.0,"key":"SMITH"},{"data":"Heavy Blade","floor":13.0,"key":"SMITH"},{"floor":15.0,"key":"REST"},{"floor":23.0,"key":"REST"},{"floor":27.0,"key":"REST"},{"data":"Heavy Blade","floor":29.0,"key":"SMITH"},{"floor":32.0,"key":"REST"},{"data":"1","floor":40.0,"key":"LIFT"},{"data":"2","floor":42.0,"key":"LIFT"},{"floor":45.0,"key":"REST"}],"circlet_count":0,"master_deck":["Strike_R","Strike_R","Defend_R","Defend_R","Defend_R+1","Defend_R+1","Bash+1","Pommel Strike+1","Heavy Blade+1","Heavy Blade+1","Cleave","Inflame","Inflame","Rage+1","Inflame+1","Shrug It Off+1","Double Tap","Armaments+1","Madness","Madness"],"relics":["Black Blood","Orichalcum","War Paint","Ectoplasm","Thread and Needle","Ancient Tea Set","Girya","HornCleat","Shovel","Pen Nib"],"acts_visited":["Exordium","TheCity","TheBeyond"],"potions_floor_usage":[],"damage_taken":[{"damage":0.0,"enemies":"Cultist","floor":1.0,"turns":3.0},{"damage":7.0,"enemies":"Jaw Worm","floor":2.0,"turns":3.0},{"damage":3.0,"enemies":"Small Slimes","floor":3.0,"turns":3.0},{"damage":11.0,"enemies":"3 Louse","floor":4.0,"turns":3.0},{"damage":18.0,"enemies":"Gremlin Nob","floor":6.0,"turns":5.0},{"damage":12.0,"enemies":"2 Fungi Beasts","floor":8.0,"turns":3.0},{"damage":3.0,"enemies":"Looter","floor":11.0,"turns":2.0},{"damage":12.0,"enemies":"Exordium Thugs","floor":12.0,"turns":5.0},{"damage":23.0,"enemies":"Gremlin Gang","floor":14.0,"turns":6.0},{"damage":52.0,"enemies":"Slime Boss","floor":16.0,"turns":14.0},{"damage":19.0,"enemies":"2 Thieves","floor":18.0,"turns":3.0},{"damage":6.0,"enemies":"Chosen","floor":21.0,"turns":3.0},{"damage":34.0,"enemies":"Centurion and Healer","floor":22.0,"turns":4.0},{"damage":39.0,"enemies":"Gremlin Leader","floor":24.0,"turns":6.0},{"damage":17.0,"enemies":"Shelled Parasite and Fungi","floor":25.0,"turns":4.0},{"damage":5.0,"enemies":"Cultist and Chosen","floor":28.0,"turns":5.0},{"damage":0.0,"enemies":"Centurion and Healer","floor":30.0,"turns":2.0},{"damage":1.0,"enemies":"Colosseum Slavers","floor":31.0,"turns":3.0},{"damage":38.0,"enemies":"Colosseum Nobs","floor":31.0,"turns":5.0},{"damage":30.0,"enemies":"Collector","floor":33.0,"turns":6.0},{"damage":23.0,"enemies":"3 Darklings","floor":35.0,"turns":8.0},{"damage":0.0,"enemies":"Mind Bloom Boss Battle","floor":36.0,"turns":5.0},{"damage":13.0,"enemies":"3 Shapes","floor":38.0,"turns":6.0},{"damage":83,"enemies":"Reptomancer","floor":46,"turns":3}],"seed_played":"4001096910885496009","potions_obtained":[{"floor":3.0,"key":"BlessingOfTheForge"},{"floor":4.0,"key":"FairyPotion"},{"floor":8.0,"key":"Fire Potion"},{"floor":12.0,"key":"ColorlessPotion"},{"floor":14.0,"key":"GamblersBrew"},{"floor":21.0,"key":"CultistPotion"},{"floor":24.0,"key":"Fire Potion"},{"floor":25.0,"key":"EssenceOfSteel"},{"floor":28.0,"key":"DistilledChaos"},{"floor":36.0,"key":"EssenceOfSteel"}],"is_trial":false,"path_per_floor":["M","M","M","M","$","E","R","M","T","R","M","M","R","M","R","B",null,"M","$","?","M","M","R","E","M","T","R","M","R","M","?","R","B",null,"M","?","?","M","?","R","$","R","T","$","R","E"],"character_chosen":"IRONCLAD","items_purchased":["Inflame"],"campfire_rested":5,"item_purchase_floors":[19],"current_hp_per_floor":[80,79,80,75,75,63,63,57,57,57,60,54,54,37,61,15,64,51,51,51,51,23,47,14,30,30,54,55,55,61,34,58,34,69,58,70,70,69,59,59,59,59,59,59,80,0,0],"gold":10,"neow_bonus":"RANDOM_COMMON_RELIC","is_daily":false,"chose_seed":false,"campfire_upgraded":4,"win_rate":0.0,"timestamp":1608732520,"path_taken":["M","?","?","M","$","E","R","M","T","R","M","M","R","M","R","BOSS","M","$","?","M","M","R","E","M","T","R","M","R","M","?","R","BOSS","M","?","?","M","?","R","$","R","T","$","R","E"],"items_purchased_type":["Card"],"build_version":"2020-12-22","purchased_purges":3,"victory":false,"max_hp_per_floor":[80,80,80,80,80,80,80,80,80,80,80,80,80,80,80,80,80,80,80,80,80,80,80,80,80,80,80,80,80,80,80,80,80,80,80,80,80,80,80,80,80,80,80,80,80,80,80],"card_choices":[{"not_picked":["True Grit","Shrug It Off"],"picked":"Pommel Strike","floor":1.0},{"not_picked":["Ghostly Armor","Body Slam"],"picked":"Heavy Blade","floor":2.0},{"not_picked":["Armaments","Body Slam"],"picked":"Heavy Blade","floor":3.0},{"not_picked":["Havoc","Clothesline","Clash"],"picked":"SKIP","floor":4.0},{"not_picked":["Clothesline","Hemokinesis","Uppercut"],"picked":"SKIP","floor":6.0},{"not_picked":["Pommel Strike","Twin Strike","Flex"],"picked":"SKIP","floor":8.0},{"not_picked":["Iron Wave","Sever Soul","Corruption"],"picked":"SKIP","floor":11.0},{"not_picked":["Intimidate","Fire Breathing","Pommel Strike"],"picked":"SKIP","floor":12.0},{"not_picked":["Seeing Red","True Grit"],"picked":"Cleave","floor":14.0},{"not_picked":["Sword Boomerang+1","Metallicize","Battle Trance"],"picked":"SKIP","floor":18.0},{"not_picked":["Perfected Strike","Fire Breathing","Hemokinesis"],"picked":"SKIP","floor":21.0},{"not_picked":["Perfected Strike+1","Anger"],"picked":"Rage+1","floor":22.0},{"not_picked":["Pummel+1","Clothesline+1"],"picked":"Inflame+1","floor":24.0},{"not_picked":["Shockwave","Carnage","Body Slam"],"picked":"SKIP","floor":25.0},{"not_picked":["Rupture","Carnage","Headbutt"],"picked":"SKIP","floor":28.0},{"not_picked":["Carnage+1","Hemokinesis"],"picked":"Shrug It Off+1","floor":30.0},{"not_picked":["Brutality","Immolate"],"picked":"Double Tap","floor":33.0},{"not_picked":["Disarm","Headbutt+1","Cleave+1"],"picked":"SKIP","floor":35.0},{"not_picked":["Clash","Cleave"],"picked":"Armaments+1","floor":36.0},{"not_picked":["True Grit","Rage","Reckless Charge+1"],"picked":"SKIP","floor":38.0}],"player_experience":258660,"relics_obtained":[{"floor":6.0,"key":"War Paint"},{"floor":24.0,"key":"Thread and Needle"},{"floor":26.0,"key":"Ancient Tea Set"},{"floor":31.0,"key":"Girya"},{"floor":31.0,"key":"HornCleat"},{"floor":36.0,"key":"Shovel"},{"floor":43.0,"key":"Pen Nib"}],"event_choices":[{"damage_healed":0.0,"max_hp_gain":0.0,"max_hp_loss":0.0,"gold_gain":0.0,"event_name":"The Library","player_choice":"Read","floor":20.0,"gold_loss":0.0,"damage_taken":0.0,"cards_obtained":["Inflame"]},{"damage_healed":0.0,"max_hp_gain":0.0,"max_hp_loss":0.0,"gold_gain":0.0,"event_name":"Colosseum","player_choice":"Fight","floor":31.0,"gold_loss":0.0,"damage_taken":0.0},{"damage_healed":0.0,"max_hp_gain":0.0,"max_hp_loss":0.0,"gold_gain":0.0,"event_name":"Colosseum","player_choice":"Fought Nobs","floor":31.0,"gold_loss":0.0,"damage_taken":0.0},{"damage_healed":0.0,"max_hp_gain":0.0,"max_hp_loss":0.0,"gold_gain":0.0,"event_name":"MindBloom","player_choice":"Fight","floor":36.0,"gold_loss":0.0,"damage_taken":0.0},{"damage_healed":0.0,"max_hp_gain":0.0,"max_hp_loss":0.0,"gold_gain":0.0,"event_name":"SensoryStone","player_choice":"Memory 1","floor":37.0,"gold_loss":0.0,"damage_taken":0.0},{"damage_healed":0.0,"max_hp_gain":0.0,"max_hp_loss":0.0,"gold_gain":0.0,"event_name":"Winding Halls","player_choice":"Embrace Madness","floor":39.0,"gold_loss":0.0,"damage_taken":10.0,"cards_obtained":["Madness","Madness"]}],"is_beta":false,"boss_relics":[{"not_picked":["Runic Dome","SlaversCollar"],"picked":"Ectoplasm"},{"not_picked":["Astrolabe","Empty Cage"],"picked":"Black Blood"}],"items_purged_floors":[5,19,41],"is_endless":false,"potions_floor_spawned":[3,4,8,12,14,21,24,25,28,36],"killed_by":"Reptomancer","ascension_level":5}}