{"host":"svab9sudlrudptws","time":1608758867,"event":{"mods":["BaseMod","Colored Powertips","Minty Spire (QoL Compilation)","Robot Space Explorer","Shade Mod","StSLib","The Blackbeard","The Mystic","The Necromancer","The Poker Player","The Servant 0.9.4"],"gold_per_floor":[114,64,80,180,199,199,243,243,243,318,357,382,391,413,413,413,413],"floor_reached":16,"playtime":890,"items_purged":[],"score":143,"play_id":"d6464e5f-ff90-4145-a36e-b5a273f7d56c","local_time":"20201223232747","is_ascension_mode":true,"campfire_choices":[{"data":"KidneyShot","floor":6,"key":"SMITH"},{"floor":8,"key":"REST"},{"floor":15,"key":"REST"}],"circlet_count":0,"master_deck":["Strike_S","Strike_S","Defend_S","Defend_S","Defend_S","Defend_S","KidneyShot+1","Exchange","Defy","TimeWarp","TimeWarp","Sunlight","Defy","Moonlight","Duplication","DoubleEdge"],"relics":["Uniform","NeowsBlessing","CeramicFish","Shuriken","HornCleat"],"acts_visited":["Exordium"],"potions_floor_usage":[7,11],"damage_taken":[{"damage":0,"enemies":"Jaw Worm","floor":1,"turns":1},{"damage":0,"enemies":"2 Louse","floor":3,"turns":2},{"damage":0,"enemies":"Cultist","floor":5,"turns":1},{"damage":54,"enemies":"Lagavulin","floor":7,"turns":10},{"damage":12,"enemies":"Gremlin Nob","floor":11,"turns":5},{"damage":0,"enemies":"2 Fungi Beasts","floor":12,"turns":3},{"damage":0,"enemies":"Looter","floor":14,"turns":3},{"damage":21,"enemies":"The Guardian","floor":16,"turns":11}],"seed_played":"-1460384236996951963","potions_obtained":[{"floor":3,"key":"Fire Potion"},{"floor":7,"key":"PowerPotion"},{"floor":11,"key":"Weak Potion"},{"floor":14,"key":"Explosive Potion"}],"is_trial":false,"path_per_floor":["M","?","M","?","M","R","E","R","T","?","E","M","?","M","R","B"],"character_chosen":"THE_SERVANT","items_purchased":[],"campfire_rested":2,"item_purchase_floors":[],"current_hp_per_floor":[59,59,59,59,59,59,5,24,24,13,1,1,1,1,20,0,0],"gold":413,"neow_bonus":"THREE_ENEMY_KILL","is_daily":false,"chose_seed":false,"campfire_upgraded":1,"win_rate":0.0,"timestamp":1608758867,"path_taken":["M","?","M","?","?","R","E","R","T","?","E","M","?","M","R","BOSS"],"items_purchased_type":[],"build_version":"2020-12-22","purchased_purges":0,"victory":false,"max_hp_per_floor":[65,65,65,65,65,65,65,65,65,65,65,65,65,65,65,65,65],"card_choices":[{"not_picked":["Unruled","Ricochet"],"picked":"Defy","floor":1},{"not_picked":["Snipe","RealityMarble"],"picked":"TimeWarp","floor":3},{"not_picked":["Starlight","Defy"],"picked":"TimeWarp","floor":5},{"not_picked":["ShatteredReality","Moonlight"],"picked":"Sunlight","floor":7},{"not_picked":["Unruled","Replace"],"picked":"Defy","floor":11},{"not_picked":["Replace","BottledTime"],"picked":"Moonlight","floor":12},{"not_picked":["Shuttle","DualDimension"],"picked":"DoubleEdge","floor":14}],"player_experience":1635762,"relics_obtained":[{"floor":7,"key":"CeramicFish"},{"floor":9,"key":"Shuriken"},{"floor":11,"key":"HornCleat"}],"event_choices":[{"cards_removed":["Strike_S"],"damage_healed":0,"gold_gain":0,"player_choice":"Card Removal","damage_taken":0,"max_hp_gain":0,"max_hp_loss":0,"event_name":"The Cleric","floor":2,"gold_loss":50},{"damage_healed":0,"gold_gain":100,"player_choice":"Pray","damage_taken":0,"max_hp_gain":0,"max_hp_loss":0,"event_name":"Golden Shrine","floor":4,"gold_loss":0},{"damage_healed":0,"gold_gain":75,"player_choice":"Gather Gold","damage_taken":11,"max_hp_gain":0,"max_hp_loss":0,"event_name":"World of Goop","floor":10,"gold_loss":0},{"damage_healed":0,"gold_gain":0,"cards_transformed":["Strike_S"],"player_choice":"Change","damage_taken":0,"max_hp_gain":0,"max_hp_loss":0,"event_name":"Living Wall","floor":13,"gold_loss":0,"cards_obtained":["Duplication"]}],"is_beta":false,"boss_relics":[],"items_purged_floors":[],"is_endless":false,"potions_floor_spawned":[3,7,11,14],"killed_by":"The Guardian","ascension_level":6}}