{"host":"zjc1tzo4ovig5lll","time":1608746942,"event":{"mods":["AchievementEnabler","Aspiration","BaseMod","Beaked The Cultist","Better Altar","Better Match","Better Note","Better Sensory Stone","Colored Map","Colored Powertips","Conspire","Energized Spire","Friendly Minions","GifTheSpireLib","Halation","Hermit","Hubris","Minty Spire (QoL Compilation)","Rare Cards Sparkle","Replay The Spire","Spikes Relics","StSLib","Stuff the Spire","The Bug Knight","The Construct","The Jungle","The Servant 0.9.4","everything is the same but u backflip on backflip","vexMod"],"gold_per_floor":[111,286,286,286,68,94,94,125,203,203,168,184,184,184,184,286,286,299,299,299,314,96,96,110,110,134,37,72,72,87,119,119,217,217,235,253,74,84,84,109,109,142,142,171,186,186,222,222,222,222,222,222,71,104,104],"floor_reached":56,"playtime":4053,"items_purged":["Doubt"],"score":1668,"play_id":"13e69df1-6ba5-47cc-a4fc-2a565b0c93d4","local_time":"20201223200902","is_ascension_mode":true,"campfire_choices":[{"floor":7.0,"key":"RECALL"},{"data":"Double Energy","floor":10.0,"key":"SMITH"},{"data":"Coolheaded","floor":13.0,"key":"SMITH"},{"data":"Pot Of Greed","floor":15.0,"key":"SMITH"},{"data":"Apotheosis","floor":23,"key":"SMITH"},{"data":"StuffTheSpire:Innocence","floor":25,"key":"SMITH"},{"floor":32,"key":"DIG"},{"data":"Seek","floor":52,"key":"SMITH"}],"circlet_count":0,"master_deck":["conspire:GhostlyStrike","conspire:GhostlyStrike","conspire:GhostlyStrike","conspire:GhostlyStrike","conspire:GhostlyDefend","conspire:GhostlyDefend","conspire:GhostlyDefend","conspire:GhostlyDefend","Zap","Pot Of Greed","Lockon+1","Pot Of Greed+1","StuffTheSpire:Innocence+1","Coolheaded+1","Double Energy+1","Capacitor+1","Seek+1","Conserve Battery+1","Apotheosis+1","Conserve Battery","Assess","Heatsinks+1","ReplayRNGCard","Reforge","Pot Of Greed","Deep Breath","StuffTheSpire:Synthwave+1","Madness","Madness","Sweeping Beam+1","RefreshScreen+1"],"relics":["Cracked Core","Grinning Jar","StuffTheSpire:HeavyRock","StuffTheSpire:GrapeVine","Simple Rune","Replay:Ringing Soul","StuffTheSpire:Kangaroo","StuffTheSpire:DarkSteelAnvil","Juzu Bracelet","Strawberry","conspire:GlowingRock","aspiration:HummingbirdHeart","hubris:MedicalManual","Replay:Bottled Flurry","StuffTheSpire:ColdMirror","Geode","Happy Flower"],"acts_visited":["Exordium","TheCity","TheBeyond","TheEnding"],"potions_floor_usage":[],"damage_taken":[{"damage":3.0,"enemies":"conspire:RoseBush","floor":1.0,"turns":3.0},{"damage":14.0,"enemies":"Lagavulin","floor":6.0,"turns":10.0},{"damage":3.0,"enemies":"HollowMod:MossKnight","floor":8.0,"turns":13.0},{"damage":0.0,"enemies":"2 Louse","floor":12.0,"turns":2.0},{"damage":50.0,"enemies":"Hexaghost","floor":16.0,"turns":11.0},{"damage":0.0,"enemies":"conspire:FuzzyDice","floor":18.0,"turns":10.0},{"damage":2.0,"enemies":"3 Byrds","floor":21.0,"turns":5.0},{"damage":0,"enemies":"Snake Plant","floor":24,"turns":5},{"damage":0,"enemies":"Book of Stabbing","floor":28,"turns":5},{"damage":5,"enemies":"Centurion and Healer","floor":30,"turns":5},{"damage":8,"enemies":"conspire:Head Lice","floor":31,"turns":5},{"damage":5,"enemies":"hubris:MusketHawk","floor":33,"turns":3},{"damage":0,"enemies":"Orb Walker","floor":35,"turns":4},{"damage":1,"enemies":"3 Shapes","floor":36,"turns":6},{"damage":0,"enemies":"Maw","floor":38,"turns":3},{"damage":0,"enemies":"Nemesis","floor":40,"turns":5},{"damage":2,"enemies":"Giant Head","floor":42,"turns":4},{"damage":0,"enemies":"Nemesis","floor":44,"turns":3},{"damage":1,"enemies":"Transient","floor":45,"turns":4},{"damage":0,"enemies":"conspire:MimicChest","floor":47,"turns":3},{"damage":0,"enemies":"Donu and Deca","floor":50,"turns":5},{"damage":0,"enemies":"Shield and Spear","floor":54,"turns":3},{"damage":39,"enemies":"The Heart","floor":55,"turns":7}],"seed_played":"-2730172717178277809","potions_obtained":[{"floor":12.0,"key":"Explosive Potion"}],"is_trial":false,"path_per_floor":["M","?","?","?","$","E","R","E","T","R","?","M","R","?","R","B",null,"M","?","?","M","$","R","M","R","T","$","E","?","M","E","R_BF","B",null,"M","M","$","M","?","E","?","E","T","E","M","?","?","?","R_BF","B",null,"R","$","E","B",null],"character_chosen":"DEFECT","items_purchased":["StuffTheSpire:HeavyRock","Apotheosis","Conserve Battery","Assess","Reforge","Geode"],"campfire_rested":0,"item_purchase_floors":[5,22,22,27,37,53],"current_hp_per_floor":[72,72,72,65,65,51,51,48,48,48,66,69,69,53,53,6,81,81,81,81,82,85,85,85,85,85,88,91,91,86,78,85,83,103,103,102,105,105,105,105,108,106,106,106,108,97,100,100,100,100,118,118,118,121,82],"gold":104,"neow_bonus":"RANDOM_COMMON_RELIC","is_daily":false,"chose_seed":false,"campfire_upgraded":6,"win_rate":0.0,"timestamp":1608746942,"path_taken":["M","?","?","?","$","E","R","E","T","R","?","M","R","?","R","BOSS","M","?","?","M","$","R","M","R","T","?","E","?","?","E","R_BF","BOSS","M","M","$","M","?","E","?","E","T","E","M","?","?","?","R_BF","BOSS","R","$","E","BOSS"],"items_purchased_type":["Relic","Card","Card","Card","Card","Relic"],"build_version":"2020-12-22","purchased_purges":1,"victory":true,"max_hp_per_floor":[75,75,75,75,75,75,75,75,75,75,75,78,78,78,78,81,81,81,81,81,84,87,87,87,87,87,90,93,93,93,93,100,103,103,103,103,106,106,106,106,109,109,109,109,112,115,118,118,118,118,118,118,118,121,121],"card_choices":[{"not_picked":["Panic Button","StuffTheSpire:Plugnplay"],"picked":"Lockon","floor":1.0},{"not_picked":["StuffTheSpire:Plugnplay","Stack"],"picked":"Coolheaded","floor":6.0},{"not_picked":["Darkness","Auto Shields"],"picked":"Double Energy","floor":8.0},{"not_picked":["ReplayGash","Rebound"],"picked":"Capacitor","floor":12.0},{"not_picked":["Buffer","Hyperbeam"],"picked":"Seek","floor":16.0},{"not_picked":["Ball Lightning","Doom and Gloom","Gash"],"picked":"SKIP","floor":18.0},{"not_picked":["Skim","Compile Driver"],"picked":"Conserve Battery+1","floor":21.0},{"not_picked":["Storm","Beam Cell","Doom and Gloom"],"picked":"SKIP","floor":24},{"not_picked":["BasicCrystalCard+1","StuffTheSpire:ShieldGenerator+1"],"picked":"Heatsinks+1","floor":28},{"not_picked":["Turbo+1","Gash","Conserve Battery"],"picked":"SKIP","floor":30},{"not_picked":["Recycle+1","StuffTheSpire:LoadUp","Panic Button+1"],"picked":"SKIP","floor":31},{"not_picked":["StuffTheSpire:ForEach","hubris:Prefetch"],"picked":"ReplayRNGCard","floor":33},{"not_picked":["hubris:PowerSurge+1","Go for the Eyes+1","Cold Snap"],"picked":"SKIP","floor":35},{"not_picked":["StuffTheSpire:NuclearReactor+1","Rebound+1","FTL+1"],"picked":"SKIP","floor":36},{"not_picked":["Recycle+1","Chaos+1","Compile Driver+1"],"picked":"SKIP","floor":38},{"not_picked":["Beam Cell","Stack","White Noise"],"picked":"SKIP","floor":40},{"not_picked":["vexMod:StairwayStrike","Poisoned Strike"],"picked":"Deep Breath","floor":41},{"not_picked":["ReplayTheSpireMod:Repulse","StuffTheSpire:GlassShard+1","hubris:Ukulele"],"picked":"SKIP","floor":42},{"not_picked":["hubris:Ukulele+1","Go for the Eyes+1","Turbo"],"picked":"SKIP","floor":44},{"not_picked":["ReplayTheSpireMod:System Scan","Conserve Battery+1"],"picked":"StuffTheSpire:Synthwave+1","floor":45},{"not_picked":["StuffTheSpire:Plugnplay+1","Streamline+1"],"picked":"Sweeping Beam+1","floor":47},{"not_picked":["Consume","ReplayTheSpireMod:Repulse"],"picked":"RefreshScreen+1","floor":54}],"player_experience":578133,"relics_obtained":[{"floor":6.0,"key":"StuffTheSpire:GrapeVine"},{"floor":8.0,"key":"Simple Rune"},{"floor":9.0,"key":"Replay:Ringing Soul"},{"floor":28,"key":"StuffTheSpire:DarkSteelAnvil"},{"floor":31,"key":"Juzu Bracelet"},{"floor":32,"key":"Strawberry"},{"floor":40,"key":"conspire:GlowingRock"},{"floor":42,"key":"aspiration:HummingbirdHeart"},{"floor":43,"key":"hubris:MedicalManual"},{"floor":44,"key":"Replay:Bottled Flurry"},{"floor":47,"key":"StuffTheSpire:ColdMirror"},{"floor":54,"key":"Happy Flower"}],"event_choices":[{"damage_healed":0.0,"max_hp_gain":0.0,"max_hp_loss":0.0,"gold_gain":175.0,"event_name":"Liars Game","player_choice":"AGREE","floor":2.0,"gold_loss":0.0,"damage_taken":0.0,"cards_obtained":["Doubt"]},{"damage_healed":0.0,"max_hp_gain":0.0,"max_hp_loss":0.0,"gold_gain":0.0,"event_name":"conspire:LoneGhost","player_choice":"Agree","floor":3.0,"gold_loss":0.0,"damage_taken":0.0},{"damage_healed":18.0,"max_hp_gain":0.0,"max_hp_loss":0.0,"gold_gain":0.0,"event_name":"The Cleric","player_choice":"Healed","floor":11.0,"gold_loss":35.0,"damage_taken":0.0},{"damage_healed":0.0,"max_hp_gain":0.0,"max_hp_loss":0.0,"gold_gain":0.0,"event_name":"Shining Light","player_choice":"Entered Light","floor":14.0,"gold_loss":0.0,"damage_taken":16.0,"cards_upgraded":["Capacitor","Lockon"]},{"damage_healed":0.0,"max_hp_gain":0.0,"max_hp_loss":0.0,"gold_gain":0.0,"event_name":"conspire:Investor","player_choice":"Leave","floor":20.0,"gold_loss":0.0,"damage_taken":0.0},{"damage_healed":0,"gold_gain":0,"player_choice":"Ignored","damage_taken":0,"max_hp_gain":0,"max_hp_loss":0,"event_name":"N\u0027loth","floor":29,"gold_loss":0},{"cards_removed":["Dualcast"],"damage_healed":0,"gold_gain":0,"player_choice":"Purged","damage_taken":0,"max_hp_gain":0,"max_hp_loss":0,"event_name":"Purifier","floor":39,"gold_loss":0},{"damage_healed":0,"gold_gain":3,"player_choice":"1","damage_taken":0,"max_hp_gain":0,"max_hp_loss":0,"event_name":"betterStone:BetterStone","floor":41,"gold_loss":0},{"damage_healed":0,"gold_gain":0,"player_choice":"Embrace Madness","damage_taken":14,"max_hp_gain":0,"max_hp_loss":0,"event_name":"Winding Halls","floor":46,"gold_loss":0,"cards_obtained":["Madness","Madness"]},{"damage_healed":0,"gold_gain":0,"player_choice":"Ignored","damage_taken":0,"max_hp_gain":0,"max_hp_loss":0,"event_name":"The Moai Head","floor":49,"gold_loss":0}],"is_beta":false,"boss_relics":[{"not_picked":["energizedSpire:CursedPentagram","vexMod:RockOfEvil"],"picked":"StuffTheSpire:Kangaroo"},{"not_picked":["SacredBark","Replay:Fungal Core","Runic Dome"]}],"items_purged_floors":[5],"is_endless":false,"potions_floor_spawned":[6,12,16,24,30,33,36,40,42,45],"ascension_level":2}}