{"host":"og6lam4kt3nibbw0","time":1608744247,"event":{"mods":["AchievementEnabler","BaseMod","Colored Map","DeckTracker","Highlight Path","Keyboard Shortcuts","Minty Spire (QoL Compilation)","Permanent Neow","Quick Restart","StSLib","SuperFastMode"],"gold_per_floor":[119,194,194,105,123,123,153,166,246,259,272,138,138,148,148,225,225,235,254,90,107,107,107,107,107],"floor_reached":24,"playtime":1462,"items_purged":["Defend_B"],"score":396,"play_id":"1b4423c4-841b-4a2f-a774-e205f8c8a453","local_time":"20201224022407","is_ascension_mode":true,"campfire_choices":[{"data":"Double Energy","floor":6.0,"key":"SMITH"},{"floor":15.0,"key":"REST"},{"floor":23.0,"key":"RECALL"}],"circlet_count":0,"master_deck":["AscendersBane","Zap","Dualcast","Sweeping Beam","Double Energy+1","Self Repair","Melter","Steam","Hello World","Double Energy","Compile Driver","Stack","Turbo","Seek","Hyperbeam","All For One","Buffer","Auto Shields","White Noise","White Noise+1"],"relics":["Cracked Core","Bird Faced Urn","Centennial Puzzle","Mummified Hand","Pandora\u0027s Box","CeramicFish"],"acts_visited":["Exordium","TheCity"],"potions_floor_usage":[],"damage_taken":[{"damage":7.0,"enemies":"Small Slimes","floor":1.0,"turns":3.0},{"damage":4.0,"enemies":"Jaw Worm","floor":5.0,"turns":4.0},{"damage":50.0,"enemies":"Lagavulin","floor":7.0,"turns":6.0},{"damage":0.0,"enemies":"Cultist","floor":8.0,"turns":3.0},{"damage":7.0,"enemies":"Lots of Slimes","floor":10.0,"turns":4.0},{"damage":3.0,"enemies":"2 Fungi Beasts","floor":11.0,"turns":3.0},{"damage":11.0,"enemies":"3 Louse","floor":14.0,"turns":3.0},{"damage":47.0,"enemies":"Slime Boss","floor":16.0,"turns":12.0},{"damage":16.0,"enemies":"Shell Parasite","floor":18.0,"turns":4.0},{"damage":20.0,"enemies":"2 Thieves","floor":19.0,"turns":3.0},{"damage":21.0,"enemies":"Centurion and Healer","floor":21.0,"turns":6.0},{"damage":56,"enemies":"Book of Stabbing","floor":24,"turns":4}],"seed_played":"936690872011884807","potions_obtained":[{"floor":7.0,"key":"Swift Potion"},{"floor":8.0,"key":"FearPotion"},{"floor":14.0,"key":"PotionOfCapacity"},{"floor":19.0,"key":"SpeedPotion"},{"floor":21.0,"key":"FocusPotion"}],"is_trial":false,"path_per_floor":["M","?","?","$","M","R","E","M","T","M","M","$","?","M","R","B",null,"M","M","$","M","?","R","E"],"character_chosen":"DEFECT","items_purchased":["Self Repair","Stack","CeramicFish"],"campfire_rested":1,"item_purchase_floors":[4,12,20],"current_hp_per_floor":[57,46,46,46,51,51,10,19,19,23,31,31,31,31,50,14,52,51,46,46,42,42,42,0,0],"gold":107,"neow_bonus":"ONE_RARE_RELIC","is_daily":false,"chose_seed":false,"campfire_upgraded":1,"win_rate":0.0,"timestamp":1608744247,"path_taken":["M","?","?","$","M","R","E","M","T","?","?","$","?","?","R","BOSS","M","M","$","M","?","R","E"],"items_purchased_type":["Card","Card","Relic"],"build_version":"2020-12-22","purchased_purges":1,"victory":false,"max_hp_per_floor":[64,64,64,64,64,64,64,64,64,64,64,64,64,64,64,64,64,64,64,64,64,64,64,64,64],"card_choices":[{"not_picked":["Hologram","Chill"],"picked":"Sweeping Beam","floor":1.0},{"not_picked":["Sweeping Beam","Gash"],"picked":"Melter","floor":5.0},{"not_picked":["Cold Snap","Scrape"],"picked":"Steam","floor":7.0},{"not_picked":["Ball Lightning","Rebound"],"picked":"Hello World","floor":8.0},{"not_picked":["Rebound","Capacitor"],"picked":"Double Energy","floor":10.0},{"not_picked":["Hologram","Go for the Eyes"],"picked":"Compile Driver","floor":11.0},{"not_picked":["Tempest","Auto Shields"],"picked":"Turbo","floor":14.0},{"not_picked":["Meteor Strike","Rainbow"],"picked":"Seek","floor":16.0},{"not_picked":["Compile Driver","Gash","Blizzard"],"picked":"SKIP","floor":18.0},{"not_picked":["Hologram","Beam Cell+1"],"picked":"White Noise+1","floor":19.0},{"not_picked":["Ball Lightning","Turbo","Hello World"],"picked":"SKIP","floor":21.0}],"player_experience":824185,"relics_obtained":[{"floor":7.0,"key":"Centennial Puzzle"},{"floor":9.0,"key":"Mummified Hand"}],"event_choices":[{"damage_healed":0.0,"max_hp_gain":0.0,"max_hp_loss":0.0,"gold_gain":75.0,"event_name":"World of Goop","player_choice":"Gather Gold","floor":2.0,"gold_loss":0.0,"damage_taken":11.0},{"damage_healed":0.0,"max_hp_gain":0.0,"max_hp_loss":0.0,"gold_gain":0.0,"cards_transformed":["Strike_B"],"event_name":"Transmorgrifier","player_choice":"Transformed","floor":3.0,"gold_loss":0.0,"damage_taken":0.0,"cards_obtained":["Double Energy"]},{"cards_removed":["Defend_B"],"damage_healed":0.0,"max_hp_gain":0.0,"max_hp_loss":0.0,"gold_gain":0.0,"event_name":"Bonfire Elementals","player_choice":"Offered Basic","floor":13.0,"gold_loss":0.0,"damage_taken":0.0},{"damage_healed":0.0,"max_hp_gain":0.0,"max_hp_loss":0.0,"gold_gain":0.0,"event_name":"The Mausoleum","player_choice":"Ignored","floor":22.0,"gold_loss":0.0,"damage_taken":0.0}],"is_beta":false,"boss_relics":[{"not_picked":["SacredBark","Inserter"],"picked":"Pandora\u0027s Box"}],"items_purged_floors":[12],"is_endless":false,"potions_floor_spawned":[7,8,14,19,21],"killed_by":"Book of Stabbing","ascension_level":20}}