{"host":"yd9r7zy2pq4z3cad","time":1608727603,"event":{"mods":["AchievementEnabler","Act Like it!","Astrologer","BaseMod","Beaked The Cultist","Better Third Choice","BetterRewards","Colored Map","Colored Powertips","Conspire","Curses Come First","Displayed Cursed Tome","Downfall","Elementarium","GifTheSpireLib","Halation","Hallownest","Hermit","Highlight Path","Hubris","Infinite Spire","Jorbs\u0027s Wanderer Trilogy","Menagerie","Minty Spire (QoL Compilation)","Pale of the Ancients","Permanent Neow","Rare Cards Sparkle","Relic Sorter","Relic Stats","Replay The Spire","Shade Mod","StSLib","Stuff the Spire","The Alterego","The Blackbeard","The Bladedancer","The Bug Knight","The Cursed","The Dragon Tamer","The Exalted","The Factory","The Forsaken","The Gatherer","The Hierophant","The Jungle","The Mystic","The Necromancer","The Problem Sleuth","The Runesmith","The Servant 0.9.4","The Spell Scribe","vexMod"],"gold_per_floor":[113,113,221,34,34,61,81,6,32,43,121,131,131,146,146,242,242,262,84,84,84,84,114,54,54,80,80,97,127,127,146,146,257,257,290,290,14,14,29,16,50,50,73,173,202,240,275,305,305,305,305],"floor_reached":50,"playtime":2966,"items_purged":["Defend_S","Strike_S"],"score":638,"play_id":"67630e3d-d6b8-42cc-acd6-b5e44797d146","local_time":"20201223174643","is_ascension_mode":false,"campfire_choices":[{"data":"BestPractice","floor":13.0,"key":"SMITH"},{"data":"Defy","floor":15.0,"key":"SMITH"},{"data":"MurderousAura","floor":25.0,"key":"SMITH"},{"data":"InstantArmor","floor":27.0,"key":"SMITH"},{"data":"Potential","floor":32.0,"key":"SMITH"},{"data":"Advance","floor":42,"key":"SMITH"},{"floor":49,"key":"DIG"}],"circlet_count":0,"master_deck":["Strike_S+1","Defend_S","Defend_S","Defend_S","KidneyShot","Exchange","Misdirection","Defy+1","ShatteredReality","BestPractice+1","Advance+1","InstantArmor+1","Potential+1","BottledTime","MurderousAura+1","ShatteredReality+1","Solidify+1","FlawlessForm+1","InstantArmor+1","Replay:SS_hec_2+1","Parasite","Moonlight+1","ShiftingGears"],"relics":["Uniform","hubris:Icosahedron","PreservedInsect","Hallownest:DreamNailRelic","Pet Ghost","Hallownest:BankAccountRelic","Replay:Mystery Machine","Chameleon Ring","Ring of Chaos","vexMod:BarristanHead","MutagenicStrength","Golden Egg","HollowMod:PaleOreRelic","Blue Doll","infinitespire:EvilPickle","Bromod:ArcaneGrace","hubris:MysteriousPyramids","Replay:Bottled Snecko","theForsaken:Lifeblossom","infinitespire:PuzzleCube","Anchor"],"acts_visited":["Hallownest:Greenpath","TheCity","TheBeyond"],"potions_floor_usage":[50],"damage_taken":[{"damage":3.0,"enemies":"Hallownest:monsterHuskWarrior","floor":1.0,"turns":5.0},{"damage":2.0,"enemies":"Hallownest:eliteMossKnight","floor":6.0,"turns":7.0},{"damage":0.0,"enemies":"Hallownest:2_Baldur","floor":7.0,"turns":2.0},{"damage":0.0,"enemies":"Hallownest:monsterHuskGuard","floor":10.0,"turns":3.0},{"damage":0.0,"enemies":"Hallownest:monsterFoolEater","floor":12.0,"turns":3.0},{"damage":0.0,"enemies":"Hallownest:MossCreep_and_Mosskin","floor":14.0,"turns":3.0},{"damage":5.0,"enemies":"Hallownest:BossFalseKnight","floor":16.0,"turns":9.0},{"damage":0.0,"enemies":"Spheric Guardian","floor":18.0,"turns":5.0},{"damage":6.0,"enemies":"Gremlin Leader","floor":23.0,"turns":4.0},{"damage":0.0,"enemies":"Chosen","floor":28.0,"turns":4.0},{"damage":0.0,"enemies":"HollowMod:Nosk","floor":29.0,"turns":5.0},{"damage":0.0,"enemies":"Snecko","floor":31.0,"turns":4.0},{"damage":21.0,"enemies":"Pondfish","floor":33.0,"turns":5.0},{"damage":14.0,"enemies":"3 Darklings","floor":35.0,"turns":7.0},{"damage":0,"enemies":"Orb Walker","floor":39,"turns":4},{"damage":0,"enemies":"Writhing Mass","floor":40,"turns":7},{"damage":0,"enemies":"Giant Head","floor":41,"turns":8},{"damage":0,"enemies":"Jaw Worm Horde","floor":45,"turns":5},{"damage":5,"enemies":"Reptomancer","floor":46,"turns":5},{"damage":0,"enemies":"Transient","floor":47,"turns":5},{"damage":0,"enemies":"Maw","floor":48,"turns":6},{"damage":111,"enemies":"hubris:GrandSnecko","floor":50,"turns":7}],"seed_played":"5195432256313061496","potions_obtained":[{"floor":6.0,"key":"Fire Potion"},{"floor":12.0,"key":"FearPotion"},{"floor":14.0,"key":"Dexterity Potion"},{"floor":16.0,"key":"Swift Potion"},{"floor":39,"key":"sneckomod:MuddlingPotion"},{"floor":41,"key":"Cursed Concoction"}],"is_trial":false,"path_per_floor":["M","?","?","$","?","E","M","?","T","M","T","M","R","M","R","B",null,"M","$","?","?","?","E","$","R","T","R","M","E","?","M","R","B",null,"M","?","$","?","M","M","E","R","T","?","M","E","M","M","R_BF","B"],"character_chosen":"THE_SERVANT","items_purchased":["PreservedInsect","Advance","vexMod:BarristanHead","hubris:MysteriousPyramids","Replay:SS_hec_2+1"],"campfire_rested":0,"item_purchase_floors":[4,4,19,37,37],"current_hp_per_floor":[62,62,62,62,62,60,60,60,60,60,60,60,60,60,60,55,65,65,65,65,65,65,59,59,59,59,59,65,65,65,65,65,44,65,56,56,56,56,58,59,60,60,60,60,65,62,65,65,65,0,0],"gold":305,"neow_bonus":"REMOVE_CARD","is_daily":false,"chose_seed":false,"campfire_upgraded":6,"win_rate":0.0,"timestamp":1608727603,"path_taken":["M","?","?","$","?","E","M","?","T","M","?","?","R","M","R","BOSS","M","$","?","?","?","E","$","R","T","R","M","E","?","M","R","BOSS","M","?","$","?","M","M","E","R","T","?","?","E","?","M","R_BF","BOSS"],"items_purchased_type":["Relic","Card","Relic","Relic","Card"],"build_version":"2020-12-22","purchased_purges":2,"victory":false,"max_hp_per_floor":[65,65,65,65,65,65,65,65,65,65,65,65,65,65,65,65,65,65,65,65,65,65,65,65,65,65,65,65,65,65,65,65,65,65,65,65,65,65,65,65,65,65,65,65,65,65,65,65,65,65,65],"relic_stats":{"counters":[45,250],"PreservedInsect":262,"obtain_stats":[{"ReplayFunnel":8,"Ice Cream":17,"Golden Egg":23,"StuffTheSpire:BlackoutCurse":22,"Blue Doll":29,"theForsaken:Lifeblossom":43,"Uniform":0,"Hallownest:DreamNailRelic":5,"Replay:Mystery Machine":9,"hubris:MysteriousPyramids":37,"conspire:TopHat":17,"Bromod:ArcaneAegis":20,"Pet Ghost":6,"StuffTheSpire:SapphireSignet":24,"Chameleon Ring":11,"hubris:Icosahedron":21,"downfall:HeartBlessingBlue":9,"halation:PromiseList":0,"HollowMod:PaleOreRelic":26,"Replay:Bottled Snecko":41,"Bromod:ArcaneGrace":34,"downfall:HeartBlessingRed":6,"infinitespire:FocusingShard":17,"PreservedInsect":4,"Ring of Chaos":17,"halation:SelfBoilingWater":7,"Calling Bell":17,"infinitespire:EvilPickle":33,"Anchor":49,"vexMod:BarristanHead":19,"ReplayTheSpireMod:Shallot":9,"Hallownest:BankAccountRelic":8,"MutagenicStrength":20,"Ring of Fury":3,"ReplayTheSpireMod:Ring of Challenge":3,"Toy Ornithopter":26,"infinitespire:PuzzleCube":46},{"ReplayFunnel":4,"Ice Cream":16,"Golden Egg":32,"StuffTheSpire:BlackoutCurse":19,"Blue Doll":34,"theForsaken:Lifeblossom":40,"Uniform":0,"Hallownest:DreamNailRelic":11,"Replay:Mystery Machine":26,"hubris:MysteriousPyramids":37,"conspire:TopHat":16,"Bromod:ArcaneAegis":18,"Pet Ghost":25,"StuffTheSpire:SapphireSignet":20,"Chameleon Ring":27,"hubris:Icosahedron":31,"downfall:HeartBlessingBlue":4,"halation:PromiseList":0,"HollowMod:PaleOreRelic":32,"Replay:Bottled Snecko":40,"Bromod:ArcaneGrace":36,"downfall:HeartBlessingRed":3,"infinitespire:FocusingShard":16,"PreservedInsect":24,"Ring of Chaos":30,"halation:SelfBoilingWater":12,"Calling Bell":16,"infinitespire:EvilPickle":36,"Anchor":44,"vexMod:BarristanHead":31,"ReplayTheSpireMod:Shallot":13,"Hallownest:BankAccountRelic":26,"MutagenicStrength":31,"Ring of Fury":11,"ReplayTheSpireMod:Ring of Challenge":11,"Toy Ornithopter":20,"infinitespire:PuzzleCube":42},{"ReplayFunnel":24,"Ice Cream":82,"Golden Egg":178,"StuffTheSpire:BlackoutCurse":94,"Blue Doll":187,"theForsaken:Lifeblossom":222,"Uniform":0,"Hallownest:DreamNailRelic":63,"Replay:Mystery Machine":151,"hubris:MysteriousPyramids":203,"conspire:TopHat":82,"Bromod:ArcaneAegis":86,"Pet Ghost":149,"StuffTheSpire:SapphireSignet":98,"Chameleon Ring":154,"hubris:Icosahedron":174,"downfall:HeartBlessingBlue":24,"halation:PromiseList":0,"HollowMod:PaleOreRelic":178,"Replay:Bottled Snecko":222,"Bromod:ArcaneGrace":196,"downfall:HeartBlessingRed":15,"infinitespire:FocusingShard":82,"PreservedInsect":142,"Ring of Chaos":169,"halation:SelfBoilingWater":69,"Calling Bell":82,"infinitespire:EvilPickle":196,"Anchor":243,"vexMod:BarristanHead":174,"ReplayTheSpireMod:Shallot":73,"Hallownest:BankAccountRelic":151,"MutagenicStrength":174,"Ring of Fury":63,"ReplayTheSpireMod:Ring of Challenge":63,"Toy Ornithopter":98,"infinitespire:PuzzleCube":232}]},"card_choices":[{"not_picked":["Rewind","Sabotage"],"picked":"Misdirection","floor":1.0},{"not_picked":["Spin","Alleviate"],"picked":"Defy","floor":3.0},{"not_picked":["Revamp","ShiftingGears"],"picked":"ShatteredReality","floor":3.0},{"not_picked":["ShatteredReality","Desolation"],"picked":"BestPractice","floor":3.0},{"not_picked":["Revamp","ShatteredReality"],"picked":"InstantArmor","floor":6.0},{"not_picked":["Replace","TimeWarp","ShatteredReality"],"picked":"SKIP","floor":7.0},{"not_picked":["ShiftingGears","Unruled","Defy"],"picked":"SKIP","floor":10.0},{"not_picked":["Starlight","Desolation"],"picked":"Potential","floor":12.0},{"not_picked":["Shuttle","FastForward"],"picked":"BottledTime","floor":14.0},{"not_picked":["Sunlight","FloweringNight"],"picked":"MurderousAura","floor":16.0},{"not_picked":["TimeWarp","Starlight+1","Spin"],"picked":"SKIP","floor":18.0},{"not_picked":["Replace","FastForward","Defy+1"],"picked":"SKIP","floor":23.0},{"not_picked":["Spin+1","FastForward"],"picked":"ShatteredReality+1","floor":28.0},{"not_picked":["Potential","ReturningBlade+1","Alleviate"],"picked":"SKIP","floor":29.0},{"not_picked":["DoubleEdge","SpecialFormula"],"picked":"Solidify","floor":31.0},{"not_picked":["LightFlow","Deny"],"picked":"FlawlessForm","floor":33.0},{"not_picked":["Desolation","Starlight"],"picked":"InstantArmor+1","floor":35.0},{"not_picked":["Comet+1","ReturningBlade+1","FanOfKnives"],"picked":"SKIP","floor":39},{"not_picked":["Unruled","InstantArmor+1","Defy+1"],"picked":"SKIP","floor":40},{"not_picked":["ShiftingGears+1","BottledTime+1","Moonlight+1"],"picked":"SKIP","floor":41},{"not_picked":["ShatteredReality","Defy+1","Starlight"],"picked":"SKIP","floor":45},{"not_picked":["LightFlow","BottledTime+1","Starlight"],"picked":"SKIP","floor":46},{"not_picked":["DualDimension","Gouge"],"picked":"Moonlight+1","floor":47},{"not_picked":["Defy","FanOfKnives"],"picked":"ShiftingGears","floor":48}],"player_experience":136061,"relics_obtained":[{"floor":6.0,"key":"Pet Ghost"},{"floor":9.0,"key":"Replay:Mystery Machine"},{"floor":11.0,"key":"Chameleon Ring"},{"floor":23.0,"key":"Golden Egg"},{"floor":26.0,"key":"HollowMod:PaleOreRelic"},{"floor":29.0,"key":"Blue Doll"},{"floor":41,"key":"Replay:Bottled Snecko"},{"floor":43,"key":"theForsaken:Lifeblossom"},{"floor":46,"key":"infinitespire:PuzzleCube"},{"floor":49,"key":"Anchor"}],"event_choices":[{"damage_healed":0.0,"max_hp_gain":0.0,"max_hp_loss":0.0,"gold_gain":0.0,"event_name":"Drug Dealer","player_choice":"Inject Mutagens","floor":20.0,"gold_loss":0.0,"damage_taken":0.0,"relics_obtained":["MutagenicStrength"]},{"damage_healed":0.0,"max_hp_gain":0.0,"max_hp_loss":0.0,"gold_gain":0.0,"event_name":"Ghosts","player_choice":"Ignored","floor":22.0,"gold_loss":0.0,"damage_taken":0.0},{"cards_removed":["Strike_S"],"damage_healed":0.0,"max_hp_gain":0.0,"max_hp_loss":0.0,"gold_gain":0.0,"event_name":"Falling","player_choice":"Removed Attack","floor":38.0,"gold_loss":0.0,"damage_taken":0.0},{"damage_healed":0,"gold_gain":100,"player_choice":"Pray","damage_taken":0,"max_hp_gain":0,"max_hp_loss":0,"event_name":"Golden Shrine","floor":44,"gold_loss":0}],"is_beta":false,"boss_relics":[{"not_picked":["Replay:Bronze Core","theForsaken:PaleLantern"],"picked":"Ring of Chaos"},{"not_picked":["hubris:BlackHole","infinitespire:Cupcake"],"picked":"Bromod:ArcaneGrace"}],"items_purged_floors":[19,24],"is_endless":false,"potions_floor_spawned":[6,12,14,16,28,29,31,39,41,48],"killed_by":"hubris:GrandSnecko","ascension_level":0}}