{"host":"98bdbcgi2hhn2gyr","time":1608719533,"event":{"mods":["BaseMod","Colored Map","Minty Spire (QoL Compilation)","StSLib","The Servant 0.9.4"],"gold_per_floor":[111,111,127,127,127,127,170,170,170,203,224,224,224,224,224,354,354,370,370,390,489,489,525,525,556,583,626,98,114,114,127,127,252,252,268,268,601,615,635,635,203,233,286,286,321,321,321,347,347,347,347,347,7,33,33],"floor_reached":56,"playtime":5166,"items_purged":["Pain"],"score":1843,"play_id":"43c1e976-f4bb-4f11-a5d8-c6277ab1859e","local_time":"20201223193213","is_ascension_mode":true,"campfire_choices":[{"data":"Alleviate","floor":6.0,"key":"SMITH"},{"floor":8.0,"key":"REST"},{"data":"Gouge","floor":12.0,"key":"SMITH"},{"floor":15.0,"key":"REST"},{"floor":24.0,"key":"REST"},{"data":"Comet","floor":30.0,"key":"SMITH"},{"data":"FastForward","floor":32.0,"key":"SMITH"},{"data":"TheWorld","floor":40,"key":"SMITH"},{"data":"Gouge","floor":44,"key":"SMITH"},{"floor":47,"key":"REST"},{"floor":49,"key":"RECALL"},{"data":"Exchange","floor":52,"key":"SMITH"}],"circlet_count":0,"master_deck":["Strike_S+1","Strike_S+1","Defend_S+1","Defend_S+1","Defend_S+1","Defend_S+1","KidneyShot","Exchange+1","Sunlight+1","Alleviate+1","BottledTime+1","Advance+1","Gouge+1","FloweringNight+1","Gouge+1","SilverBlades+1","FastForward+1","BottledTime","Ricochet+1","Foresight+1","ShiftingGears","Comet+1","Rewind+1","TheWorld+1","PendulumOfEternity","Misdirection+1"],"relics":["Uniform","Shuriken","Boot","Ancient Tea Set","Frozen Egg 2","Broom","SlaversCollar","Blood Vial","Pantograph","Lantern","Orichalcum","Mummified Hand","HandDrill","Cursed Key","Anchor","Strawberry","Gremlin Horn","Dream Catcher","Vajra","Bronze Scales","War Paint"],"acts_visited":["Exordium","TheCity","TheBeyond","TheEnding"],"potions_floor_usage":[39,39,42,50,54,55,55],"damage_taken":[{"damage":7.0,"enemies":"2 Louse","floor":1.0,"turns":2.0},{"damage":4.0,"enemies":"Jaw Worm","floor":3.0,"turns":4.0},{"damage":12.0,"enemies":"Gremlin Nob","floor":7.0,"turns":4.0},{"damage":17.0,"enemies":"3 Sentries","floor":10.0,"turns":5.0},{"damage":0.0,"enemies":"Small Slimes","floor":11.0,"turns":2.0},{"damage":9.0,"enemies":"The Guardian","floor":16.0,"turns":12.0},{"damage":11.0,"enemies":"2 Thieves","floor":18.0,"turns":2.0},{"damage":2.0,"enemies":"Spheric Guardian","floor":20.0,"turns":6.0},{"damage":19.0,"enemies":"Slavers","floor":23.0,"turns":5.0},{"damage":0.0,"enemies":"Gremlin Leader","floor":25.0,"turns":3.0},{"damage":3.0,"enemies":"Slavers","floor":27.0,"turns":3.0},{"damage":0.0,"enemies":"Shelled Parasite and Fungi","floor":29.0,"turns":3.0},{"damage":0.0,"enemies":"Snake Plant","floor":31.0,"turns":3.0},{"damage":5.0,"enemies":"Collector","floor":33.0,"turns":5.0},{"damage":0,"enemies":"3 Darklings","floor":35,"turns":2},{"damage":0,"enemies":"Orb Walker","floor":38,"turns":3},{"damage":20,"enemies":"Jaw Worm Horde","floor":39,"turns":3},{"damage":2,"enemies":"Giant Head","floor":42,"turns":6},{"damage":7,"enemies":"Reptomancer","floor":45,"turns":2},{"damage":4,"enemies":"Giant Head","floor":48,"turns":4},{"damage":15,"enemies":"Awakened One","floor":50,"turns":10},{"damage":0,"enemies":"Shield and Spear","floor":54,"turns":4},{"damage":60,"enemies":"The Heart","floor":55,"turns":8}],"seed_played":"468277799222059795","potions_obtained":[{"floor":10.0,"key":"Explosive Potion"},{"floor":11.0,"key":"Explosive Potion"},{"floor":18.0,"key":"Block Potion"},{"floor":20.0,"key":"PowerPotion"},{"floor":27.0,"key":"AttackPotion"},{"floor":29.0,"key":"PowerPotion"},{"floor":33.0,"key":"Dexterity Potion"},{"floor":35,"key":"Strength Potion"},{"floor":48,"key":"PowerPotion"}],"is_trial":false,"path_per_floor":["M","?","M","?","T","R","E","R","T","E","M","R","?","T","R","B",null,"M","?","M","?","?","E","R","E","T","E","$","M","R","M","R","B",null,"M","?","?","M","M","R","$","E","T","R","E","?","R","E","R","B",null,"R","$","E","B",null],"character_chosen":"THE_SERVANT","items_purchased":["Mummified Hand","ShiftingGears","HandDrill","ColorlessPotion","Anchor","Strawberry","LiquidBronze","Dexterity Potion","Bronze Scales","PendulumOfEternity","SteroidPotion"],"campfire_rested":4,"item_purchase_floors":[28,28,28,28,41,41,41,41,53,53,53],"current_hp_per_floor":[52,38,34,34,34,34,22,39,39,22,22,22,27,27,46,37,57,46,46,44,44,44,25,44,46,46,45,45,47,47,49,49,59,63,64,64,64,64,44,44,51,51,51,51,46,46,67,65,65,56,67,67,67,69,11],"gold":33,"neow_bonus":"THREE_RARE_CARDS","is_daily":false,"chose_seed":false,"campfire_upgraded":7,"win_rate":0.0,"timestamp":1608719533,"path_taken":["M","?","M","?","?","R","E","R","T","E","M","R","?","?","R","BOSS","M","?","M","?","?","E","R","E","T","E","$","M","R","M","R","BOSS","M","?","?","M","M","R","$","E","T","R","E","?","R","E","R","BOSS","R","$","E","BOSS"],"items_purchased_type":["Relic","Card","Relic","Potion","Relic","Relic","Potion","Potion","Relic","Card","Potion"],"build_version":"2020-12-22","purchased_purges":1,"victory":true,"max_hp_per_floor":[59,59,59,59,59,59,59,59,59,59,59,59,64,64,64,64,64,64,64,64,64,64,64,64,64,64,64,64,64,64,64,64,64,64,64,64,64,64,64,64,71,71,71,71,71,71,71,71,71,71,71,71,71,71,71],"card_choices":[{"not_picked":["Dilation","MurderousAura"],"picked":"Sunlight","floor":0.0},{"not_picked":["Rewind","Revamp"],"picked":"Alleviate","floor":1.0},{"not_picked":["FanOfKnives","Advance","RealityMarble"],"picked":"SKIP","floor":3.0},{"not_picked":["Rearm","RealityMarble"],"picked":"BottledTime","floor":7.0},{"not_picked":["KillingDoll","Revamp"],"picked":"Advance","floor":10.0},{"not_picked":["ReturningBlade","DancingSilver"],"picked":"Gouge","floor":11.0},{"not_picked":["Initiator","ForgedInTime"],"picked":"FloweringNight+1","floor":16.0},{"not_picked":["Rewind","Unruled"],"picked":"Gouge","floor":18.0},{"not_picked":["FastForward+1","Ricochet"],"picked":"SilverBlades+1","floor":20.0},{"not_picked":["Comet","Read+1"],"picked":"Ricochet+1","floor":23.0},{"not_picked":["Alleviate","Unruled","WasteNot+1"],"picked":"SKIP","floor":25.0},{"not_picked":["StarChef+1","FlawlessForm+1"],"picked":"Foresight+1","floor":27.0},{"not_picked":["Snipe+1","DualDimension"],"picked":"Comet","floor":29.0},{"not_picked":["Barrier","Alleviate"],"picked":"Rewind+1","floor":31.0},{"not_picked":["Initiator","FlawlessForm+1"],"picked":"TheWorld","floor":33.0},{"not_picked":["Revamp","InstantArmor"],"picked":"BottledTime+1","floor":35},{"not_picked":["Spin+1","ShatteredReality+1","DoubleEdge+1"],"picked":"SKIP","floor":38},{"not_picked":["KillingDoll","Foresight+1","ShatteredReality"],"picked":"SKIP","floor":39},{"not_picked":["Hightail","Rearm+1","Defy+1"],"picked":"SKIP","floor":42},{"not_picked":["Unruled+1","Defy+1","Replace"],"picked":"SKIP","floor":45},{"not_picked":["WasteNot+1","ShatteredReality","TimeWarp"],"picked":"SKIP","floor":48},{"not_picked":["LightFlow","Ricochet"],"picked":"Misdirection+1","floor":54}],"player_experience":388428,"relics_obtained":[{"floor":5.0,"key":"Shuriken"},{"floor":7.0,"key":"Boot"},{"floor":9.0,"key":"Ancient Tea Set"},{"floor":10.0,"key":"Frozen Egg 2"},{"floor":14.0,"key":"Broom"},{"floor":23.0,"key":"Blood Vial"},{"floor":25.0,"key":"Pantograph"},{"floor":26.0,"key":"Lantern"},{"floor":27.0,"key":"Orichalcum"},{"floor":42,"key":"Gremlin Horn"},{"floor":45,"key":"Dream Catcher"},{"floor":48,"key":"Vajra"},{"floor":54,"key":"War Paint"}],"event_choices":[{"damage_healed":0.0,"max_hp_gain":0.0,"max_hp_loss":0.0,"gold_gain":0.0,"event_name":"Golden Idol","player_choice":"Take Damage","floor":2.0,"gold_loss":0.0,"damage_taken":14.0,"relics_obtained":["Golden Idol"]},{"damage_healed":0.0,"max_hp_gain":0.0,"max_hp_loss":0.0,"gold_gain":0.0,"event_name":"Living Wall","player_choice":"Grow","floor":4.0,"gold_loss":0.0,"damage_taken":0.0,"cards_upgraded":["Sunlight"]},{"damage_healed":0.0,"max_hp_gain":5.0,"max_hp_loss":0.0,"gold_gain":0.0,"event_name":"Big Fish","player_choice":"Donut","floor":13.0,"gold_loss":0.0,"damage_taken":0.0},{"damage_healed":0.0,"max_hp_gain":0.0,"max_hp_loss":0.0,"gold_gain":0.0,"event_name":"Back to Basics","player_choice":"Simplicity","floor":19.0,"gold_loss":0.0,"damage_taken":0.0,"cards_upgraded":["Strike_S","Strike_S","Strike_S","Strike_S","Defend_S","Defend_S","Defend_S","Defend_S"]},{"damage_healed":0.0,"max_hp_gain":0.0,"max_hp_loss":0.0,"gold_gain":99.0,"event_name":"Nest","player_choice":"Stole From Cult","floor":21.0,"gold_loss":0.0,"damage_taken":0.0},{"damage_healed":0.0,"max_hp_gain":0.0,"max_hp_loss":0.0,"gold_gain":0.0,"cards_transformed":["Strike_S","Strike_S"],"event_name":"Drug Dealer","player_choice":"Became Test Subject","floor":22.0,"gold_loss":0.0,"damage_taken":0.0,"cards_obtained":["FastForward","BottledTime"]},{"cards_removed":["BottledTime"],"damage_healed":0,"gold_gain":0,"player_choice":"Removed Skill","damage_taken":0,"max_hp_gain":0,"max_hp_loss":0,"event_name":"Falling","floor":36,"gold_loss":0},{"damage_healed":0,"gold_gain":333,"player_choice":"Gave Idol","damage_taken":0,"max_hp_gain":0,"max_hp_loss":0,"event_name":"The Moai Head","floor":37,"relics_lost":["Golden Idol"],"gold_loss":0},{"damage_healed":0,"gold_gain":0,"player_choice":"Memory 1","damage_taken":0,"max_hp_gain":0,"max_hp_loss":0,"event_name":"SensoryStone","floor":46,"gold_loss":0}],"is_beta":false,"boss_relics":[{"not_picked":["Black Star","SacredBark"],"picked":"SlaversCollar"},{"not_picked":["SplendidAttire","Runic Pyramid"],"picked":"Cursed Key"}],"items_purged_floors":[53],"is_endless":false,"potions_floor_spawned":[10,11,18,20,27,29,33,35,48],"ascension_level":8}}