{"host":"2461dio7vetlq1z3","time":1608692864,"event":{"mods":["2.2 Compatiblity","AchievementEnabler","BaseMod","Better Third Choice","Hermit","Marisa????????","Minty Spire (QoL Compilation)","Relic Stats","Replay The Spire","Spicy Shops","StSLib","The Runesmith","Waifu the Spire"],"gold_per_floor":[114,114,114,114,114,145,170,170,170],"floor_reached":8,"playtime":190,"items_purged":[],"score":158,"play_id":"05010db7-e99b-45d4-ae2a-807864af995c","local_time":"20201223040744","is_ascension_mode":true,"campfire_choices":[],"circlet_count":0,"master_deck":["AscendersBane","Strike_G","Strike_G+1","Strike_G","Strike_G","Strike_G","Defend_G","Defend_G","Defend_G+1","Defend_G","Defend_G","Survivor","Neutralize","Replay:Poison Smokescreen","Leg Sweep","Footwork"],"relics":["NeowsBlessing","Golden Idol","Sizzling Blood","Sundial"],"acts_visited":["Exordium"],"potions_floor_usage":[],"damage_taken":[{"damage":0,"enemies":"2 Louse","floor":1,"turns":2},{"damage":0,"enemies":"Lagavulin","floor":6,"turns":1},{"damage":0,"enemies":"Jaw Worm","floor":7,"turns":1},{"damage":72,"enemies":"Gremlin Nob","floor":8,"turns":6}],"seed_played":"671106133257963970","potions_obtained":[{"floor":7,"key":"Weak Potion"}],"is_trial":false,"path_per_floor":["M","?","?","?","?","E","M","E"],"character_chosen":"THE_SILENT","items_purchased":[],"campfire_rested":0,"item_purchase_floors":[],"current_hp_per_floor":[59,59,63,44,49,53,57,0,0],"gold":170,"neow_bonus":"THREE_ENEMY_KILL","is_daily":false,"chose_seed":false,"campfire_upgraded":0,"win_rate":0.0,"timestamp":1608692864,"path_taken":["M","?","?","?","?","E","M","E"],"items_purchased_type":[],"build_version":"2020-12-13","purchased_purges":0,"victory":false,"max_hp_per_floor":[66,60,64,64,69,69,69,69,69],"relic_stats":{"counters":[4,10],"Golden Idol":11,"Sundial":[0],"obtain_stats":[{"NeowsBlessing":0,"Golden Idol":2,"Sundial":6,"Sizzling Blood":3,"Ring of the Snake":0},{"NeowsBlessing":0,"Golden Idol":1,"Sundial":2,"Sizzling Blood":1,"Ring of the Snake":0},{"NeowsBlessing":0,"Golden Idol":2,"Sundial":3,"Sizzling Blood":2,"Ring of the Snake":0}]},"card_choices":[{"not_picked":["Backflip","Dodge and Roll"],"picked":"Replay:Poison Smokescreen","floor":1},{"not_picked":["Cloak And Dagger","Riddle With Holes"],"picked":"Leg Sweep","floor":6},{"not_picked":["ReplayTheSpireMod:The Works","Tactician"],"picked":"Footwork","floor":7}],"player_experience":958302,"relics_obtained":[{"floor":6,"key":"Sundial"}],"event_choices":[{"damage_healed":0,"gold_gain":0,"player_choice":"Lose Max HP","damage_taken":0,"relics_obtained":["Golden Idol"],"max_hp_gain":0,"max_hp_loss":6,"event_name":"Golden Idol","floor":2,"gold_loss":0},{"damage_healed":63,"gold_gain":0,"player_choice":"Upgrade","damage_taken":19,"max_hp_gain":0,"max_hp_loss":64,"event_name":"betterThird:BetterShining","floor":4,"gold_loss":0,"cards_upgraded":["Defend_G","Strike_G"]},{"damage_healed":0,"gold_gain":0,"player_choice":"Donut","damage_taken":0,"max_hp_gain":5,"max_hp_loss":0,"event_name":"Big Fish","floor":5,"gold_loss":0}],"is_beta":false,"boss_relics":[],"items_purged_floors":[],"is_endless":false,"potions_floor_spawned":[7],"killed_by":"Gremlin Nob","ascension_level":20}}