{"host":"tzyzz5n7hg2ni9q2","time":1608743544,"event":{"mods":["BaseMod","Minty Spire (QoL Compilation)","Quick Restart"],"gold_per_floor":[214,14,14,14,14,14,29,54,132,151,164,196,196,212,212,312,312,322,334,433,450,470,470,470,470],"floor_reached":24,"playtime":951,"items_purged":[],"score":239,"play_id":"15a59d36-9398-4a67-a334-f8216c8b1610","local_time":"20201223181224","is_ascension_mode":true,"campfire_choices":[{"data":"Berserk","floor":6.0,"key":"SMITH"},{"data":"True Grit","floor":13.0,"key":"SMITH"},{"floor":15.0,"key":"REST"},{"floor":23,"key":"REST"}],"circlet_count":0,"master_deck":["Strike_R","Strike_R","Strike_R","Strike_R","Strike_R","Defend_R","Defend_R","Defend_R","Defend_R","Bash","Body Slam","Berserk+1","Shrug It Off","Bash","Swift Strike","True Grit+1","Inflame","Barricade"],"relics":["Burning Blood","FaceOfCleric","Lantern","The Courier","Tiny Chest","Busted Crown"],"acts_visited":["TheCity"],"potions_floor_usage":[21,22],"damage_taken":[{"damage":0.0,"enemies":"Small Slimes","floor":1.0,"turns":3.0},{"damage":6.0,"enemies":"Cultist","floor":7.0,"turns":3.0},{"damage":30.0,"enemies":"Lagavulin","floor":8.0,"turns":6.0},{"damage":4.0,"enemies":"2 Louse","floor":10.0,"turns":3.0},{"damage":12.0,"enemies":"Lots of Slimes","floor":11.0,"turns":5.0},{"damage":27.0,"enemies":"3 Sentries","floor":12.0,"turns":9.0},{"damage":13.0,"enemies":"Large Slime","floor":14.0,"turns":7.0},{"damage":34,"enemies":"Slime Boss","floor":16,"turns":12},{"damage":39,"enemies":"Shell Parasite","floor":18,"turns":8},{"damage":24,"enemies":"2 Thieves","floor":19,"turns":4},{"damage":28,"enemies":"3 Cultists","floor":21,"turns":6},{"damage":36,"enemies":"Snake Plant","floor":22,"turns":6},{"damage":9,"enemies":"Book of Stabbing","floor":24,"turns":2}],"seed_played":"6609715221738626719","potions_obtained":[{"floor":1.0,"key":"FairyPotion"},{"floor":11.0,"key":"Fire Potion"},{"floor":16,"key":"BloodPotion"},{"floor":19,"key":"Weak Potion"}],"is_trial":false,"path_per_floor":["M","$","?","$","?","R","M","E","T","M","M","E","R","M","R","B",null,"M","M","?","M","M","R","E"],"character_chosen":"IRONCLAD","items_purchased":["Berserk","Shrug It Off"],"campfire_rested":2,"item_purchase_floors":[2,2],"current_hp_per_floor":[80,80,80,80,80,80,81,58,58,61,56,36,36,30,55,28,87,55,38,38,17,37,64,55,55],"gold":470,"neow_bonus":"HUNDRED_GOLD","is_daily":false,"chose_seed":false,"campfire_upgraded":2,"win_rate":0.0,"timestamp":1608743544,"path_taken":["M","$","?","?","?","R","M","E","T","M","M","E","R","?","R","BOSS","M","M","?","M","M","R","E"],"items_purchased_type":["Card","Card"],"build_version":"2020-12-22","purchased_purges":0,"victory":false,"max_hp_per_floor":[80,80,80,80,80,80,81,82,82,83,84,85,85,86,86,87,87,88,89,89,90,91,91,91,91],"card_choices":[{"not_picked":["Dark Embrace","Flex"],"picked":"Body Slam","floor":1.0},{"not_picked":["Heavy Blade","Perfected Strike","Clash"],"picked":"SKIP","floor":7.0},{"not_picked":["Twin Strike","Offering","Perfected Strike"],"picked":"SKIP","floor":8.0},{"not_picked":["Evolve","Searing Blow"],"picked":"True Grit","floor":10.0},{"not_picked":["Power Through","Twin Strike"],"picked":"Inflame","floor":11.0},{"not_picked":["Power Through","Infernal Blade","Warcry"],"picked":"SKIP","floor":12.0},{"not_picked":["Flex","Armaments","Shockwave"],"picked":"SKIP","floor":14.0},{"not_picked":["Feed","Exhume"],"picked":"Barricade","floor":16},{"not_picked":["Thunderclap+1"],"picked":"SKIP","floor":18},{"not_picked":["Heavy Blade"],"picked":"SKIP","floor":19},{"not_picked":["Warcry"],"picked":"SKIP","floor":21},{"not_picked":["Rampage+1"],"picked":"SKIP","floor":22}],"player_experience":182070,"relics_obtained":[{"floor":8.0,"key":"Lantern"},{"floor":9.0,"key":"The Courier"},{"floor":12.0,"key":"Tiny Chest"}],"event_choices":[{"damage_healed":0.0,"max_hp_gain":0.0,"max_hp_loss":0.0,"gold_gain":0.0,"event_name":"Match and Keep!","player_choice":"2 cards matched","floor":3.0,"gold_loss":0.0,"damage_taken":0.0,"cards_obtained":["Bash","Swift Strike"]},{"damage_healed":0.0,"max_hp_gain":0.0,"max_hp_loss":0.0,"gold_gain":0.0,"event_name":"FaceTrader","player_choice":"Trade","floor":5.0,"gold_loss":0.0,"damage_taken":0.0,"relics_obtained":["FaceOfCleric"]},{"damage_healed":0,"gold_gain":99,"player_choice":"Stole From Cult","damage_taken":0,"max_hp_gain":0,"max_hp_loss":0,"event_name":"Nest","floor":20,"gold_loss":0}],"is_beta":false,"boss_relics":[{"not_picked":["Tiny House","Velvet Choker"],"picked":"Busted Crown"}],"items_purged_floors":[],"is_endless":false,"potions_floor_spawned":[1,11,16,19],"killed_by":"Book of Stabbing","ascension_level":3}}