{"host":"q9718omregw4er46","time":1608741405,"event":{"mods":["BaseMod","Colored Powertips","Minty Spire (QoL Compilation)","Quick Restart","Relic Stats"],"gold_per_floor":[116,131,131,143,143,176,176,209,235,260,290,319,17,35,35,114,114,127,141,141,210,220,220,248,267,267,278,278,278],"floor_reached":28,"playtime":1059,"items_purged":["Strike_P"],"score":711,"play_id":"5a8833fd-2c25-4d4a-a5ae-64a04e37bb21","local_time":"20201223213645","is_ascension_mode":true,"campfire_choices":[{"floor":7,"key":"REST"},{"floor":15,"key":"REST"},{"floor":23,"key":"REST"}],"circlet_count":0,"master_deck":["AscendersBane","Strike_P","Strike_P","Defend_P","Defend_P","Defend_P","Defend_P","Eruption","Vigilance","Wallop","EmptyFist","FlurryOfBlows","Wallop","Apotheosis","Wallop","CrushJoints","DevaForm","RitualDagger","Omniscience","Fasting2+1","ThirdEye+1"],"relics":["HolyWater","Happy Flower","Akabeko","Art of War","Smiling Mask","Singing Bowl","HornCleat","White Beast Statue","Girya"],"acts_visited":["Exordium","TheCity"],"potions_floor_usage":[6,10,22,28],"damage_taken":[{"damage":14,"enemies":"Small Slimes","floor":1,"turns":4},{"damage":2,"enemies":"Jaw Worm","floor":2,"turns":6},{"damage":0,"enemies":"Cultist","floor":4,"turns":2},{"damage":24,"enemies":"3 Sentries","floor":6,"turns":5},{"damage":0,"enemies":"Gremlin Nob","floor":8,"turns":3},{"damage":22,"enemies":"Lagavulin","floor":10,"turns":8},{"damage":11,"enemies":"3 Sentries","floor":12,"turns":9},{"damage":0,"enemies":"3 Louse","floor":14,"turns":3},{"damage":0,"enemies":"Hexaghost","floor":16,"turns":6},{"damage":0,"enemies":"2 Thieves","floor":18,"turns":3},{"damage":21,"enemies":"Spheric Guardian","floor":19,"turns":4},{"damage":18,"enemies":"Cultist and Chosen","floor":22,"turns":6},{"damage":38,"enemies":"Gremlin Leader","floor":24,"turns":8},{"damage":0,"enemies":"3 Cultists","floor":25,"turns":6},{"damage":0,"enemies":"Snecko","floor":27,"turns":4},{"damage":24,"enemies":"Book of Stabbing","floor":28,"turns":4}],"seed_played":"-6595226351575925137","potions_obtained":[{"floor":1,"key":"DuplicationPotion"},{"floor":2,"key":"LiquidMemories"},{"floor":12,"key":"Swift Potion"},{"floor":16,"key":"Ancient Potion"},{"floor":25,"key":"Ancient Potion"},{"floor":27,"key":"PowerPotion"}],"is_trial":false,"path_per_floor":["M","M","?","M","?","E","R","E","T","E","?","E","$","M","R","B",null,"M","M","?","T","M","R","E","M","T","M","E"],"character_chosen":"WATCHER","items_purchased":["Apotheosis","Wallop"],"campfire_rested":3,"item_purchase_floors":[13,13],"current_hp_per_floor":[53,51,44,44,49,25,48,48,48,26,26,17,17,17,41,41,71,73,54,48,48,30,55,17,17,17,19,0,0],"gold":278,"neow_bonus":"TEN_PERCENT_HP_BONUS","is_daily":false,"chose_seed":false,"campfire_upgraded":0,"win_rate":0.0,"timestamp":1608741405,"path_taken":["M","M","?","M","?","E","R","E","T","E","?","E","$","M","R","BOSS","M","M","?","?","M","R","E","M","T","?","E"],"items_purchased_type":["Card","Card"],"build_version":"2020-12-22","purchased_purges":1,"victory":false,"max_hp_per_floor":[74,74,74,74,79,79,79,79,79,79,79,81,81,81,81,81,81,83,85,85,85,85,85,85,85,85,87,87,87],"relic_stats":{"Happy Flower":[21],"Singing Bowl":8,"counters":[16,81],"Art of War":[3],"Smiling Mask":25,"obtain_stats":[{"Girya":26,"HornCleat":21,"Happy Flower":6,"Singing Bowl":12,"HolyWater":17,"Art of War":9,"PureWater":0,"Smiling Mask":10,"Akabeko":8,"White Beast Statue":24},{"Girya":14,"HornCleat":11,"Happy Flower":4,"Singing Bowl":7,"HolyWater":9,"Art of War":5,"PureWater":0,"Smiling Mask":6,"Akabeko":5,"White Beast Statue":13},{"Girya":73,"HornCleat":53,"Happy Flower":17,"Singing Bowl":37,"HolyWater":46,"Art of War":20,"PureWater":0,"Smiling Mask":28,"Akabeko":20,"White Beast Statue":67}]},"card_choices":[{"not_picked":["BattleHymn","Protect"],"picked":"Wallop","floor":1},{"not_picked":["SashWhip","Protect"],"picked":"EmptyFist","floor":2},{"not_picked":["PathToVictory","FearNoEvil"],"picked":"FlurryOfBlows","floor":4},{"not_picked":["SignatureMove","FlurryOfBlows","Vengeance"],"picked":"SKIP","floor":6},{"not_picked":["Perseverance","ClearTheMind"],"picked":"Wallop","floor":8},{"not_picked":["Vengeance","Evaluate","PathToVictory"],"picked":"SKIP","floor":10},{"not_picked":["Swivel","PathToVictory","Prostrate"],"picked":"Singing Bowl","floor":12},{"not_picked":["FlurryOfBlows","SignatureMove"],"picked":"CrushJoints","floor":14},{"not_picked":["Alpha","Omniscience"],"picked":"DevaForm","floor":16},{"not_picked":["Halt","EmptyBody","FlurryOfBlows"],"picked":"Singing Bowl","floor":18},{"not_picked":["SashWhip","Wallop","Protect+1"],"picked":"Singing Bowl","floor":19},{"not_picked":["Prostrate","JustLucky"],"picked":"Omniscience","floor":22},{"not_picked":["ForeignInfluence","Evaluate"],"picked":"Fasting2+1","floor":24},{"not_picked":["FollowUp","Vengeance+1"],"picked":"ThirdEye+1","floor":25},{"not_picked":["FollowUp","Crescendo","ThirdEye"],"picked":"Singing Bowl","floor":27}],"player_experience":1094472,"relics_obtained":[{"floor":6,"key":"Happy Flower"},{"floor":8,"key":"Akabeko"},{"floor":9,"key":"Art of War"},{"floor":10,"key":"Smiling Mask"},{"floor":12,"key":"Singing Bowl"},{"floor":21,"key":"HornCleat"},{"floor":24,"key":"White Beast Statue"},{"floor":26,"key":"Girya"}],"event_choices":[{"cards_removed":["Strike_P"],"damage_healed":0,"gold_gain":0,"player_choice":"Card Removal","damage_taken":7,"max_hp_gain":0,"max_hp_loss":0,"event_name":"Golden Wing","floor":3,"gold_loss":0},{"damage_healed":0,"gold_gain":0,"player_choice":"Donut","damage_taken":0,"max_hp_gain":5,"max_hp_loss":0,"event_name":"Big Fish","floor":5,"gold_loss":0},{"damage_healed":0,"gold_gain":30,"player_choice":"Searched \u00272\u0027 times","damage_taken":0,"max_hp_gain":0,"max_hp_loss":0,"event_name":"Dead Adventurer","floor":11,"gold_loss":0},{"damage_healed":0,"gold_gain":0,"player_choice":"Joined the Cult","damage_taken":6,"max_hp_gain":0,"max_hp_loss":0,"event_name":"Nest","floor":20,"gold_loss":0,"cards_obtained":["RitualDagger"]}],"is_beta":false,"boss_relics":[{"not_picked":["Black Star","Coffee Dripper"],"picked":"HolyWater"}],"items_purged_floors":[13],"is_endless":false,"potions_floor_spawned":[1,2,4,12,16,25,27],"killed_by":"Book of Stabbing","ascension_level":20}}