{"host":"qrt7o4dq2qslzw13","time":1608713598,"event":{"mods":["AchievementEnabler","BaseMod","Colored Map","Colored Powertips","Minty Spire (QoL Compilation)","Quick Restart","Rare Cards Sparkle","StSLib","SuperFastMode"],"gold_per_floor":[10,10,10,10,31,52,122,122,168,207,231,231,255,274,274,274,274],"floor_reached":16,"playtime":225,"items_purged":[],"score":204,"play_id":"7bfa4811-0463-4f3d-9b1c-21d7ed08de9e","local_time":"20201223035318","is_ascension_mode":true,"campfire_choices":[{"data":"Transmutation","floor":8.0,"key":"SMITH"},{"data":"Second Wind","floor":15.0,"key":"SMITH"}],"circlet_count":0,"master_deck":["AscendersBane","Strike_R","Strike_R","Strike_R","Strike_R","Strike_R","Defend_R","Defend_R+1","Defend_R+1","Defend_R","Bash","Transmutation+1","Reckless Charge","Injury","Immolate","Injury","Decay","Pummel","Clash","Immolate","Evolve","Combust","Second Wind+1"],"relics":["Burning Blood","Golden Idol","Orichalcum","War Paint","Pantograph"],"acts_visited":["Exordium"],"potions_floor_usage":[16],"damage_taken":[{"damage":10.0,"enemies":"Jaw Worm","floor":1.0,"turns":5.0},{"damage":0.0,"enemies":"2 Louse","floor":5.0,"turns":1.0},{"damage":12.0,"enemies":"Cultist","floor":6.0,"turns":4.0},{"damage":30.0,"enemies":"Lagavulin","floor":10.0,"turns":6.0},{"damage":1.0,"enemies":"Looter","floor":11.0,"turns":2.0},{"damage":13.0,"enemies":"Exordium Wildlife","floor":13.0,"turns":4.0},{"damage":0.0,"enemies":"Lots of Slimes","floor":14.0,"turns":2.0},{"damage":99,"enemies":"The Guardian","floor":16,"turns":11}],"seed_played":"3492066809248425149","potions_obtained":[{"floor":6.0,"key":"BloodPotion"},{"floor":10.0,"key":"Block Potion"},{"floor":11.0,"key":"FearPotion"},{"floor":13.0,"key":"Explosive Potion"},{"floor":14.0,"key":"Fruit Juice"}],"is_trial":false,"path_per_floor":["M","$","?","?","M","M","?","R","T","E","M","T","M","M","R","B"],"character_chosen":"IRONCLAD","items_purchased":[],"campfire_rested":0,"item_purchase_floors":[],"current_hp_per_floor":[64,64,64,64,70,64,64,64,64,55,60,60,53,64,64,0,0],"gold":274,"neow_bonus":"RANDOM_COLORLESS_2","is_daily":false,"chose_seed":false,"campfire_upgraded":2,"win_rate":0.0,"timestamp":1608713598,"path_taken":["M","$","?","?","M","?","?","R","T","E","M","?","M","?","R","BOSS"],"items_purchased_type":[],"build_version":"2020-12-22","purchased_purges":0,"victory":false,"max_hp_per_floor":[75,75,75,75,75,75,75,75,75,75,75,75,75,80,80,80,80],"card_choices":[{"not_picked":["Thinking Ahead","Secret Technique"],"picked":"Transmutation","floor":0.0},{"not_picked":["Wild Strike","Warcry"],"picked":"Reckless Charge","floor":1.0},{"not_picked":["Havoc","Headbutt"],"picked":"Pummel","floor":5.0},{"not_picked":["Iron Wave","Flame Barrier"],"picked":"Clash","floor":6.0},{"not_picked":["Searing Blow","Body Slam"],"picked":"Immolate","floor":10.0},{"not_picked":["Perfected Strike","Twin Strike"],"picked":"Evolve","floor":11.0},{"not_picked":["Armaments","Reaper"],"picked":"Combust","floor":13.0},{"not_picked":["Shockwave","Hemokinesis"],"picked":"Second Wind","floor":14.0}],"player_experience":470391,"relics_obtained":[{"floor":9.0,"key":"Orichalcum"},{"floor":10.0,"key":"War Paint"},{"floor":12.0,"key":"Pantograph"}],"event_choices":[{"damage_healed":0.0,"max_hp_gain":0.0,"max_hp_loss":0.0,"gold_gain":0.0,"event_name":"Golden Idol","player_choice":"Take Wound","floor":3.0,"gold_loss":0.0,"damage_taken":0.0,"relics_obtained":["Golden Idol"],"cards_obtained":["Injury"]},{"damage_healed":0.0,"max_hp_gain":0.0,"max_hp_loss":0.0,"gold_gain":0.0,"event_name":"Match and Keep!","player_choice":"3 cards matched","floor":4.0,"gold_loss":0.0,"damage_taken":0.0,"cards_obtained":["Immolate","Injury","Decay"]},{"damage_healed":0.0,"max_hp_gain":0.0,"max_hp_loss":0.0,"gold_gain":70.0,"event_name":"Golden Wing","player_choice":"Gained Gold","floor":7.0,"gold_loss":0.0,"damage_taken":0.0}],"is_beta":false,"boss_relics":[],"items_purged_floors":[],"is_endless":false,"potions_floor_spawned":[6,10,11,13,14],"killed_by":"The Guardian","ascension_level":20}}