{"host":"99ad87xtd5ypi7ii","time":1608730934,"event":{"mods":["BaseMod","Hermit","Highlight Path","Marisa????????","Minty Spire (QoL Compilation)","Robot Space Explorer","StSLib","The Bladedancer","The Construct","The Cursed","The Disciple","The Gatherer","The Hierophant","The Runesmith","The Servant 0.9.4","TheVacant"],"gold_per_floor":[110,120,120,120,220,220,237,237,237,248,248,278,292,309,309,412,412],"floor_reached":16,"playtime":1358,"items_purged":[],"score":152,"play_id":"46000eb7-90a5-4db7-a8f7-223fc0987060","local_time":"20201223144214","is_ascension_mode":false,"campfire_choices":[{"floor":6,"key":"REST"},{"data":"LockedWarPaint","floor":8,"key":"SMITH"},{"data":"SecondHand","floor":11,"key":"SMITH"},{"data":"Accruing","floor":15,"key":"SMITH"}],"circlet_count":0,"master_deck":["Strike_Br","Strike_Br","Strike_Br","Strike_Br","Defend_Br+1","Defend_Br+1","Defend_Br","Defend_Br","SecondHand+1","PatternShift","WatchCommand","BlueShift","Adagio","LockedWarPaint+1","PrimeTime","ShortSighted","WindUp","WakeUpCall","Accruing+1","Allargando+1"],"relics":["Chronometer","Shuriken","InkBottle","Prayer Wheel"],"acts_visited":["Exordium"],"potions_floor_usage":[16,16],"damage_taken":[{"damage":3,"enemies":"2 Louse","floor":1,"turns":6},{"damage":0,"enemies":"Small Slimes","floor":2,"turns":5},{"damage":3,"enemies":"Jaw Worm","floor":7,"turns":8},{"damage":10,"enemies":"Exordium Thugs","floor":10,"turns":11},{"damage":4,"enemies":"3 Sentries","floor":12,"turns":17},{"damage":0,"enemies":"2 Fungi Beasts","floor":13,"turns":7},{"damage":3,"enemies":"3 Louse","floor":14,"turns":4},{"damage":41,"enemies":"Hexaghost","floor":16,"turns":14}],"seed_played":"-9058181192307414592","potions_obtained":[{"floor":7,"key":"Energy Potion"},{"floor":13,"key":"BlessingOfTheForge"},{"floor":16,"key":"SpeedPotion"}],"is_trial":false,"path_per_floor":["M","M","?","?","?","R","M","R","T","M","R","E","M","M","R","B"],"character_chosen":"CHRONO_CLASS","items_purchased":[],"campfire_rested":1,"item_purchase_floors":[],"current_hp_per_floor":[62,62,50,37,37,56,53,53,53,43,43,39,49,56,56,25,25],"gold":412,"neow_bonus":"THREE_CARDS","is_daily":false,"chose_seed":false,"campfire_upgraded":3,"win_rate":0.0,"timestamp":1608730934,"path_taken":["M","M","?","?","?","R","M","R","T","M","R","E","M","?","R","BOSS"],"items_purchased_type":[],"build_version":"2020-12-22","purchased_purges":0,"victory":false,"max_hp_per_floor":[65,65,65,65,65,65,65,65,65,65,65,65,65,65,65,65,65],"card_choices":[{"not_picked":["ExoVibe","PrimeTime"],"picked":"WatchCommand","floor":0},{"not_picked":["BiteCommand","LockedScales"],"picked":"BlueShift","floor":1},{"not_picked":["Break","TiringSlam"],"picked":"Tempo","floor":2},{"not_picked":["CrunchTime","HandsUpC"],"picked":"LockedWarPaint","floor":7},{"not_picked":["BackFourSeconds","Parity"],"picked":"PrimeTime","floor":10},{"not_picked":["BiteCommand","LockedAnchor"],"picked":"ShortSighted","floor":12},{"not_picked":["BlueShift","HandsUpB"],"picked":"WindUp","floor":13},{"not_picked":["ReapSow","Facsimile"],"picked":"WakeUpCall","floor":13},{"not_picked":["Parity","LockedAnchor"],"picked":"Accruing","floor":14},{"not_picked":["Parity","HandsUpB"],"picked":"Tempo","floor":14}],"player_experience":827686,"relics_obtained":[{"floor":9,"key":"InkBottle"},{"floor":12,"key":"Prayer Wheel"}],"event_choices":[{"damage_healed":0,"gold_gain":0,"player_choice":"Success","damage_taken":12,"relics_obtained":["Shuriken"],"max_hp_gain":0,"max_hp_loss":0,"event_name":"Scrap Ooze","floor":3,"gold_loss":0},{"damage_healed":0,"gold_gain":0,"player_choice":"Entered Light","damage_taken":13,"max_hp_gain":0,"max_hp_loss":0,"event_name":"Shining Light","floor":4,"gold_loss":0,"cards_upgraded":["Defend_Br","Defend_Br"]},{"damage_healed":0,"gold_gain":100,"player_choice":"Pray","damage_taken":0,"max_hp_gain":0,"max_hp_loss":0,"event_name":"Golden Shrine","floor":5,"gold_loss":0}],"is_beta":false,"boss_relics":[],"items_purged_floors":[],"is_endless":false,"potions_floor_spawned":[7,13,16],"killed_by":"Hexaghost","ascension_level":0}}