{"host":"6pgtslebjnyv5xmi","time":1608719086,"event":{"mods":["AchievementEnabler","BaseMod","Colored Map","Minty Spire (QoL Compilation)","Rare Cards Sparkle","StSLib","SuperFastMode","The Dragon Tamer","everything is the same but u backflip on backflip"],"gold_per_floor":[112,132,61,11,29,29,59,59,59,59,73,91,108,108,108],"floor_reached":14,"playtime":771,"items_purged":[],"score":106,"play_id":"aa881004-3a1c-4117-8011-3b050abe7d97","local_time":"20201223192446","is_ascension_mode":true,"campfire_choices":[{"data":"Double Energy","floor":6,"key":"SMITH"},{"data":"Meteor Strike","floor":10,"key":"SMITH"}],"circlet_count":0,"master_deck":["Strike_B","Strike_B","Strike_B","Strike_B","Defend_B","Defend_B","Defend_B","Defend_B","Zap","Dualcast","Meteor Strike+1","Double Energy+1","Hyperbeam","Beam Cell","Skim","Fusion","Turbo"],"relics":["Cracked Core","HornCleat","Bottled Lightning"],"acts_visited":["Exordium"],"potions_floor_usage":[13,14],"damage_taken":[{"damage":9,"enemies":"Jaw Worm","floor":1,"turns":3},{"damage":4,"enemies":"2 Louse","floor":2,"turns":3},{"damage":0,"enemies":"Cultist","floor":5,"turns":4},{"damage":41,"enemies":"Gremlin Nob","floor":7,"turns":5},{"damage":7,"enemies":"2 Fungi Beasts","floor":11,"turns":2},{"damage":8,"enemies":"Blue Slaver","floor":12,"turns":2},{"damage":0,"enemies":"Gremlin Gang","floor":13,"turns":3},{"damage":31,"enemies":"3 Sentries","floor":14,"turns":8}],"seed_played":"-6472228671433533246","potions_obtained":[{"floor":1,"key":"Energy Potion"},{"floor":11,"key":"PotionOfCapacity"},{"floor":12,"key":"AttackPotion"}],"is_trial":false,"path_per_floor":["M","M","$","?","M","R","E","?","T","R","M","M","M","E"],"character_chosen":"DEFECT","items_purchased":["Hyperbeam"],"campfire_rested":0,"item_purchase_floors":[3],"current_hp_per_floor":[66,62,62,62,62,62,21,46,46,46,39,31,31,0,0],"gold":108,"neow_bonus":"THREE_RARE_CARDS","is_daily":false,"chose_seed":false,"campfire_upgraded":2,"win_rate":0.0,"timestamp":1608719086,"path_taken":["M","M","$","?","M","R","E","?","T","R","M","M","M","E"],"items_purchased_type":["Card"],"build_version":"2020-12-22","purchased_purges":0,"victory":false,"max_hp_per_floor":[75,75,75,75,75,75,75,75,75,75,75,75,75,75,75],"card_choices":[{"not_picked":["Amplify","Electrodynamics"],"picked":"Meteor Strike","floor":0},{"not_picked":["Redo","Turbo"],"picked":"Double Energy","floor":1},{"not_picked":["Blizzard","Scrape","Compile Driver"],"picked":"SKIP","floor":2},{"not_picked":["Gash","Stack"],"picked":"Beam Cell","floor":5},{"not_picked":["FTL","Echo Form"],"picked":"Skim","floor":7},{"not_picked":["Coolheaded","Reprogram","Chaos"],"picked":"SKIP","floor":11},{"not_picked":["Barrage","Sweeping Beam"],"picked":"Fusion","floor":12},{"not_picked":["Beam Cell","Leap"],"picked":"Turbo","floor":13}],"player_experience":405353,"relics_obtained":[{"floor":7,"key":"HornCleat"},{"floor":9,"key":"Bottled Lightning"}],"event_choices":[{"cards_removed":["Decay"],"damage_healed":0,"gold_gain":0,"player_choice":"Card Removal","damage_taken":0,"max_hp_gain":0,"max_hp_loss":0,"event_name":"The Cleric","floor":4,"gold_loss":50},{"damage_healed":25,"gold_gain":0,"player_choice":"Banana","damage_taken":0,"max_hp_gain":0,"max_hp_loss":0,"event_name":"Big Fish","floor":8,"gold_loss":0}],"is_beta":false,"boss_relics":[],"items_purged_floors":[],"is_endless":false,"potions_floor_spawned":[1,11,12],"killed_by":"3 Sentries","ascension_level":3}}