{"host":"li2oyy8xcjugrjw6","time":1608693966,"event":{"mods":["AchievementEnabler","BaseMod","Colored Map","Minty Spire (QoL Compilation)","Permanent Neow","Replay The Spire","StSLib"],"gold_per_floor":[17,17,17,34,45,78,93,111,180,180,207,207,238,257,257,356,456,472,472,472,153,175,206,206,236,236,253,253,253,286,299,299,395,395,406,423,438,448,723,758,758,793,847,865,880,830,844,633,633,633,633,633,528,558,558],"floor_reached":56,"playtime":4823,"items_purged":["Strike_G","Defend_G","Leg Sweep"],"score":2631,"play_id":"7f09040c-8a56-47c0-802c-0cc0cd1f53c8","local_time":"20201222192606","is_ascension_mode":true,"campfire_choices":[{"data":"Phantasmal Killer","floor":10.0,"key":"SMITH"},{"data":"Dash","floor":12.0,"key":"SMITH"},{"data":"Calculated Gamble","floor":15.0,"key":"SMITH"},{"data":"Phantasmal Killer","floor":24.0,"key":"SMITH"},{"floor":28.0,"key":"REST"},{"data":"Expertise","floor":32,"key":"SMITH"},{"data":"Poison Darts","floor":41,"key":"SMITH"},{"floor":49,"key":"RECALL"},{"data":"Reflex","floor":52,"key":"SMITH"}],"circlet_count":0,"master_deck":["AscendersBane","Survivor","Neutralize","Quick Slash","Dagger Spray","Phantasmal Killer+1","Acrobatics","Cloak And Dagger","Dash+1","Blur","Calculated Gamble+1","Die Die Die","Leg Sweep","Cloak And Dagger","Die Die Die","ReplayTheSpireMod:Splinters","Phantasmal Killer+1","Calculated Gamble","Eviscerate","Backflip+1","Deflect+1","Expertise+1","Poison Darts+1","Bane+1","Crippling Poison+1","Crippling Poison+1","Prepared+1","Calculated Gamble","Reflex+1","Regret","Blade Dance+1","Prepared+1","Wraith Form v2","Backflip"],"relics":["Ring of the Snake","Iron Hammer","Tingsha","Bottled Flame","Oddly Smooth Stone","TungstenRod","Replay:Grab Bag","Replay:Wanted Poster","ReplayTheSpireMod:DimensionalGlitch","HoveringKite","Replay:Drink Me","Enchiridion","Ring of Misfortune","ReplayTheSpireMod:Ring of Exchange","Membership Card","Turnip","Dream Catcher","Art of War","ReplayTheSpireMod:Shallot","Smiling Mask","Astrolabe","ReplayTheSpireMod:Lightbulb","Regal Pillow","ReplayTheSpireMod:TigerMarble","Letter Opener","Replay:Kaleidoscope"],"acts_visited":["Exordium","TheCity","TheBeyond","TheEnding"],"potions_floor_usage":[40,40,55,55],"damage_taken":[{"damage":8.0,"enemies":"Small Slimes","floor":1.0,"turns":4.0},{"damage":0.0,"enemies":"Cultist","floor":4.0,"turns":3.0},{"damage":0.0,"enemies":"Jaw Worm","floor":5.0,"turns":3.0},{"damage":18.0,"enemies":"Lagavulin","floor":6.0,"turns":9.0},{"damage":0.0,"enemies":"Blue Slaver","floor":7.0,"turns":3.0},{"damage":0.0,"enemies":"3 Louse","floor":8.0,"turns":2.0},{"damage":4.0,"enemies":"3 Sentries","floor":11.0,"turns":4.0},{"damage":3.0,"enemies":"Lagavulin","floor":13.0,"turns":5.0},{"damage":1.0,"enemies":"Looter","floor":14.0,"turns":3.0},{"damage":32.0,"enemies":"Fading Forest","floor":16.0,"turns":11.0},{"damage":0.0,"enemies":"Shell Parasite","floor":18.0,"turns":3.0},{"damage":0.0,"enemies":"Book of Stabbing","floor":23.0,"turns":3.0},{"damage":0.0,"enemies":"Slavers","floor":25.0,"turns":2.0},{"damage":0.0,"enemies":"Chosen","floor":27.0,"turns":2.0},{"damage":1.0,"enemies":"Gremlin Leader","floor":30.0,"turns":3.0},{"damage":0,"enemies":"Sentry and Sphere","floor":31,"turns":1},{"damage":0,"enemies":"Pondfish","floor":33,"turns":6},{"damage":0,"enemies":"Orb Walker","floor":35,"turns":3},{"damage":0,"enemies":"3 Shapes","floor":36,"turns":2},{"damage":0,"enemies":"Transient","floor":37,"turns":5},{"damage":0,"enemies":"Sphere and 2 Shapes","floor":38,"turns":2},{"damage":8,"enemies":"R_Hoarder","floor":40,"turns":6},{"damage":0,"enemies":"Giant Head","floor":42,"turns":5},{"damage":0,"enemies":"Jaw Worm Horde","floor":44,"turns":1},{"damage":0,"enemies":"3 Darklings","floor":45,"turns":1},{"damage":0,"enemies":"Maw","floor":47,"turns":5},{"damage":0,"enemies":"Donu and Deca","floor":50,"turns":4},{"damage":0,"enemies":"Shield and Spear","floor":54,"turns":3},{"damage":39,"enemies":"The Heart","floor":55,"turns":8}],"seed_played":"-5120841066021868215","potions_obtained":[{"floor":4.0,"key":"Fire Potion"},{"floor":8.0,"key":"DistilledChaos"},{"floor":11.0,"key":"BlessingOfTheForge"},{"floor":14.0,"key":"SkillPotion"},{"floor":16.0,"key":"Weak Potion"},{"floor":23.0,"key":"EssenceOfSteel"},{"floor":31,"key":"Block Potion"},{"floor":40,"key":"BlessingOfTheForge"},{"floor":42,"key":"Weak Potion"}],"is_trial":false,"path_per_floor":["M","?","?","M","M","E","M","M","T","R","E","R","E","M","R","B",null,"M","?","?","$","?","E","R","E","T","M","R","T","E","M","R","B",null,"M","M","M","M","?","E","R","E","T","M","M","$","M","$","R","B",null,"R","$","E","B",null],"character_chosen":"THE_SILENT","items_purchased":["Membership Card","Leg Sweep","Cloak And Dagger","Die Die Die","Letter Opener","DuplicationPotion","Wraith Form v2","Backflip"],"campfire_rested":1,"item_purchase_floors":[21,21,21,21,48,48,53,53],"current_hp_per_floor":[55,55,55,55,55,37,37,37,37,37,33,33,30,29,29,15,44,44,23,23,23,23,23,23,23,23,23,38,38,37,37,37,37,49,49,49,49,49,49,41,41,41,41,41,41,41,41,41,41,41,50,50,50,50,11],"gold":558,"neow_bonus":"REMOVE_TWO","is_daily":false,"chose_seed":false,"campfire_upgraded":7,"win_rate":0.0,"timestamp":1608693966,"path_taken":["M","?","?","M","M","E","M","M","T","R","E","R","E","?","R","BOSS","M","?","?","$","?","E","R","E","T","M","R","?","E","M","R","BOSS","M","?","M","M","?","E","R","E","T","M","?","$","M","?","R","BOSS","R","$","E","BOSS"],"items_purchased_type":["Relic","Card","Card","Card","Relic","Potion","Card","Card"],"build_version":"2020-12-13","purchased_purges":3,"victory":true,"max_hp_per_floor":[70,70,70,70,70,70,70,70,70,70,70,70,70,70,70,70,53,53,53,53,53,53,53,53,53,53,53,53,53,53,53,53,53,53,53,53,53,53,53,53,53,53,53,53,53,53,53,53,53,53,53,53,53,53,53],"card_choices":[{"not_picked":["Outmaneuver","Poisoned Stab"],"picked":"Quick Slash","floor":1.0},{"not_picked":["Slice","ReplayTheSpireMod:Shiv Toss","Underhanded Strike"],"picked":"SKIP","floor":4.0},{"not_picked":["Sucker Punch","Unload"],"picked":"Dagger Spray","floor":5.0},{"not_picked":["Eviscerate","Acrobatics"],"picked":"Phantasmal Killer","floor":6.0},{"not_picked":["Blade Dance","Deflect"],"picked":"Acrobatics","floor":7.0},{"not_picked":["Cloak And Dagger","ReplayTheSpireMod:Tripwire","Heel Hook"],"picked":"SKIP","floor":8.0},{"not_picked":["ReplayTheSpireMod:Tripwire","Heel Hook"],"picked":"Cloak And Dagger","floor":8.0},{"not_picked":["Slice","Bane"],"picked":"Dash","floor":11.0},{"not_picked":["Quick Slash","Riddle With Holes"],"picked":"Blur","floor":13.0},{"not_picked":["Deflect","Footwork"],"picked":"Calculated Gamble","floor":14.0},{"not_picked":["ReplayTheSpireMod:Necrosis","Atom Bomb"],"picked":"Die Die Die","floor":16.0},{"not_picked":["Quick Slash","Backstab","Sucker Punch+1"],"picked":"SKIP","floor":18.0},{"not_picked":["Bouncing Flask+1","Backflip"],"picked":"Phantasmal Killer","floor":22.0},{"not_picked":["Poisoned Stab","Replay:Poison Smokescreen"],"picked":"Calculated Gamble","floor":23.0},{"not_picked":["Outmaneuver","All Out Attack"],"picked":"Eviscerate","floor":25.0},{"not_picked":["ReplayTheSpireMod:Speed Training","Deadly Poison"],"picked":"Backflip+1","floor":27.0},{"not_picked":["Sucker Punch","Blade Dance"],"picked":"Deflect+1","floor":28.0},{"not_picked":["Accuracy","Bouncing Flask","Underhanded Strike"],"picked":"SKIP","floor":30.0},{"not_picked":["Flying Knee","Dagger Spray"],"picked":"Expertise","floor":31},{"not_picked":["Envenom","Storm of Steel"],"picked":"Poison Darts","floor":33},{"not_picked":["Noxious Fumes+1","Bane","Outmaneuver"],"picked":"SKIP","floor":35},{"not_picked":["Quick Slash","Dagger Throw+1"],"picked":"Prepared+1","floor":36},{"not_picked":["Crippling Poison","Quick Slash"],"picked":"Calculated Gamble","floor":37},{"not_picked":["Deadly Poison+1","Masterful Stab"],"picked":"Reflex","floor":38},{"not_picked":["ReplayTheSpireMod:The Works","Fluid Movement+1","Distraction"],"picked":"SKIP","floor":40},{"not_picked":["Deadly Poison","Concentrate","All Out Attack"],"picked":"SKIP","floor":42},{"not_picked":["Riddle With Holes","Dagger Spray"],"picked":"Blade Dance+1","floor":44},{"not_picked":["Hidden Blade+1","Underhanded Strike+1"],"picked":"Prepared+1","floor":45},{"not_picked":["Flying Knee+1","Hidden Blade","Poisoned Stab"],"picked":"SKIP","floor":47},{"not_picked":["Predator+1","Dodge and Roll+1","Fluid Movement"],"picked":"SKIP","floor":54}],"player_experience":950372,"relics_obtained":[{"floor":6.0,"key":"Tingsha"},{"floor":9.0,"key":"Bottled Flame"},{"floor":11.0,"key":"Oddly Smooth Stone"},{"floor":13.0,"key":"TungstenRod"},{"floor":19.0,"key":"Enchiridion"},{"floor":20.0,"key":"Ring of Misfortune"},{"floor":20.0,"key":"ReplayTheSpireMod:Ring of Exchange"},{"floor":22.0,"key":"Turnip"},{"floor":23.0,"key":"Dream Catcher"},{"floor":25.0,"key":"Art of War"},{"floor":29.0,"key":"ReplayTheSpireMod:Shallot"},{"floor":30.0,"key":"Smiling Mask"},{"floor":40,"key":"ReplayTheSpireMod:Lightbulb"},{"floor":42,"key":"Regal Pillow"},{"floor":43,"key":"ReplayTheSpireMod:TigerMarble"},{"floor":54,"key":"Replay:Kaleidoscope"}],"event_choices":[{"damage_healed":0.0,"max_hp_gain":0.0,"max_hp_loss":0.0,"gold_gain":0.0,"event_name":"Big Fish","player_choice":"Box","floor":2.0,"gold_loss":0.0,"damage_taken":0.0,"relics_obtained":["Iron Hammer"],"cards_obtained":["Regret"]},{"cards_removed":["Regret"],"damage_healed":0.0,"max_hp_gain":0.0,"max_hp_loss":0.0,"gold_gain":0.0,"event_name":"Purifier","player_choice":"Purged","floor":3.0,"gold_loss":0.0,"damage_taken":0.0},{"damage_healed":0.0,"max_hp_gain":0.0,"max_hp_loss":0.0,"gold_gain":0.0,"event_name":"Cursed Tome","player_choice":"Obtained Book","floor":19.0,"gold_loss":0.0,"damage_taken":16.0},{"damage_healed":0,"gold_gain":275,"player_choice":"Desecrate","damage_taken":0,"max_hp_gain":0,"max_hp_loss":0,"event_name":"Golden Shrine","floor":39,"gold_loss":0,"cards_obtained":["Regret"]}],"is_beta":false,"boss_relics":[{"not_picked":["ChewingGum","Empty Cage"],"picked":"Replay:Grab Bag"},{"not_picked":["Philosopher\u0027s Stone","Painkiller Herb"],"picked":"Replay:Wanted Poster"},{"not_picked":["Coffee Dripper","Fusion Hammer"],"picked":"ReplayTheSpireMod:DimensionalGlitch"},{"not_picked":["SacredBark","Ring of Chaos"],"picked":"HoveringKite"},{"not_picked":["WristBlade","Ring of the Serpent"],"picked":"Replay:Drink Me"},{"not_picked":["Replay:Bronze Core","TheAbacus"],"picked":"Astrolabe"}],"items_purged_floors":[21,46,48],"is_endless":false,"potions_floor_spawned":[4,8,11,14,16,23,31,40,42,44,45,47],"ascension_level":10}}