{"host":"7o30bgpqouqblh42","time":1608748033,"event":{"mods":["AchievementEnabler","Aspiration","BaseMod","Colored Map","Downfall","Highlight Path","Minty Spire (QoL Compilation)","StSLib","SuperFastMode"],"gold_per_floor":[99,116,116,116,116,2,27,47,47,60,77,2,0,20,36,137,137,137,154,166,166,1,20,20,20,50,50,50,61,61,61,72,167,167,92,106,106,106,106,106,106,32,32,49,64,75,75,125,137,137],"floor_reached":51,"playtime":3910,"items_purged":["Guardian:Defend_Guardian"],"score":657,"play_id":"ecc84d3c-88fb-4ae5-84e9-ba524c7a4556","local_time":"20201223132713","is_ascension_mode":false,"campfire_choices":[{"floor":1.0,"key":"RECALL"},{"data":"Guardian:ShieldCharger","floor":9.0,"key":"SMITH"},{"data":"Guardian:CompilePackage","floor":12.0,"key":"SMITH"},{"data":"Guardian:RefractedBeam+1","floor":18.0,"key":"SMITH"},{"data":"Guardian:DonusPower","floor":28.0,"key":"SMITH"},{"data":"Distraction","floor":30.0,"key":"SMITH"},{"data":"Guardian:FuturePlans","floor":35.0,"key":"SMITH"},{"data":"Guardian:RefractedBeam+2","floor":40.0,"key":"SMITH"},{"data":"Guardian:RefractedBeam+3","floor":43,"key":"SMITH"},{"data":"Guardian:RefractedBeam+4","floor":47,"key":"SMITH"}],"circlet_count":0,"master_deck":["Guardian:Strike_Guardian+1","Guardian:Defend_Guardian","Guardian:TwinSlam+1","sneckomod:Bewildered","Guardian:AncientConstruct","Guardian:DecasProtection","Guardian:ChargeUp","Distraction+1","Flechettes+1","Predator+1","Guardian:TemporalStrike+1","Guardian:Incinerate+1","Guardian:ShieldCharger+1","Guardian:RefractedBeam+5","Guardian:CompilePackage+1","Guardian:ChargeCore+1","Guardian:BronzeOrb+1","Guardian:FastForward","CurseOfTheBell","Guardian:FuturePlans+1","Guardian:Orbwalk","Guardian:DonusPower+1","RitualDagger+1","Guardian:Incinerate+1","Slimebound:CheckThePlaybook","Slimebound:Icky","expansioncontent:PolyBeam+1","Bandage Up+1","Infernal Blade+1","Blood for Blood+1","Guardian:BronzeOrb+1"],"relics":["Guardian:ModeShifter","Molten Egg 2","Whetstone","downfall:HeartBlessingRed","Calling Bell","Oddly Smooth Stone","Darkstone Periapt","Lizard Tail","Guardian:BottledStasis","Bag of Marbles","aspiration:IroncladSkillbook","downfall:HeartBlessingBlue","Toxic Egg 2","Ice Cream","HornCleat","Unceasing Top"],"acts_visited":["Exordium","TheCity","TheBeyond"],"potions_floor_usage":[46],"damage_taken":[{"damage":5.0,"enemies":"Small Slimes","floor":2.0,"turns":5.0},{"damage":0.0,"enemies":"downfall:FleeingMerchant","floor":6.0,"turns":4.0},{"damage":12.0,"enemies":"2 Louse","floor":8.0,"turns":3.0},{"damage":0.0,"enemies":"Jaw Worm","floor":10.0,"turns":2.0},{"damage":0.0,"enemies":"Blue Slaver","floor":11.0,"turns":2.0},{"damage":2.0,"enemies":"downfall:FleeingMerchant","floor":13.0,"turns":4.0},{"damage":8.0,"enemies":"Red Slaver","floor":14.0,"turns":5.0},{"damage":13.0,"enemies":"3 Louse","floor":15.0,"turns":2.0},{"damage":11.0,"enemies":"downfall:Watcher","floor":16.0,"turns":5.0},{"damage":4.0,"enemies":"Shell Parasite","floor":19.0,"turns":3.0},{"damage":2.0,"enemies":"Chosen","floor":20.0,"turns":2.0},{"damage":0.0,"enemies":"downfall:FleeingMerchant","floor":22.0,"turns":4.0},{"damage":0.0,"enemies":"3 Cultists","floor":23.0,"turns":4.0},{"damage":28.0,"enemies":"Gremlin Leader","floor":26.0,"turns":6.0},{"damage":3.0,"enemies":"Snecko","floor":29.0,"turns":3.0},{"damage":1.0,"enemies":"Snake Plant","floor":32.0,"turns":3.0},{"damage":24.0,"enemies":"downfall:Silent","floor":33.0,"turns":6.0},{"damage":9.0,"enemies":"3 Darklings","floor":36.0,"turns":3.0},{"damage":1.0,"enemies":"downfall:FleeingMerchant","floor":42.0,"turns":3.0},{"damage":2,"enemies":"Orb Walker","floor":44,"turns":4},{"damage":16,"enemies":"Jaw Worm Horde","floor":45,"turns":3},{"damage":10,"enemies":"4 Shapes","floor":46,"turns":3},{"damage":12,"enemies":"Mind Bloom Boss Battle","floor":48,"turns":4},{"damage":4,"enemies":"Maw","floor":49,"turns":5},{"damage":34,"enemies":"downfall:Ironclad","floor":50,"turns":6}],"seed_played":"-3134651355610863495","potions_obtained":[{"floor":2.0,"key":"Swift Potion"},{"floor":8.0,"key":"DistilledChaos"},{"floor":14.0,"key":"Guardian:BlockOnCardUsePotion"},{"floor":15.0,"key":"SteroidPotion"},{"floor":16.0,"key":"BlessingOfTheForge"},{"floor":21.0,"key":"DistilledChaos"},{"floor":21.0,"key":"SteroidPotion"},{"floor":21.0,"key":"DistilledChaos"},{"floor":23.0,"key":"LiquidBronze"},{"floor":26.0,"key":"champ:CounterPotion"},{"floor":32.0,"key":"Guardian:BlockOnCardUsePotion"},{"floor":45,"key":"ColorlessPotion"},{"floor":46,"key":"Explosive Potion"},{"floor":48,"key":"BlessingOfTheForge"},{"floor":49,"key":"Swift Potion"}],"is_trial":false,"path_per_floor":["R","M","?","?","?","$","T","M","R","M","M","R","$","M","M","B",null,"R","M","M","?","$","M","T","?","E","?","R","M","R","?","M","B",null,"R","M","?","?","?","R","T","$","R","M","M","M","R","?","M","B",null],"character_chosen":"GUARDIAN","items_purchased":["Guardian:Incinerate+1","Guardian:BottledStasis","HornCleat","Bandage Up+1","Infernal Blade+1"],"campfire_rested":0,"item_purchase_floors":[6,22,42,42,42],"current_hp_per_floor":[80,75,75,75,75,75,75,63,63,63,63,63,61,53,40,29,80,80,76,74,74,74,74,74,68,40,40,40,37,37,43,42,18,86,96,91,91,91,91,91,91,94,94,96,84,78,78,76,88,64],"gold":137,"neow_bonus":"TRANSFORM_TWO_CARDS","is_daily":false,"chose_seed":false,"campfire_upgraded":9,"win_rate":0.0,"timestamp":1608748033,"path_taken":["R","M","?","?","?","?","T","M","R","M","?","R","$","M","M","BOSS","R","M","M","?","$","?","T","?","E","?","R","?","R","?","M","BOSS","R","M","?","?","?","R","T","$","R","M","M","?","R","?","M","BOSS"],"items_purchased_type":["Card","Relic","Relic","Card","Card"],"build_version":"2020-12-22","purchased_purges":1,"victory":true,"max_hp_per_floor":[80,80,80,80,80,80,80,80,80,80,80,80,80,80,80,80,80,80,80,80,80,80,80,80,80,80,80,80,80,80,86,86,86,86,96,96,96,96,96,96,96,96,96,96,96,96,96,96,96,96],"card_choices":[{"not_picked":["Guardian:Preprogram","Guardian:EvasiveProtocol"],"picked":"Guardian:ChargeUp","floor":2.0},{"not_picked":["Guardian:Suspension","Guardian:Gem_Red"],"picked":"Guardian:TemporalStrike+1","floor":6.0},{"not_picked":["Guardian:Suspension","Guardian:Gem_Lightblue"],"picked":"Guardian:ShieldCharger","floor":8.0},{"not_picked":["Guardian:FuturePlans","Guardian:MultiBeam+1"],"picked":"Guardian:RefractedBeam+1","floor":10.0},{"not_picked":["Guardian:VentSteam","Guardian:ChargeCore+1"],"picked":"Guardian:CompilePackage","floor":11.0},{"not_picked":["Guardian:Gem_Green","Guardian:TemporalShield"],"picked":"Guardian:ChargeCore+1","floor":13.0},{"not_picked":["Guardian:Recover","Guardian:Gem_Green"],"picked":"Guardian:BronzeOrb+1","floor":14.0},{"not_picked":["Guardian:CrystalBeam+1","Guardian:ShieldCharger","Guardian:Reroute+1"],"picked":"SKIP","floor":15.0},{"not_picked":["Guardian:GemFinder","Guardian:FierceBash+1"],"picked":"Guardian:FastForward","floor":16.0},{"not_picked":["Guardian:Planning","Guardian:Gem_Green","Guardian:DecasProtection"],"picked":"SKIP","floor":19.0},{"not_picked":["Guardian:Gem_Cyan","Guardian:Gem_Green"],"picked":"Guardian:FuturePlans","floor":20.0},{"not_picked":["Guardian:ExploitGems","Guardian:Planning+1"],"picked":"Guardian:Orbwalk","floor":22.0},{"not_picked":["Guardian:PrimingBeam+1","Guardian:PiercingHide"],"picked":"Guardian:DonusPower","floor":23.0},{"not_picked":["Guardian:Gem_Green","Guardian:Gem_Lightblue"],"picked":"Guardian:Incinerate+1","floor":26.0},{"not_picked":["Guardian:Repulse+1","Guardian:SpikerProtocol","Guardian:ShieldCharger"],"picked":"SKIP","floor":29.0},{"not_picked":["Guardian:SpikerProtocol+1","Guardian:Incinerate+1"],"picked":"Guardian:Gem_Purple","floor":32.0},{"not_picked":["Guardian:RevengeProtocol","Guardian:Gem_Synthetic"],"picked":"Guardian:Gem_Orange","floor":33.0},{"not_picked":["Guardian:Gem_Lightblue","Guardian:PolyBeam+1","Wild Strike+1","Guardian:RollAttack+1"],"picked":"SKIP","floor":36.0},{"not_picked":["expansioncontent:ManipulateTime","expansioncontent:AwakenDeath","expansioncontent:Torchfire+1"],"picked":"expansioncontent:PolyBeam+1","floor":37.0},{"not_picked":["Shrug It Off+1","Guardian:Suspension+1","Guardian:Gem_Fragmented"],"picked":"Blood for Blood+1","floor":44},{"not_picked":["Rage+1","Guardian:ChargeCore+1","Guardian:ShieldCharger+1"],"picked":"Guardian:Gem_White","floor":45},{"not_picked":["Headbutt+1","Guardian:Preprogram+1","Guardian:Gem_Green","Wild Strike+1"],"picked":"SKIP","floor":46},{"not_picked":["Rupture+1","Rampage+1","Second Wind+1"],"picked":"Guardian:BronzeOrb+1","floor":48},{"not_picked":["Bludgeon+1","Shrug It Off+1","Guardian:TemporalShield+1","Clash+1"],"picked":"SKIP","floor":49}],"player_experience":111880,"relics_obtained":[{"floor":7.0,"key":"Whetstone"},{"floor":17.0,"key":"Oddly Smooth Stone"},{"floor":17.0,"key":"Darkstone Periapt"},{"floor":17.0,"key":"Lizard Tail"},{"floor":26.0,"key":"Bag of Marbles"},{"floor":38.0,"key":"Toxic Egg 2"},{"floor":41.0,"key":"Ice Cream"},{"floor":48,"key":"Unceasing Top"}],"event_choices":[{"cards_removed":["Injury"],"damage_healed":0.0,"max_hp_gain":0.0,"max_hp_loss":0.0,"gold_gain":0.0,"event_name":"Living Wall","player_choice":"Forget","floor":5.0,"gold_loss":0.0,"damage_taken":0.0},{"damage_healed":0.0,"max_hp_gain":0.0,"max_hp_loss":0.0,"gold_gain":0.0,"event_name":"Lab","player_choice":"Got Potions","floor":21.0,"gold_loss":0.0,"damage_taken":0.0},{"cards_removed":["Guardian:Defend_Guardian"],"damage_healed":0.0,"max_hp_gain":0.0,"max_hp_loss":0.0,"gold_gain":0.0,"event_name":"Purifier","player_choice":"Purged","floor":27.0,"gold_loss":0.0,"damage_taken":0.0}],"is_beta":false,"boss_relics":[{"not_picked":["Velvet Choker","aspiration:SecretTechniqueScroll"],"picked":"Calling Bell"},{"not_picked":["Astrolabe","SlaversCollar"],"picked":"aspiration:IroncladSkillbook"}],"items_purged_floors":[6],"is_endless":false,"potions_floor_spawned":[2,8,14,15,16,23,26,32,45,46,48,49],"ascension_level":0}}