{"host":"gfybn4j1d26rvz5e","time":1608692193,"event":{"mods":["BaseMod","Better Altar","Better Match","Better Note","Better Sensory Stone","Better Skull","Better Third Choice","BetterRewards","Highlight Path","Minty Spire (QoL Compilation)","Random Character Button","Relic Stats","StSLib"],"gold_per_floor":[118,118,134,152,152,25,39,39,112,112,124,124,157,2,2,106,106,121,21,21,21,21,47,47,47,47,157,176,176,176],"floor_reached":29,"playtime":1392,"items_purged":["Defend_R","Strike_R"],"score":356,"play_id":"ce291657-f490-4c08-91c1-2897f365df82","local_time":"20201222205633","is_ascension_mode":true,"campfire_choices":[{"data":"Armaments","floor":8,"key":"SMITH"},{"data":"Cleave","floor":10,"key":"SMITH"},{"data":"Apotheosis","floor":15,"key":"SMITH"},{"floor":24,"key":"REST"}],"circlet_count":0,"master_deck":["Strike_R","Strike_R","Defend_R+1","Defend_R","Defend_R","Bash","Armaments+1","Offering","Hemokinesis","Cleave+1","Apotheosis+1","Disarm+1","Exhume","Twin Strike+1","Rupture+1"],"relics":["Burning Blood","Bottled Flame","Toy Ornithopter","War Paint","Snecko Eye","InkBottle","Ancient Tea Set"],"acts_visited":["Exordium","TheCity"],"potions_floor_usage":[13,29],"damage_taken":[{"damage":6,"enemies":"Jaw Worm","floor":1,"turns":3},{"damage":0,"enemies":"Small Slimes","floor":3,"turns":3},{"damage":2,"enemies":"2 Louse","floor":4,"turns":3},{"damage":8,"enemies":"Looter","floor":7,"turns":2},{"damage":2,"enemies":"Exordium Wildlife","floor":11,"turns":3},{"damage":8,"enemies":"Gremlin Nob","floor":13,"turns":3},{"damage":43,"enemies":"The Guardian","floor":16,"turns":10},{"damage":36,"enemies":"Spheric Guardian","floor":18,"turns":6},{"damage":42,"enemies":"Gremlin Leader","floor":23,"turns":6},{"damage":19,"enemies":"Chosen","floor":28,"turns":4},{"damage":2,"enemies":"Slavers","floor":29,"turns":1}],"seed_played":"-7219133917359735071","potions_obtained":[{"floor":1,"key":"Fire Potion"},{"floor":4,"key":"SkillPotion"},{"floor":13,"key":"Ancient Potion"},{"floor":28,"key":"SteroidPotion"}],"is_trial":false,"path_per_floor":["M","?","M","M","?","$","M","R","T","R","M","?","E","$","R","B",null,"M","$","?","$","?","E","R","$","T","?","M","E"],"character_chosen":"IRONCLAD","items_purchased":["Armaments","Hemokinesis","Cleave","War Paint"],"campfire_rested":1,"item_purchase_floors":[0,6,6,14],"current_hp_per_floor":[80,85,85,85,78,78,76,76,76,76,80,80,78,78,78,41,85,55,55,55,55,55,19,44,44,44,34,21,24,24],"gold":176,"neow_bonus":"","is_daily":false,"chose_seed":false,"campfire_upgraded":3,"win_rate":0.0,"timestamp":1608692193,"path_taken":["M","?","M","M","?","?","?","R","T","R","M","?","E","$","R","BOSS","M","$","?","$","?","E","R","?","T","?","M","E"],"items_purchased_type":["Card","Card","Card","Relic"],"build_version":"2020-12-13","purchased_purges":2,"victory":false,"max_hp_per_floor":[80,85,85,85,85,85,85,85,85,85,85,85,85,85,85,85,85,85,85,85,85,85,85,85,85,85,85,85,85,85],"relic_stats":{"counters":[66,284],"Snecko Eye":[21,36,30,36],"War Paint":["Defend_R","Disarm"],"obtain_stats":[{"Ice Cream":0,"Regal Pillow":46,"Enchiridion":29,"HoveringKite":34,"Snake Skull":26,"Bag of Preparation":9,"Whetstone":11,"Boot":43,"Ancient Tea Set":26,"Sozu":17,"Blood Vial":28,"Tough Bandages":0,"Matryoshka":28,"Ninja Scroll":23,"Prayer Wheel":47,"Fusion Hammer":17,"Toxic Egg 2":0,"InkBottle":7,"Ring of the Snake":0,"Potion Belt":9,"The Specimen":26,"Tingsha":23,"Eternal Feather":30,"Letter Opener":25,"War Paint":41,"Orichalcum":54,"Mercury Hourglass":46,"Bottled Flame":25,"CaptainsWheel":45,"Snecko Eye":17,"Pandora\u0027s Box":34,"Art of War":43,"Toy Ornithopter":13},{"Ice Cream":0,"Regal Pillow":18,"Enchiridion":13,"HoveringKite":15,"Snake Skull":35,"Bag of Preparation":26,"Whetstone":28,"Boot":18,"Ancient Tea Set":64,"Sozu":6,"Blood Vial":36,"Tough Bandages":21,"Matryoshka":13,"Ninja Scroll":10,"Prayer Wheel":19,"Fusion Hammer":31,"Toxic Egg 2":21,"InkBottle":2,"Ring of the Snake":0,"Potion Belt":3,"The Specimen":12,"Tingsha":34,"Eternal Feather":38,"Letter Opener":12,"War Paint":45,"Orichalcum":49,"Mercury Hourglass":18,"Bottled Flame":35,"CaptainsWheel":46,"Snecko Eye":62,"Pandora\u0027s Box":40,"Art of War":18,"Toy Ornithopter":61},{"Ice Cream":0,"Regal Pillow":81,"Enchiridion":56,"HoveringKite":69,"Snake Skull":152,"Bag of Preparation":122,"Whetstone":126,"Boot":81,"Ancient Tea Set":279,"Sozu":25,"Blood Vial":157,"Tough Bandages":100,"Matryoshka":56,"Ninja Scroll":42,"Prayer Wheel":85,"Fusion Hammer":137,"Toxic Egg 2":100,"InkBottle":11,"Ring of the Snake":0,"Potion Belt":13,"The Specimen":52,"Tingsha":147,"Eternal Feather":165,"Letter Opener":52,"War Paint":198,"Orichalcum":216,"Mercury Hourglass":81,"Bottled Flame":152,"CaptainsWheel":201,"Snecko Eye":267,"Pandora\u0027s Box":179,"Art of War":81,"Toy Ornithopter":257}],"Burning Blood":50,"Toy Ornithopter":5,"InkBottle":[1]},"card_choices":[{"not_picked":["Clash","Flex","Dark Embrace"],"picked":"SKIP","floor":1},{"not_picked":["Armaments","Warcry","Sever Soul"],"picked":"SKIP","floor":3},{"not_picked":["Sword Boomerang","Perfected Strike"],"picked":"Offering","floor":4},{"not_picked":["Body Slam","Rage","True Grit"],"picked":"SKIP","floor":7},{"not_picked":["Body Slam","Sword Boomerang","Rage"],"picked":"SKIP","floor":11},{"not_picked":["Finesse","Swift Strike"],"picked":"Apotheosis","floor":12},{"not_picked":["Hemokinesis","Rupture"],"picked":"Disarm","floor":13},{"not_picked":["Corruption","Double Tap"],"picked":"Exhume","floor":16},{"not_picked":["Power Through+1","Wild Strike+1"],"picked":"Twin Strike+1","floor":18},{"not_picked":["Headbutt+1","Clothesline+1"],"picked":"Rupture+1","floor":23},{"not_picked":["Feel No Pain","Entrench+1","Body Slam"],"picked":"SKIP","floor":28}],"player_experience":644326,"relics_obtained":[{"floor":9,"key":"Bottled Flame"},{"floor":13,"key":"Toy Ornithopter"},{"floor":23,"key":"InkBottle"},{"floor":26,"key":"Ancient Tea Set"}],"event_choices":[{"damage_healed":0,"gold_gain":0,"player_choice":"Donut","damage_taken":0,"max_hp_gain":5,"max_hp_loss":0,"event_name":"Big Fish","floor":2,"gold_loss":0},{"cards_removed":["Strike_R"],"damage_healed":0,"gold_gain":0,"player_choice":"Card Removal","damage_taken":7,"max_hp_gain":0,"max_hp_loss":0,"event_name":"Golden Wing","floor":5,"gold_loss":0},{"damage_healed":0,"gold_gain":1,"player_choice":"1","damage_taken":0,"max_hp_gain":0,"max_hp_loss":0,"event_name":"betterStone:BetterStone","floor":12,"gold_loss":0},{"cards_removed":["Strike_R"],"damage_healed":0,"gold_gain":0,"player_choice":"Give","damage_taken":0,"max_hp_gain":0,"max_hp_loss":0,"event_name":"betterNote:BetterNote","floor":20,"gold_loss":0,"cards_obtained":["Defend_B"]},{"cards_removed":["Strike_R"],"damage_healed":0,"gold_gain":0,"player_choice":"Elegance","damage_taken":0,"max_hp_gain":0,"max_hp_loss":0,"event_name":"betterThird:BetterWriting","floor":22,"gold_loss":0},{"damage_healed":0,"gold_gain":110,"player_choice":"GO ","damage_taken":11,"relics_obtained":[],"max_hp_gain":0,"max_hp_loss":0,"event_name":"betterSkull:BetterSkull","floor":27,"gold_loss":0,"cards_upgraded":[]}],"is_beta":false,"boss_relics":[{"not_picked":["Calling Bell","Coffee Dripper"],"picked":"Snecko Eye"}],"items_purged_floors":[0,19],"is_endless":false,"potions_floor_spawned":[1,4,13,28],"killed_by":"Slavers","ascension_level":1}}