{"host":"5smcqgbe0rrg6qum","time":1608708012,"event":{"mods":["A Magickal Journey","BaseMod","Hermit","Minty Spire (QoL Compilation)","StSLib","The Blackbeard","The Death Knight","The Forsaken","The Necromancer","The Poker Player","The Runesmith","The Servant 0.9.4","The Showman","The Wild Card","Trackpad"],"gold_per_floor":[118,118,138,153,165,165,180,206,206,27,27,43,54,79,79,174,174,186,202,202,2,2,2],"floor_reached":22,"playtime":1743,"items_purged":[],"score":248,"play_id":"3151c2f6-b933-41f1-a3f7-4157122c429d","local_time":"20201222232012","is_ascension_mode":false,"campfire_choices":[{"data":"Poisoned Stab","floor":6,"key":"SMITH"},{"floor":15,"key":"REST"}],"circlet_count":0,"master_deck":["Strike_G","Strike_G","Strike_G","Strike_G","Strike_G","Defend_G","Defend_G","Defend_G","Defend_G","Defend_G","Survivor","Neutralize","Dagger Spray","Bane","Poisoned Stab+1","Leg Sweep","Poisoned Stab","Quick Slash","Mayhem","Pain","Outmaneuver","Terror","Deadly Poison","Envenom","Deflect","Dagger Throw","RitualDagger","Mind Blast","Blur","Deadly Poison"],"relics":["Ring of the Snake","NeowsBlessing","Ginger","HornCleat","WarpedTongs","Mummified Hand","SacredBark"],"acts_visited":["Exordium","TheCity"],"potions_floor_usage":[14,16,16,16,22],"damage_taken":[{"damage":0,"enemies":"Small Slimes","floor":1,"turns":1},{"damage":0,"enemies":"2 Louse","floor":3,"turns":1},{"damage":0,"enemies":"Cultist","floor":4,"turns":1},{"damage":14,"enemies":"Large Slime","floor":5,"turns":8},{"damage":9,"enemies":"Blue Slaver","floor":7,"turns":3},{"damage":14,"enemies":"Lagavulin","floor":8,"turns":6},{"damage":6,"enemies":"Exordium Wildlife","floor":12,"turns":4},{"damage":0,"enemies":"Exordium Thugs","floor":13,"turns":2},{"damage":21,"enemies":"Gremlin Nob","floor":14,"turns":5},{"damage":4,"enemies":"Slime Boss","floor":16,"turns":11},{"damage":33,"enemies":"2 Thieves","floor":18,"turns":5},{"damage":2,"enemies":"3 Byrds","floor":19,"turns":5},{"damage":29,"enemies":"Snecko","floor":22,"turns":4}],"seed_played":"3963914723532056544","potions_obtained":[{"floor":1,"key":"DeathKnight:RimePotion"},{"floor":8,"key":"SpeedPotion"},{"floor":12,"key":"Block Potion"},{"floor":14,"key":"DuplicationPotion"},{"floor":16,"key":"DeathKnight:RimePotion"}],"is_trial":false,"path_per_floor":["M","?","M","M","M","R","M","E","T","$","?","M","M","E","R","B",null,"M","M","?","$","M"],"character_chosen":"THE_SILENT","items_purchased":["Mayhem","Mind Blast","Blur","Deadly Poison"],"campfire_rested":1,"item_purchase_floors":[10,21,21,21],"current_hp_per_floor":[70,70,70,70,56,56,47,33,33,33,33,27,27,6,27,23,70,37,35,29,29,0,0],"gold":2,"neow_bonus":"THREE_ENEMY_KILL","is_daily":false,"chose_seed":false,"campfire_upgraded":1,"win_rate":0.0,"timestamp":1608708012,"path_taken":["M","?","M","M","M","R","M","E","T","$","?","M","?","E","R","BOSS","M","M","?","$","M"],"items_purchased_type":["Card","Card","Card","Card"],"build_version":"2020-12-22","purchased_purges":0,"victory":false,"max_hp_per_floor":[70,70,70,70,70,70,70,70,70,70,70,70,70,70,70,70,70,70,70,70,70,70,70],"card_choices":[{"not_picked":["Endless Agony","Underhanded Strike"],"picked":"Dagger Spray","floor":1},{"not_picked":["Prepared","Eviscerate"],"picked":"Bane","floor":3},{"not_picked":["PiercingWail","Dodge and Roll"],"picked":"Poisoned Stab","floor":4},{"not_picked":["Sucker Punch","Underhanded Strike"],"picked":"Leg Sweep","floor":5},{"not_picked":["Dagger Spray","Endless Agony"],"picked":"Poisoned Stab","floor":7},{"not_picked":["Bane","Escape Plan"],"picked":"Quick Slash","floor":8},{"not_picked":["Underhanded Strike","Dagger Spray"],"picked":"Outmaneuver","floor":12},{"not_picked":["Underhanded Strike","A Thousand Cuts"],"picked":"Terror","floor":13},{"not_picked":["Underhanded Strike","Blade Dance"],"picked":"Deadly Poison","floor":14},{"not_picked":["Phantasmal Killer","Adrenaline"],"picked":"Envenom","floor":16},{"not_picked":["Quick Slash+1","Dodge and Roll"],"picked":"Deflect","floor":18},{"not_picked":["Bane","PiercingWail"],"picked":"Dagger Throw","floor":19}],"player_experience":29750,"relics_obtained":[{"floor":8,"key":"Ginger"},{"floor":9,"key":"HornCleat"},{"floor":14,"key":"Mummified Hand"}],"event_choices":[{"damage_healed":0,"gold_gain":0,"player_choice":"Ignored","damage_taken":0,"max_hp_gain":0,"max_hp_loss":0,"event_name":"Liars Game","floor":2,"gold_loss":0},{"damage_healed":0,"gold_gain":0,"player_choice":"Rummage","damage_taken":0,"relics_obtained":["WarpedTongs"],"max_hp_gain":0,"max_hp_loss":0,"event_name":"Accursed Blacksmith","floor":11,"gold_loss":0,"cards_obtained":["Pain"]},{"damage_healed":0,"gold_gain":0,"player_choice":"Joined the Cult","damage_taken":6,"max_hp_gain":0,"max_hp_loss":0,"event_name":"Nest","floor":20,"gold_loss":0,"cards_obtained":["RitualDagger"]}],"is_beta":false,"boss_relics":[{"not_picked":["Ectoplasm","Busted Crown"],"picked":"SacredBark"}],"items_purged_floors":[],"is_endless":false,"potions_floor_spawned":[1,8,12,13,14,16],"killed_by":"Snecko","ascension_level":0}}