{"host":"l2821e3dgmq4sghh","time":1608735147,"event":{"mods":["BaseMod","Colored Powertips","Minty Spire (QoL Compilation)","StSLib"],"gold_per_floor":[364,374,19,19,31,31,48,48,48,82,82,142,177,2,2,98,98,111,111,111,111,111,136,136,155,206,33,60,60,395,410,410,513,513,533,549,566,586,604,629,629,654,654,671,696,5,18,30,30,30,30,30,12,12,12,12],"floor_reached":55,"playtime":6725,"items_purged":["Pain","Strike_B","Strike_B+1","Dualcast"],"score":890,"play_id":"fbc9aa3d-234b-4fec-bd28-97f7481babc4","local_time":"20201223155227","is_ascension_mode":true,"campfire_choices":[{"data":"Go for the Eyes","floor":6,"key":"SMITH"},{"data":"Sweeping Beam","floor":8,"key":"SMITH"},{"data":"Zap","floor":11,"key":"SMITH"},{"data":"Leap","floor":15,"key":"SMITH"},{"data":"J.A.X.","floor":24,"key":"SMITH"},{"data":"Beam Cell","floor":29,"key":"SMITH"},{"floor":32,"key":"REST"},{"floor":41,"key":"REST"},{"floor":49,"key":"RECALL"},{"data":"Gash","floor":52,"key":"SMITH"}],"circlet_count":0,"master_deck":["Defend_B+1","Defend_B+1","Defend_B+1","Defend_B+1","Zap+1","Sweeping Beam+1","Gash+1","Go for the Eyes+1","Sweeping Beam+1","Gash","Gash","Leap+1","Gash","J.A.X.+1","Redo+1","Beam Cell+1","Redo+1","Hologram+1","Hologram+1","Gash+1","Steam","Steam","Sweeping Beam+1","Turbo+1","Compile Driver+1","Steam+1","Hologram+1"],"relics":["Cracked Core","Question Card","Mercury Hourglass","Pocketwatch","Mummified Hand","Nunchaku","Nuclear Battery","Kunai","Pear","Toy Ornithopter","Blood Vial","Old Coin","Empty Cage","Du-Vu Doll","Toxic Egg 2","The Courier","Emotion Chip","Cables","Bronze Scales"],"acts_visited":["Exordium","TheCity","TheBeyond","TheEnding"],"potions_floor_usage":[23,44,44,44,48,54],"damage_taken":[{"damage":7,"enemies":"Cultist","floor":1,"turns":5},{"damage":17,"enemies":"Small Slimes","floor":2,"turns":3},{"damage":0,"enemies":"2 Louse","floor":5,"turns":2},{"damage":4,"enemies":"Blue Slaver","floor":7,"turns":3},{"damage":10,"enemies":"Gremlin Nob","floor":10,"turns":3},{"damage":14,"enemies":"Gremlin Nob","floor":12,"turns":3},{"damage":13,"enemies":"Lagavulin","floor":13,"turns":4},{"damage":1,"enemies":"The Guardian","floor":16,"turns":9},{"damage":12,"enemies":"Shell Parasite","floor":18,"turns":4},{"damage":4,"enemies":"Book of Stabbing","floor":23,"turns":4},{"damage":4,"enemies":"Chosen","floor":25,"turns":3},{"damage":15,"enemies":"Gremlin Leader","floor":28,"turns":5},{"damage":28,"enemies":"Book of Stabbing","floor":30,"turns":5},{"damage":17,"enemies":"Sentry and Sphere","floor":31,"turns":4},{"damage":65,"enemies":"Collector","floor":33,"turns":9},{"damage":26,"enemies":"3 Darklings","floor":35,"turns":5},{"damage":5,"enemies":"3 Shapes","floor":36,"turns":3},{"damage":3,"enemies":"Maw","floor":37,"turns":6},{"damage":12,"enemies":"Sphere and 2 Shapes","floor":38,"turns":4},{"damage":7,"enemies":"Jaw Worm Horde","floor":39,"turns":3},{"damage":26,"enemies":"Reptomancer","floor":40,"turns":5},{"damage":22,"enemies":"Giant Head","floor":42,"turns":8},{"damage":7,"enemies":"Writhing Mass","floor":44,"turns":4},{"damage":6,"enemies":"Nemesis","floor":45,"turns":7},{"damage":6,"enemies":"Transient","floor":47,"turns":5},{"damage":7,"enemies":"Spire Growth","floor":48,"turns":3},{"damage":15,"enemies":"Awakened One","floor":50,"turns":9},{"damage":71,"enemies":"Shield and Spear","floor":54,"turns":5},{"damage":23,"enemies":"The Heart","floor":55,"turns":2}],"seed_played":"2782835343194159558","potions_obtained":[{"floor":2,"key":"BlessingOfTheForge"},{"floor":16,"key":"FocusPotion"},{"floor":25,"key":"Fire Potion"},{"floor":28,"key":"FairyPotion"},{"floor":33,"key":"Fire Potion"},{"floor":40,"key":"Fire Potion"},{"floor":45,"key":"Swift Potion"},{"floor":48,"key":"SmokeBomb"}],"is_trial":false,"path_per_floor":["M","M","$","?","M","R","M","R","T","E","R","?","E","$","R","B",null,"M","?","?","T","?","E","R","M","T","$","E","R","E","M","R","B",null,"M","M","M","M","M","E","R","E","T","M","E","$","M","M","R","B",null,"R","$","E","B"],"character_chosen":"DEFECT","items_purchased":["Question Card","Gash","Regen Potion","Beam Cell","Emotion Chip","Cables","Bronze Scales","Hologram+1"],"campfire_rested":2,"item_purchase_floors":[3,3,14,27,46,46,46,53],"current_hp_per_floor":[68,51,51,51,51,51,47,47,47,37,37,23,10,10,10,9,75,63,63,63,63,63,81,81,77,77,77,62,62,36,21,46,15,85,59,56,55,45,40,16,41,21,21,31,27,27,23,23,23,10,85,85,85,19,0,0],"gold":12,"neow_bonus":"TWO_FIFTY_GOLD","is_daily":false,"chose_seed":false,"campfire_upgraded":7,"win_rate":0.0,"timestamp":1608735147,"path_taken":["M","?","$","?","M","R","M","R","T","E","R","?","E","$","R","BOSS","M","?","?","?","?","E","R","?","T","$","E","R","E","M","R","BOSS","M","M","M","?","M","E","R","E","T","M","E","$","M","M","R","BOSS","R","$","E","BOSS"],"items_purchased_type":["Relic","Card","Potion","Card","Relic","Relic","Relic","Card"],"build_version":"2020-12-22","purchased_purges":4,"victory":false,"max_hp_per_floor":[75,75,75,75,75,75,75,75,75,75,75,75,75,75,75,75,75,75,75,75,75,75,85,85,85,85,85,85,85,85,85,85,85,85,85,85,85,85,85,85,85,85,85,85,85,85,85,85,85,85,85,85,85,85,85,85],"card_choices":[{"not_picked":["Chaos","Stack","Barrage"],"picked":"SKIP","floor":1},{"not_picked":["Beam Cell","Blizzard"],"picked":"Sweeping Beam","floor":2},{"not_picked":["Recycle","Sweeping Beam","Coolheaded"],"picked":"Go for the Eyes","floor":5},{"not_picked":["Sunder","Reinforced Body","Aggregate"],"picked":"Sweeping Beam","floor":7},{"not_picked":["Fusion","Chill","Static Discharge"],"picked":"Gash","floor":10},{"not_picked":["Lockon","Tempest","Streamline"],"picked":"Gash","floor":12},{"not_picked":["Rip and Tear","Glacier","Multi-Cast"],"picked":"Leap","floor":13},{"not_picked":["Sweeping Beam","Rebound","Cold Snap"],"picked":"Gash","floor":18},{"not_picked":["Ball Lightning+1","Hello World+1","Chill","Barrage"],"picked":"SKIP","floor":23},{"not_picked":["Glacier+1","Fusion+1","Genetic Algorithm"],"picked":"Redo+1","floor":25},{"not_picked":["Barrage+1","Ball Lightning","Blizzard","Turbo"],"picked":"SKIP","floor":28},{"not_picked":["Reinforced Body","Static Discharge","Rebound+1","Sunder+1"],"picked":"SKIP","floor":30},{"not_picked":["Conserve Battery","Barrage","Steam"],"picked":"Redo+1","floor":31},{"not_picked":["Redo+1","Barrage+1","Storm+1"],"picked":"Hologram+1","floor":35},{"not_picked":["Skim","Glacier+1","White Noise","Hello World+1"],"picked":"SKIP","floor":36},{"not_picked":["Coolheaded","Steam+1","White Noise+1"],"picked":"Hologram+1","floor":37},{"not_picked":["Genetic Algorithm+1","Heatsinks","Stack"],"picked":"Gash+1","floor":38},{"not_picked":["Turbo+1","Chaos","Ball Lightning+1"],"picked":"Steam","floor":39},{"not_picked":["Sunder+1","Fusion+1","Rebound+1"],"picked":"Steam","floor":40},{"not_picked":["Gash","Capacitor+1","Reprogram+1"],"picked":"Sweeping Beam+1","floor":42},{"not_picked":["Ball Lightning","Chaos+1","Barrage+1","Heatsinks+1"],"picked":"SKIP","floor":44},{"not_picked":["Tempest+1","Cold Snap","Seek+1"],"picked":"Turbo+1","floor":45},{"not_picked":["Sweeping Beam+1","Leap+1","Barrage"],"picked":"Compile Driver+1","floor":47},{"not_picked":["Amplify+1","Turbo+1","Ball Lightning"],"picked":"Steam+1","floor":48}],"player_experience":5363990,"relics_obtained":[{"floor":9,"key":"Mercury Hourglass"},{"floor":10,"key":"Pocketwatch"},{"floor":12,"key":"Mummified Hand"},{"floor":13,"key":"Nunchaku"},{"floor":21,"key":"Kunai"},{"floor":23,"key":"Pear"},{"floor":26,"key":"Toy Ornithopter"},{"floor":28,"key":"Blood Vial"},{"floor":30,"key":"Old Coin"},{"floor":40,"key":"Du-Vu Doll"},{"floor":42,"key":"Toxic Egg 2"},{"floor":45,"key":"The Courier"}],"event_choices":[{"damage_healed":0,"gold_gain":0,"player_choice":"Grow","damage_taken":0,"max_hp_gain":0,"max_hp_loss":0,"event_name":"Living Wall","floor":4,"gold_loss":0,"cards_upgraded":["Sweeping Beam"]},{"damage_healed":0,"gold_gain":0,"player_choice":"Searched \u00271\u0027 times","damage_taken":0,"max_hp_gain":0,"max_hp_loss":0,"event_name":"Dead Adventurer","floor":12,"gold_loss":0},{"damage_healed":0,"gold_gain":0,"player_choice":"Obtain J.A.X.","damage_taken":0,"max_hp_gain":0,"max_hp_loss":0,"event_name":"Drug Dealer","floor":19,"gold_loss":0,"cards_obtained":["J.A.X."]},{"damage_healed":0,"gold_gain":0,"player_choice":"Ignored","damage_taken":0,"max_hp_gain":0,"max_hp_loss":0,"event_name":"The Mausoleum","floor":20,"gold_loss":0},{"damage_healed":0,"gold_gain":0,"player_choice":"Simplicity","damage_taken":0,"max_hp_gain":0,"max_hp_loss":0,"event_name":"Back to Basics","floor":22,"gold_loss":0,"cards_upgraded":["Strike_B","Strike_B","Strike_B","Defend_B","Defend_B","Defend_B","Defend_B"]}],"is_beta":false,"boss_relics":[{"not_picked":["SlaversCollar","Fusion Hammer"],"picked":"Nuclear Battery"},{"not_picked":["Philosopher\u0027s Stone","Coffee Dripper"],"picked":"Empty Cage"}],"items_purged_floors":[3,14,27,46],"is_endless":false,"potions_floor_spawned":[2,16,25,28,33,35,38,40,45,48,54],"killed_by":"The Heart","ascension_level":1}}