{"host":"0cgp910o8339lr91","time":1608730747,"event":{"mods":["BaseMod","Colored Map","Filter the Spire","Minty Spire (QoL Compilation)","Relic Stats","Slay-I","ojb\u0027s Better Paths Mod","ojb\u0027s Info Mod"],"gold_per_floor":[113,113,37,52,62,87,97,97,97,97,97],"floor_reached":10,"playtime":745,"items_purged":[],"score":105,"play_id":"83effcc3-b02b-4ba4-b0ed-fc2ea3cf8250","local_time":"20201223143907","is_ascension_mode":true,"campfire_choices":[],"circlet_count":0,"master_deck":["AscendersBane","Strike_B","Strike_B","Strike_B","Strike_B","Defend_B","Defend_B","Defend_B","Defend_B","Zap+1","Compile Driver","Defragment","Hologram","Ball Lightning","Defragment"],"relics":["Coffee Dripper","Tiny Chest","Juzu Bracelet"],"acts_visited":["Exordium"],"potions_floor_usage":[],"damage_taken":[{"damage":7.0,"enemies":"Jaw Worm","floor":1.0,"turns":3.0},{"damage":11.0,"enemies":"Cultist","floor":4.0,"turns":4.0},{"damage":6.0,"enemies":"2 Louse","floor":5.0,"turns":2.0},{"damage":32.0,"enemies":"3 Sentries","floor":6.0,"turns":7.0},{"damage":5.0,"enemies":"Gremlin Gang","floor":7.0,"turns":4.0},{"damage":12,"enemies":"Lagavulin","floor":10,"turns":4}],"seed_played":"-8793098314014843037","potions_obtained":[{"floor":4.0,"key":"AttackPotion"},{"floor":7.0,"key":"PotionOfCapacity"}],"is_trial":false,"path_per_floor":["M","?","$","M","M","E","M","?","T","E"],"character_chosen":"DEFECT","items_purchased":["Defragment"],"campfire_rested":0,"item_purchase_floors":[3],"current_hp_per_floor":[61,61,61,50,44,12,7,7,7,0,0],"gold":97,"neow_bonus":"BOSS_RELIC","is_daily":false,"chose_seed":false,"campfire_upgraded":0,"win_rate":0.0,"timestamp":1608730747,"path_taken":["M","?","?","M","M","E","M","?","T","E"],"items_purchased_type":["Card"],"build_version":"2020-12-22","purchased_purges":0,"victory":false,"max_hp_per_floor":[75,75,75,75,75,75,75,75,75,75,75],"relic_stats":{"counters":[6,24],"Tiny Chest":0,"Juzu Bracelet":0,"obtain_stats":[{"Tiny Chest":6,"Coffee Dripper":0,"Juzu Bracelet":9,"Cracked Core":0},{"Tiny Chest":4,"Coffee Dripper":0,"Juzu Bracelet":5,"Cracked Core":0},{"Tiny Chest":16,"Coffee Dripper":0,"Juzu Bracelet":20,"Cracked Core":0}]},"card_choices":[{"not_picked":["Conserve Battery","Leap"],"picked":"Compile Driver","floor":1.0},{"not_picked":["Stack","Go for the Eyes"],"picked":"Hologram","floor":4.0},{"not_picked":["Double Energy","Turbo"],"picked":"Ball Lightning","floor":5.0},{"not_picked":["Thunder Strike","Steam","Static Discharge"],"picked":"SKIP","floor":6.0},{"not_picked":["Hello World","Loop"],"picked":"Defragment","floor":7.0}],"player_experience":992280,"relics_obtained":[{"floor":6.0,"key":"Tiny Chest"},{"floor":9,"key":"Juzu Bracelet"}],"event_choices":[{"damage_healed":0.0,"max_hp_gain":0.0,"max_hp_loss":0.0,"gold_gain":0.0,"event_name":"Upgrade Shrine","player_choice":"Upgraded","floor":2.0,"gold_loss":0.0,"damage_taken":0.0,"cards_upgraded":["Zap"]},{"cards_removed":["Dualcast"],"damage_healed":0,"gold_gain":0,"player_choice":"Offered Basic","damage_taken":0,"max_hp_gain":0,"max_hp_loss":0,"event_name":"Bonfire Elementals","floor":8,"gold_loss":0}],"is_beta":false,"boss_relics":[],"items_purged_floors":[],"is_endless":false,"potions_floor_spawned":[4,7],"killed_by":"Lagavulin","ascension_level":11}}