{"host":"lh9qfzqeqctr28d2","time":1608701978,"event":{"mods":["BaseMod","Minty Spire (QoL Compilation)","Quick Restart","Relic Stats","Remilia£®¿Ÿ√◊¿Ú—«£©","StSLib"],"gold_per_floor":[111,111,127,88,88,115,115,132,132,132,142,67,103,136,136,231,231,244,264,25,38,13,65,65,113,113,148,161,161,179,104,104,209,209,222,234,234,251,264,298,308,53,53,76,126,126,196,211,211,211,211],"floor_reached":50,"playtime":2848,"items_purged":["Regret"],"score":754,"play_id":"d05379de-a990-4abe-a96e-aeb7487431ef","local_time":"20201223133938","is_ascension_mode":false,"campfire_choices":[{"data":"ScarletImprint","floor":7,"key":"SMITH"},{"data":"BatForm","floor":15,"key":"SMITH"},{"data":"TransientEternity","floor":24,"key":"SMITH"},{"data":"DemonKingCradle","floor":32,"key":"SMITH"},{"data":"Septette","floor":46,"key":"SMITH"},{"data":"AfternoonTea","floor":49,"key":"SMITH"}],"circlet_count":0,"master_deck":["Strike_RM","Strike_RM","Strike_RM","Defend_RM","Defend_RM","Defend_RM","Defend_RM","RedMoon","ScarletShoot","FavorOfDestiny","BombardNight","NightLord","ScarletImprint+1","VampireKiss","Septette+1","AfternoonTea+1","BatForm+1","TransientEternity+1","DiffusionOfMisfortune+1","BlasphemousPunishment+1","BombardNight","ScarletDream+1","DemonKingCradle+1","VampireKiss+1","StarOfDavid+1"],"relics":["ScarletHat","NeowsBlessing","NlothsMask","FairyMaid","White Beast Statue","Calipers","Thread and Needle","Busted Crown","Ornamental Fan","PreservedInsect","Tiny Chest","InkBottle","Black Star","CaptainsWheel","Lizard Tail","RedBat","Question Card","Orichalcum","Ancient Tea Set","Ice Cream","Du-Vu Doll"],"acts_visited":["Exordium","TheCity","TheBeyond"],"potions_floor_usage":[14,14,18,23,23,27,28,33,33,33,36,40,41,48,50,50],"damage_taken":[{"damage":0,"enemies":"Small Slimes","floor":1,"turns":1},{"damage":0,"enemies":"Cultist","floor":3,"turns":1},{"damage":0,"enemies":"3 Sentries","floor":6,"turns":1},{"damage":0,"enemies":"2 Louse","floor":8,"turns":1},{"damage":7,"enemies":"Exordium Wildlife","floor":11,"turns":4},{"damage":3,"enemies":"Large Slime","floor":13,"turns":6},{"damage":10,"enemies":"Gremlin Nob","floor":14,"turns":4},{"damage":0,"enemies":"Slime Boss","floor":16,"turns":11},{"damage":0,"enemies":"Chosen","floor":18,"turns":3},{"damage":4,"enemies":"2 Thieves","floor":19,"turns":2},{"damage":4,"enemies":"Shelled Parasite and Fungi","floor":21,"turns":4},{"damage":0,"enemies":"Slavers","floor":23,"turns":4},{"damage":1,"enemies":"Book of Stabbing","floor":25,"turns":6},{"damage":5,"enemies":"Centurion and Healer","floor":27,"turns":2},{"damage":0,"enemies":"Cultist and Chosen","floor":28,"turns":2},{"damage":0,"enemies":"Snecko","floor":30,"turns":3},{"damage":31,"enemies":"Automaton","floor":33,"turns":6},{"damage":0,"enemies":"Orb Walker","floor":35,"turns":1},{"damage":4,"enemies":"3 Darklings","floor":36,"turns":3},{"damage":0,"enemies":"Transient","floor":38,"turns":5},{"damage":47,"enemies":"4 Shapes","floor":39,"turns":3},{"damage":0,"enemies":"Reptomancer","floor":40,"turns":2},{"damage":0,"enemies":"Maw","floor":41,"turns":7},{"damage":25,"enemies":"Nemesis","floor":45,"turns":5},{"damage":10,"enemies":"Mind Bloom Boss Battle","floor":47,"turns":5},{"damage":0,"enemies":"Jaw Worm Horde","floor":48,"turns":3},{"damage":0,"enemies":"Donu and Deca","floor":50,"turns":1}],"seed_played":"8685370518845221385","potions_obtained":[{"floor":6,"key":"Fire Potion"},{"floor":8,"key":"Explosive Potion"},{"floor":11,"key":"Dexterity Potion"},{"floor":11,"key":"DestinyDice"},{"floor":14,"key":"Weak Potion"},{"floor":16,"key":"DuplicationPotion"},{"floor":18,"key":"Strength Potion"},{"floor":18,"key":"LiquidBronze"},{"floor":19,"key":"Regen Potion"},{"floor":21,"key":"ColorlessPotion"},{"floor":23,"key":"SkillPotion"},{"floor":25,"key":"SteroidPotion"},{"floor":27,"key":"Regen Potion"},{"floor":28,"key":"LiquidBronze"},{"floor":30,"key":"Strength Potion"},{"floor":33,"key":"LiquidMemories"},{"floor":33,"key":"Energy Potion"},{"floor":35,"key":"SkillPotion"},{"floor":36,"key":"Dexterity Potion"},{"floor":40,"key":"SkillPotion"},{"floor":41,"key":"SteroidPotion"},{"floor":45,"key":"EssenceOfSteel"},{"floor":48,"key":"SteroidPotion"}],"is_trial":false,"path_per_floor":["M","?","M","$","?","E","R","M","T","T","M","$","M","E","R","B",null,"M","M","$","M","$","E","R","E","T","M","M","?","M","?","R","B",null,"M","M","?","M","M","E","M","$","T","T","E","R","?","M","R","B"],"character_chosen":"REMILIA","items_purchased":["NightLord","Ornamental Fan","BombardNight","RedBat"],"campfire_rested":0,"item_purchase_floors":[4,20,22,42],"current_hp_per_floor":[75,75,75,75,75,75,75,75,75,75,68,68,65,55,55,59,75,75,71,71,69,69,71,71,74,74,70,75,61,61,61,61,42,80,80,77,77,80,34,37,52,52,52,52,70,70,80,80,80,80,80],"gold":211,"neow_bonus":"THREE_ENEMY_KILL","is_daily":false,"chose_seed":false,"campfire_upgraded":6,"win_rate":0.0,"timestamp":1608701978,"path_taken":["M","?","M","?","?","E","R","M","T","?","M","$","M","E","R","BOSS","M","M","$","M","$","E","R","E","T","M","M","?","M","?","R","BOSS","M","M","?","M","M","E","M","$","T","?","E","R","?","M","R","BOSS"],"items_purchased_type":["Card","Relic","Card","Relic"],"build_version":"2020-12-13","purchased_purges":1,"victory":false,"max_hp_per_floor":[75,75,75,75,75,75,75,75,75,75,75,75,75,75,75,75,75,75,75,75,75,75,75,75,75,75,75,75,80,80,80,80,80,80,80,80,80,80,80,80,80,80,80,80,80,80,80,80,80,80,80],"relic_stats":{"Lizard Tail":0,"Busted Crown":38,"counters":[27,96],"Ornamental Fan":[268],"Tiny Chest":1,"PreservedInsect":147,"Black Star":2,"Orichalcum":[6],"Question Card":3,"obtain_stats":[{"Ice Cream":45,"Calipers":10,"NeowsBlessing":0,"FairyMaid":5,"Thread and Needle":14,"PreservedInsect":23,"Orichalcum":44,"Question Card":43,"Ancient Tea Set":45,"ScarletHat":0,"White Beast Statue":6,"RedBat":42,"Du-Vu Doll":47,"CaptainsWheel":40,"Lizard Tail":40,"Busted Crown":17,"Ornamental Fan":20,"Tiny Chest":25,"Black Star":34,"InkBottle":26,"NlothsMask":2},{"Ice Cream":24,"Calipers":4,"NeowsBlessing":0,"FairyMaid":2,"Thread and Needle":7,"PreservedInsect":12,"Orichalcum":23,"Question Card":23,"Ancient Tea Set":24,"ScarletHat":0,"White Beast Statue":3,"RedBat":23,"Du-Vu Doll":25,"CaptainsWheel":22,"Lizard Tail":22,"Busted Crown":8,"Ornamental Fan":10,"Tiny Chest":13,"Black Star":17,"InkBottle":13,"NlothsMask":1},{"Ice Cream":87,"Calipers":4,"NeowsBlessing":0,"FairyMaid":2,"Thread and Needle":18,"PreservedInsect":42,"Orichalcum":82,"Question Card":82,"Ancient Tea Set":87,"ScarletHat":0,"White Beast Statue":3,"RedBat":82,"Du-Vu Doll":92,"CaptainsWheel":75,"Lizard Tail":75,"Busted Crown":29,"Ornamental Fan":34,"Tiny Chest":48,"Black Star":61,"InkBottle":48,"NlothsMask":1}],"InkBottle":[37]},"card_choices":[{"not_picked":["UnstableMagic","MastersStateliness"],"picked":"FavorOfDestiny","floor":1},{"not_picked":["RedRainbow","BloodHunter"],"picked":"BombardNight","floor":3},{"not_picked":["UnderTheZenith","ChainGang"],"picked":"ScarletImprint","floor":6},{"not_picked":["UnderTheZenith","MastersStateliness"],"picked":"VampireKiss","floor":8},{"not_picked":["MastersStateliness","ScarletDevil"],"picked":"Septette","floor":11},{"not_picked":["BombardNight","MillenniumVampire"],"picked":"AfternoonTea","floor":13},{"not_picked":["FavorOfDestiny","DevilSight"],"picked":"BatForm","floor":14},{"not_picked":["CurseOfVladTepes","ChaoticDestiny"],"picked":"TransientEternity","floor":16},{"not_picked":[],"picked":"DiffusionOfMisfortune+1","floor":18},{"not_picked":[],"picked":"BlasphemousPunishment+1","floor":19},{"not_picked":["UnderTheZenith"],"picked":"SKIP","floor":21},{"not_picked":["NightDance"],"picked":"SKIP","floor":23},{"not_picked":[],"picked":"ScarletDream+1","floor":25},{"not_picked":["NightDance"],"picked":"SKIP","floor":27},{"not_picked":[],"picked":"DemonKingCradle","floor":28},{"not_picked":["CharismaGuard"],"picked":"SKIP","floor":30},{"not_picked":[],"picked":"VampireKiss+1","floor":35},{"not_picked":["VampireFantasy+1"],"picked":"SKIP","floor":36},{"not_picked":["RedMagic"],"picked":"SKIP","floor":38},{"not_picked":[],"picked":"StarOfDavid+1","floor":39},{"not_picked":["ForbiddenFruit+1"],"picked":"SKIP","floor":40},{"not_picked":["ScarletImprint+1"],"picked":"SKIP","floor":41},{"not_picked":["BloodAndWine+1","NightDance"],"picked":"SKIP","floor":45},{"not_picked":["MastersStateliness","VampireFantasy"],"picked":"SKIP","floor":48}],"player_experience":270909,"relics_obtained":[{"floor":6,"key":"White Beast Statue"},{"floor":10,"key":"Calipers"},{"floor":14,"key":"Thread and Needle"},{"floor":23,"key":"PreservedInsect"},{"floor":25,"key":"Tiny Chest"},{"floor":26,"key":"InkBottle"},{"floor":40,"key":"CaptainsWheel"},{"floor":40,"key":"Lizard Tail"},{"floor":43,"key":"Question Card"},{"floor":44,"key":"Orichalcum"},{"floor":45,"key":"Ancient Tea Set"},{"floor":45,"key":"Ice Cream"},{"floor":47,"key":"Du-Vu Doll"}],"event_choices":[{"damage_healed":0,"gold_gain":0,"player_choice":"Trade","damage_taken":0,"relics_obtained":["NlothsMask"],"max_hp_gain":0,"max_hp_loss":0,"event_name":"FaceTrader","floor":2,"gold_loss":0},{"damage_healed":0,"gold_gain":0,"player_choice":"Box","damage_taken":0,"relics_obtained":["FairyMaid"],"max_hp_gain":0,"max_hp_loss":0,"event_name":"Big Fish","floor":5,"gold_loss":0,"cards_obtained":["Regret"]},{"damage_healed":0,"gold_gain":0,"player_choice":"Shed Blood","damage_taken":19,"max_hp_gain":5,"max_hp_loss":0,"event_name":"Forgotten Altar","floor":29,"gold_loss":0},{"cards_removed":["Strike_RM"],"damage_healed":0,"gold_gain":0,"player_choice":"Gave Gold","damage_taken":0,"max_hp_gain":0,"max_hp_loss":0,"event_name":"Beggar","floor":31,"gold_loss":75},{"damage_healed":0,"gold_gain":0,"player_choice":"Memory 1","damage_taken":0,"max_hp_gain":0,"max_hp_loss":0,"event_name":"SensoryStone","floor":37,"gold_loss":0},{"damage_healed":0,"gold_gain":0,"player_choice":"Fight","damage_taken":0,"max_hp_gain":0,"max_hp_loss":0,"event_name":"MindBloom","floor":47,"gold_loss":0}],"is_beta":false,"boss_relics":[{"not_picked":["Velvet Choker","APieceOfRedMist"],"picked":"Busted Crown"},{"not_picked":["SacredBark","Empty Cage"],"picked":"Black Star"}],"items_purged_floors":[12],"is_endless":false,"potions_floor_spawned":[6,8,11,13,14,16,18,19,21,23,25,27,28,30,33,35,36,38,39,40,41,45,47,48],"killed_by":"Donu and Deca","ascension_level":0}}