{"host":"cijwx898anu8dehj","time":1608747856,"event":{"mods":["AchievementEnabler","AlwaysNeverKeys","BaseMod","Colored Map","Colored Powertips","Highlight Path","Minty Spire (QoL Compilation)","Rare Cards Sparkle","Relic Stats","Slay-I"],"gold_per_floor":[109,109,109,120,133,160,172,172,172,207,207,207,14,31,31,31,31],"floor_reached":16,"playtime":800,"items_purged":["Strike_B"],"score":160,"play_id":"f98fce2e-ef69-4acc-8e16-241400e231cf","local_time":"20201223162416","is_ascension_mode":true,"campfire_choices":[{"floor":8,"key":"REST"},{"floor":12,"key":"REST"},{"data":"Go for the Eyes","floor":15,"key":"SMITH"}],"circlet_count":0,"master_deck":["Strike_B","Strike_B","Strike_B","Defend_B","Defend_B","Defend_B","Defend_B","Zap","Dualcast+1","Beam Cell","Conserve Battery","Tempest","Cold Snap","Go for the Eyes+1","Biased Cognition+1","Steam"],"relics":["SlaversCollar","PreservedInsect","Mummified Hand","MealTicket","Letter Opener","Membership Card"],"acts_visited":["Exordium"],"potions_floor_usage":[6,7,10,14],"damage_taken":[{"damage":2,"enemies":"2 Louse","floor":1,"turns":5},{"damage":0,"enemies":"Small Slimes","floor":4,"turns":3},{"damage":13,"enemies":"Jaw Worm","floor":5,"turns":5},{"damage":10,"enemies":"3 Sentries","floor":6,"turns":4},{"damage":6,"enemies":"3 Louse","floor":7,"turns":3},{"damage":14,"enemies":"Lagavulin","floor":10,"turns":5},{"damage":1,"enemies":"Looter","floor":14,"turns":2},{"damage":41,"enemies":"The Guardian","floor":16,"turns":10}],"seed_played":"-568437368888694585","potions_obtained":[{"floor":1,"key":"PowerPotion"},{"floor":6,"key":"Fire Potion"},{"floor":7,"key":"AttackPotion"},{"floor":10,"key":"Energy Potion"}],"is_trial":false,"path_per_floor":["M","?","?","M","M","E","M","R","T","E","?","R","$","M","R","B"],"character_chosen":"DEFECT","items_purchased":["Membership Card"],"campfire_rested":2,"item_purchase_floors":[13],"current_hp_per_floor":[66,66,41,41,28,18,12,34,34,20,5,27,42,41,41,0,0],"gold":31,"neow_bonus":"BOSS_RELIC","is_daily":false,"chose_seed":false,"campfire_upgraded":1,"win_rate":0.0,"timestamp":1608747856,"path_taken":["M","?","?","M","M","E","M","R","T","E","?","R","$","M","R","BOSS"],"items_purchased_type":["Relic"],"build_version":"2020-12-22","purchased_purges":1,"victory":false,"max_hp_per_floor":[75,75,75,75,75,75,75,75,75,75,75,75,75,75,75,75,75],"relic_stats":{"counters":[8,37],"Mummified Hand":[1],"MealTicket":15,"PreservedInsect":64,"Letter Opener":[15],"obtain_stats":[{"SlaversCollar":0,"Mummified Hand":6,"MealTicket":9,"PreservedInsect":3,"Letter Opener":10,"Membership Card":13,"Cracked Core":0},{"SlaversCollar":0,"Mummified Hand":4,"MealTicket":5,"PreservedInsect":1,"Letter Opener":6,"Membership Card":6,"Cracked Core":0},{"SlaversCollar":0,"Mummified Hand":17,"MealTicket":20,"PreservedInsect":5,"Letter Opener":25,"Membership Card":25,"Cracked Core":0}]},"card_choices":[{"not_picked":["Genetic Algorithm","Barrage"],"picked":"Beam Cell","floor":1},{"not_picked":["Double Energy","Scrape"],"picked":"Conserve Battery","floor":4},{"not_picked":["Force Field","Stack"],"picked":"Tempest","floor":5},{"not_picked":["Leap","Doom and Gloom"],"picked":"Cold Snap","floor":6},{"not_picked":["Steam","Steam Power"],"picked":"Go for the Eyes","floor":7},{"not_picked":["Sweeping Beam","Double Energy"],"picked":"Biased Cognition","floor":10},{"not_picked":["Rebound","Static Discharge"],"picked":"Steam","floor":14}],"player_experience":920400,"relics_obtained":[{"floor":6,"key":"Mummified Hand"},{"floor":9,"key":"MealTicket"},{"floor":10,"key":"Letter Opener"}],"event_choices":[{"damage_healed":0,"gold_gain":0,"player_choice":"Ignored","damage_taken":0,"max_hp_gain":0,"max_hp_loss":0,"event_name":"Liars Game","floor":2,"gold_loss":0},{"damage_healed":0,"gold_gain":0,"player_choice":"Success","damage_taken":25,"relics_obtained":["PreservedInsect"],"max_hp_gain":0,"max_hp_loss":0,"event_name":"Scrap Ooze","floor":3,"gold_loss":0},{"damage_healed":0,"gold_gain":0,"player_choice":"Entered Light","damage_taken":15,"max_hp_gain":0,"max_hp_loss":0,"event_name":"Shining Light","floor":11,"gold_loss":0,"cards_upgraded":["Dualcast","Biased Cognition"]}],"is_beta":false,"boss_relics":[],"items_purged_floors":[13],"is_endless":false,"potions_floor_spawned":[1,6,7,10],"killed_by":"The Guardian","ascension_level":9}}