{"host":"hd496gdorkfoob6n","time":1608765201,"event":{"mods":["2.2 Compatiblity","BaseMod","Colored Map","Downfall","Minty Spire (QoL Compilation)","StSLib"],"gold_per_floor":[116,129,129,139,153,153,78,78,132,32,52,52,52,52,52,149,149,162,37,53,68,79,79,11,11,11,30,40,66,77,105,105,210,210,223,223,73,85,85,85,117,117,163,181,181,198,227,240,240,240],"floor_reached":51,"playtime":3937,"items_purged":["Defend_G","Strike_G","Defend_G","Strike_G"],"score":789,"play_id":"d0565de1-edc1-4e91-9c71-6f04f3f8ef2f","local_time":"20201223181321","is_ascension_mode":false,"campfire_choices":[{"data":"Neutralize","floor":6.0,"key":"SMITH"},{"data":"A Thousand Cuts","floor":12.0,"key":"SMITH"},{"data":"Neutralize","floor":15.0,"key":"SMITH"},{"data":"Blade Dance","floor":23.0,"key":"SMITH"},{"data":"Blade Dance","floor":25.0,"key":"SMITH"},{"data":"Blade Dance","floor":32.0,"key":"SMITH"},{"data":"After Image","floor":40,"key":"SMITH"},{"data":"Adrenaline","floor":42,"key":"SMITH"},{"data":"Dodge and Roll","floor":45,"key":"SMITH"},{"data":"Blur","floor":49,"key":"SMITH"}],"circlet_count":0,"master_deck":["Strike_G","Strike_G","Strike_G","Defend_G","Defend_G","Defend_G","Survivor","Neutralize+1","Blade Dance+1","Backflip","A Thousand Cuts+1","Neutralize+1","Blade Dance+1","Blade Dance+1","Footwork+1","After Image+1","Blur+1","Adrenaline+1","Blur+1","Dodge and Roll+1"],"relics":["Ring of the Snake","Orichalcum","Pen Nib","WristBlade","Anchor","Bronze Scales","Sundial","Coffee Dripper","White Beast Statue","Molten Egg 2","Regal Pillow","Pear"],"acts_visited":["Exordium","TheCity","TheBeyond"],"potions_floor_usage":[50],"damage_taken":[{"damage":1.0,"enemies":"Cultist","floor":1.0,"turns":5.0},{"damage":0.0,"enemies":"Small Slimes","floor":2.0,"turns":3.0},{"damage":0.0,"enemies":"Jaw Worm","floor":4.0,"turns":4.0},{"damage":4.0,"enemies":"2 Fungi Beasts","floor":5.0,"turns":3.0},{"damage":11.0,"enemies":"Gremlin Gang","floor":11.0,"turns":6.0},{"damage":25.0,"enemies":"The Guardian","floor":16.0,"turns":13.0},{"damage":0.0,"enemies":"3 Byrds","floor":18.0,"turns":4.0},{"damage":1.0,"enemies":"Chosen","floor":20.0,"turns":4.0},{"damage":5.0,"enemies":"Sentry and Sphere","floor":21.0,"turns":3.0},{"damage":0.0,"enemies":"Cultist and Chosen","floor":22.0,"turns":3.0},{"damage":2.0,"enemies":"Centurion and Healer","floor":27.0,"turns":3.0},{"damage":10.0,"enemies":"Snake Plant","floor":28.0,"turns":4.0},{"damage":0.0,"enemies":"Gremlin Leader","floor":29.0,"turns":4.0},{"damage":9.0,"enemies":"Snecko","floor":30.0,"turns":5.0},{"damage":10.0,"enemies":"Slavers","floor":31.0,"turns":2.0},{"damage":1.0,"enemies":"Champ","floor":33.0,"turns":8.0},{"damage":0.0,"enemies":"Orb Walker","floor":35.0,"turns":1.0},{"damage":0,"enemies":"3 Shapes","floor":38,"turns":3},{"damage":0,"enemies":"Giant Head","floor":41,"turns":8},{"damage":0,"enemies":"Spire Growth","floor":44,"turns":4},{"damage":0,"enemies":"Writhing Mass","floor":46,"turns":6},{"damage":0,"enemies":"Reptomancer","floor":47,"turns":4},{"damage":0,"enemies":"Maw","floor":48,"turns":6},{"damage":9,"enemies":"Donu and Deca","floor":50,"turns":10}],"seed_played":"-1677296643956745538","potions_obtained":[{"floor":1.0,"key":"Strength Potion"},{"floor":5.0,"key":"SteroidPotion"},{"floor":16.0,"key":"LiquidBronze"},{"floor":20.0,"key":"Fire Potion"},{"floor":22.0,"key":"AttackPotion"},{"floor":31.0,"key":"Explosive Potion"},{"floor":41,"key":"Regen Potion"},{"floor":44,"key":"Explosive Potion"}],"is_trial":false,"path_per_floor":["M","M","?","M","M","R","$","?","T","$","M","R","$","?","R","B",null,"M","$","M","M","M","R","$","R","T","M","M","E","M","E","R","B",null,"M","?","$","M","?","R","E","R","T","M","R","M","E","M","R","B",null],"character_chosen":"THE_SILENT","items_purchased":["After Image"],"campfire_rested":0,"item_purchase_floors":[24],"current_hp_per_floor":[76,76,76,76,72,72,72,65,65,65,54,54,54,54,54,29,77,77,77,76,71,71,71,71,71,71,69,59,59,50,40,40,39,77,77,77,77,77,77,77,77,77,77,77,77,77,87,87,87,87],"gold":240,"neow_bonus":"TEN_PERCENT_HP_BONUS","is_daily":false,"chose_seed":false,"campfire_upgraded":10,"win_rate":0.0,"timestamp":1608765201,"path_taken":["M","M","?","M","?","R","$","?","T","$","M","R","?","?","R","BOSS","M","$","M","M","M","R","$","R","T","M","?","E","M","E","R","BOSS","M","?","$","M","?","R","E","R","T","M","R","?","E","M","R","BOSS"],"items_purchased_type":["Card"],"build_version":"2020-12-13","purchased_purges":4,"victory":true,"max_hp_per_floor":[77,77,77,77,77,77,77,77,77,77,77,77,77,77,77,77,77,77,77,77,77,77,77,77,77,77,77,77,77,77,77,77,77,77,77,77,77,77,77,77,77,77,77,77,77,77,87,87,87,87],"card_choices":[{"not_picked":["Escape Plan","Caltrops"],"picked":"Blade Dance","floor":1.0},{"not_picked":["Sucker Punch","Outmaneuver","Dagger Throw"],"picked":"SKIP","floor":2.0},{"not_picked":["Underhanded Strike","Blade Dance"],"picked":"Backflip","floor":4.0},{"not_picked":["Dodge and Roll","Eviscerate","Crippling Poison"],"picked":"SKIP","floor":5.0},{"not_picked":["Poisoned Stab","Blur"],"picked":"A Thousand Cuts","floor":11.0},{"not_picked":["Slice","Dagger Throw","Prepared"],"picked":"SKIP","floor":18.0},{"not_picked":["Backflip","Underhanded Strike+1"],"picked":"Blade Dance","floor":20.0},{"not_picked":["Underhanded Strike","Distraction+1"],"picked":"Blade Dance","floor":21.0},{"not_picked":["Crippling Poison+1","Dodge and Roll"],"picked":"Footwork+1","floor":22.0},{"not_picked":["PiercingWail","Dagger Spray"],"picked":"Blur","floor":27.0},{"not_picked":["Dagger Throw","Quick Slash+1","Endless Agony"],"picked":"SKIP","floor":28.0},{"not_picked":["Blade Dance","Dagger Spray","Leg Sweep"],"picked":"SKIP","floor":29.0},{"not_picked":["Expertise+1","Flying Knee","Dagger Throw"],"picked":"SKIP","floor":30.0},{"not_picked":["Flying Knee","Underhanded Strike","PiercingWail"],"picked":"SKIP","floor":31.0},{"not_picked":["Die Die Die","Corpse Explosion"],"picked":"Adrenaline","floor":33.0},{"not_picked":["Sucker Punch","Acrobatics+1","Masterful Stab"],"picked":"SKIP","floor":35},{"not_picked":["Blade Dance","Heel Hook+1"],"picked":"Blur+1","floor":38},{"not_picked":["Predator+1","Expertise","Underhanded Strike+1"],"picked":"SKIP","floor":41},{"not_picked":["Deflect","Quick Slash+1"],"picked":"Dodge and Roll","floor":44},{"not_picked":["Outmaneuver+1","Acrobatics","Deflect"],"picked":"SKIP","floor":46},{"not_picked":["Quick Slash+1","Bane+1","Dagger Throw+1"],"picked":"SKIP","floor":47},{"not_picked":["Leg Sweep+1","Backflip","Flying Knee+1"],"picked":"SKIP","floor":48}],"player_experience":72324,"relics_obtained":[{"floor":9.0,"key":"Pen Nib"},{"floor":26.0,"key":"Anchor"},{"floor":29.0,"key":"Bronze Scales"},{"floor":31.0,"key":"Sundial"},{"floor":41,"key":"Molten Egg 2"},{"floor":43,"key":"Regal Pillow"},{"floor":47,"key":"Pear"}],"event_choices":[{"damage_healed":0.0,"max_hp_gain":0.0,"max_hp_loss":0.0,"gold_gain":0.0,"event_name":"NoteForYourself","player_choice":"Ignored","floor":3.0,"gold_loss":0.0,"damage_taken":0.0},{"damage_healed":0.0,"max_hp_gain":0.0,"max_hp_loss":0.0,"gold_gain":0.0,"event_name":"Scrap Ooze","player_choice":"Success","floor":8.0,"gold_loss":0.0,"damage_taken":7.0,"relics_obtained":["Orichalcum"]},{"damage_healed":0.0,"max_hp_gain":0.0,"max_hp_loss":0.0,"gold_gain":0.0,"event_name":"Match and Keep!","player_choice":"1 cards matched","floor":14.0,"gold_loss":0.0,"damage_taken":0.0,"cards_obtained":["Neutralize"]},{"damage_healed":0,"gold_gain":0,"player_choice":"Ignored","damage_taken":0,"max_hp_gain":0,"max_hp_loss":0,"event_name":"Tomb of Lord Red Mask","floor":36,"gold_loss":0},{"damage_healed":0,"gold_gain":0,"player_choice":"Gave Potion","damage_taken":0,"relics_obtained":["White Beast Statue"],"max_hp_gain":0,"max_hp_loss":0,"event_name":"WeMeetAgain","floor":39,"gold_loss":0}],"is_beta":false,"boss_relics":[{"not_picked":["Black Star","Ring of the Serpent"],"picked":"WristBlade"},{"not_picked":["Astrolabe","Runic Pyramid"],"picked":"Coffee Dripper"}],"items_purged_floors":[7,10,19,37],"is_endless":false,"potions_floor_spawned":[1,5,16,20,22,27,31,41,44,46,47,48],"ascension_level":0}}