{"host":"90jl2h70xtuoeg0i","time":1608706711,"event":{"mods":["AchievementEnabler","BaseMod","Colored Map","Colored Powertips","Highlight Path","Minty Spire (QoL Compilation)","Relic Stats","ojb\u0027s Info Mod"],"gold_per_floor":[119,132,132,148,160,160,193,210,210,210,236,247,179,197,197,274,274,291,291,291,291],"floor_reached":20,"playtime":2212,"items_purged":[],"score":372,"play_id":"5b50131a-003a-40ef-975c-da5c5544d34a","local_time":"20201223015831","is_ascension_mode":true,"campfire_choices":[{"data":"Terror","floor":6.0,"key":"SMITH"},{"data":"Malaise","floor":10.0,"key":"SMITH"},{"floor":15.0,"key":"REST"}],"circlet_count":0,"master_deck":["AscendersBane","Strike_G","Strike_G","Strike_G","Strike_G","Strike_G","Defend_G","Defend_G","Defend_G","Defend_G","Defend_G","Survivor","Neutralize","Underhanded Strike","Masterful Stab","Terror+1","Dagger Spray","Malaise+1","PiercingWail","Footwork","Unload","Writhe"],"relics":["Runic Pyramid","Bird Faced Urn","StrikeDummy","The Courier","Philosopher\u0027s Stone","Kunai"],"acts_visited":["Exordium","TheCity"],"potions_floor_usage":[18,18],"damage_taken":[{"damage":0.0,"enemies":"2 Louse","floor":1.0,"turns":3.0},{"damage":0.0,"enemies":"Jaw Worm","floor":2.0,"turns":4.0},{"damage":0.0,"enemies":"Cultist","floor":4.0,"turns":3.0},{"damage":9.0,"enemies":"2 Fungi Beasts","floor":5.0,"turns":4.0},{"damage":22.0,"enemies":"3 Sentries","floor":7.0,"turns":10.0},{"damage":0.0,"enemies":"Exordium Wildlife","floor":8.0,"turns":5.0},{"damage":13.0,"enemies":"Gremlin Nob","floor":11.0,"turns":4.0},{"damage":7.0,"enemies":"Blue Slaver","floor":12.0,"turns":3.0},{"damage":0.0,"enemies":"Looter","floor":14.0,"turns":3.0},{"damage":10.0,"enemies":"Hexaghost","floor":16.0,"turns":11.0},{"damage":21,"enemies":"Shell Parasite","floor":18,"turns":3},{"damage":40,"enemies":"Masked Bandits","floor":20,"turns":3}],"seed_played":"-4789539747836143838","potions_obtained":[{"floor":2.0,"key":"SkillPotion"},{"floor":7.0,"key":"AttackPotion"},{"floor":8.0,"key":"Ancient Potion"},{"floor":12.0,"key":"SteroidPotion"}],"is_trial":false,"path_per_floor":["M","M","?","M","M","R","E","M","T","R","E","M","?","M","R","B",null,"M","?","?"],"character_chosen":"THE_SILENT","items_purchased":[],"campfire_rested":1,"item_purchase_floors":[],"current_hp_per_floor":[59,59,59,59,50,50,28,28,28,28,15,8,8,8,27,19,54,33,33,0,0],"gold":291,"neow_bonus":"BOSS_RELIC","is_daily":false,"chose_seed":false,"campfire_upgraded":2,"win_rate":0.0,"timestamp":1608706711,"path_taken":["M","M","?","M","M","R","E","M","T","R","E","M","?","M","R","BOSS","M","?","?"],"items_purchased_type":[],"build_version":"2020-12-22","purchased_purges":0,"victory":false,"max_hp_per_floor":[66,66,66,66,66,66,66,66,66,66,66,66,66,66,66,66,66,66,66,66,66],"relic_stats":{"counters":[12,56],"Bird Faced Urn":[4],"Kunai":[0],"obtain_stats":[{"Bird Faced Urn":7,"Philosopher\u0027s Stone":17,"The Courier":11,"Kunai":19,"StrikeDummy":9,"Ring of the Snake":0,"Runic Pyramid":0},{"Bird Faced Urn":5,"Philosopher\u0027s Stone":10,"The Courier":7,"Kunai":11,"StrikeDummy":6,"Ring of the Snake":0,"Runic Pyramid":0},{"Bird Faced Urn":24,"Philosopher\u0027s Stone":50,"The Courier":33,"Kunai":53,"StrikeDummy":29,"Ring of the Snake":0,"Runic Pyramid":0}]},"card_choices":[{"not_picked":["Flying Knee","Deadly Poison"],"picked":"Underhanded Strike","floor":1.0},{"not_picked":["Setup","Blur"],"picked":"Masterful Stab","floor":2.0},{"not_picked":["Sucker Punch","Poisoned Stab"],"picked":"Terror","floor":4.0},{"not_picked":["Deadly Poison","Outmaneuver"],"picked":"Dagger Spray","floor":5.0},{"not_picked":["Poisoned Stab","Choke"],"picked":"Malaise","floor":7.0},{"not_picked":["Skewer","Blade Dance","Backstab"],"picked":"SKIP","floor":8.0},{"not_picked":["Escape Plan","Sucker Punch"],"picked":"PiercingWail","floor":11.0},{"not_picked":["Deflect","Prepared"],"picked":"Footwork","floor":12.0},{"not_picked":["Poisoned Stab","Dodge and Roll","Deflect"],"picked":"SKIP","floor":14.0},{"not_picked":["Malaise","Tools of the Trade"],"picked":"Unload","floor":16.0},{"not_picked":["Cloak And Dagger","Terror","Quick Slash"],"picked":"SKIP","floor":18},{"not_picked":["Cloak And Dagger","Terror","Quick Slash"],"picked":"SKIP","floor":18}],"player_experience":1400439,"relics_obtained":[{"floor":7.0,"key":"Bird Faced Urn"},{"floor":9.0,"key":"StrikeDummy"},{"floor":11.0,"key":"The Courier"}],"event_choices":[{"damage_healed":0.0,"max_hp_gain":0.0,"max_hp_loss":0.0,"gold_gain":0.0,"event_name":"Liars Game","player_choice":"Ignored","floor":3.0,"gold_loss":0.0,"damage_taken":0.0},{"damage_healed":0.0,"max_hp_gain":0.0,"max_hp_loss":0.0,"gold_gain":0.0,"event_name":"World of Goop","player_choice":"Left Gold","floor":13.0,"gold_loss":68.0,"damage_taken":0.0},{"damage_healed":0,"gold_gain":0,"player_choice":"Opened","damage_taken":0,"relics_obtained":["Kunai"],"max_hp_gain":0,"max_hp_loss":0,"event_name":"The Mausoleum","floor":19,"gold_loss":0,"cards_obtained":["Writhe"]},{"damage_healed":0,"gold_gain":0,"player_choice":"Fought Bandits","damage_taken":0,"max_hp_gain":0,"max_hp_loss":0,"event_name":"Masked Bandits","floor":20,"gold_loss":0}],"is_beta":false,"boss_relics":[{"not_picked":["Busted Crown","Runic Dome"],"picked":"Philosopher\u0027s Stone"}],"items_purged_floors":[],"is_endless":false,"potions_floor_spawned":[2,7,8,12],"killed_by":"Masked Bandits","ascension_level":20}}