{"host":"lh9qfzqeqctr28d2","time":1608704056,"event":{"mods":["BaseMod","Minty Spire (QoL Compilation)","Quick Restart","Relic Stats","Remilia£®¿Ÿ√◊¿Ú—«£©","StSLib"],"gold_per_floor":[117,117,117,178,240,268,31,81,81,206,55,55,105,120,120,216,216,228,294,259,56,67,67,84,84,84,134,169,187,336,348,348,452,452,464,514,576,626,626],"floor_reached":38,"playtime":1815,"items_purged":[],"score":494,"play_id":"72c852ac-c968-4803-b8e3-5395cdcba9df","local_time":"20201223141416","is_ascension_mode":false,"campfire_choices":[{"floor":12.0,"key":"REST"},{"floor":15.0,"key":"REST"},{"data":"DemonKingCradle","floor":23.0,"key":"SMITH"},{"data":"MiserableFate","floor":25,"key":"SMITH"},{"floor":32,"key":"REST"}],"circlet_count":0,"master_deck":["Strike_RM+1","Strike_RM+1","Strike_RM","Defend_RM","Defend_RM","Defend_RM+1","RedMoon+1","ScarletShoot","RedNightlessCastle","RedNightlessCastle","BombardNight","ScarletDevil","BloodHunter","Stigmanizer","ScarletCoffin","DemonKingCradle+1","ScarletImprint+1","ScarletImprint+1","BombardNight+1","MiserableFate+1","BloodAndWine+1","ScarletSymphony","RedRainbow+1","TransientEternity","StarOfDavid+1","BloodHunter+1"],"relics":["ScarletHat","NeowsBlessing","SsserpentHead","TypeBBloodRedTea","WingedGreaves","Shuriken","Omamori","Calling Bell","Art of War","Molten Egg 2","Girya","MealTicket","Nunchaku","Letter Opener","Ice Cream","Shovel","Busted Crown"],"acts_visited":["Exordium","TheCity","TheBeyond"],"potions_floor_usage":[33,33],"damage_taken":[{"damage":0.0,"enemies":"Small Slimes","floor":1.0,"turns":1.0},{"damage":0.0,"enemies":"Jaw Worm","floor":4.0,"turns":1.0},{"damage":0.0,"enemies":"Cultist","floor":5.0,"turns":1.0},{"damage":16.0,"enemies":"Gremlin Nob","floor":6.0,"turns":4.0},{"damage":7.0,"enemies":"Gremlin Gang","floor":14.0,"turns":2.0},{"damage":0.0,"enemies":"Slime Boss","floor":16.0,"turns":8.0},{"damage":18.0,"enemies":"Chosen","floor":18.0,"turns":7.0},{"damage":0.0,"enemies":"3 Byrds","floor":19.0,"turns":4.0},{"damage":0.0,"enemies":"Snecko","floor":22.0,"turns":4.0},{"damage":9,"enemies":"Cultist and Chosen","floor":24,"turns":6},{"damage":100,"enemies":"Gremlin Leader","floor":28,"turns":7},{"damage":10,"enemies":"Centurion and Healer","floor":29,"turns":4},{"damage":8,"enemies":"Snake Plant","floor":31,"turns":3},{"damage":41,"enemies":"Collector","floor":33,"turns":6},{"damage":9,"enemies":"Orb Walker","floor":35,"turns":3},{"damage":15,"enemies":"3 Shapes","floor":37,"turns":2},{"damage":78,"enemies":"2 Orb Walkers","floor":38,"turns":4}],"seed_played":"-3735360558751561474","potions_obtained":[{"floor":4.0,"key":"Energy Potion"},{"floor":6.0,"key":"LiquidBronze"},{"floor":16.0,"key":"Strength Potion"},{"floor":18.0,"key":"Weak Potion"},{"floor":28,"key":"DistilledChaos"},{"floor":29,"key":"AttackPotion"},{"floor":37,"key":"GamblersBrew"}],"is_trial":false,"path_per_floor":["M","?","?","M","M","E","$","?","T","?","$","R","?","M","R","B",null,"M","M","?","$","M","R","M","R","T","?","E","M","?","M","R","B",null,"M","?","M","?"],"character_chosen":"REMILIA","items_purchased":["WingedGreaves","Omamori","Stigmanizer","Nunchaku","BombardNight+1"],"campfire_rested":3,"item_purchase_floors":[7,11,11,21,21],"current_hp_per_floor":[75,68,68,70,70,54,54,39,39,28,28,50,43,40,62,67,75,57,60,60,75,75,75,68,68,68,68,25,25,25,24,46,25,75,68,68,58,0,0],"gold":626,"neow_bonus":"THREE_ENEMY_KILL","is_daily":false,"chose_seed":false,"campfire_upgraded":2,"win_rate":0.0,"timestamp":1608704056,"path_taken":["M","?","?","?","?","E","?","?","T","?","?","R","?","M","R","BOSS","M","?","?","$","M","R","M","R","T","?","E","M","?","M","R","BOSS","M","?","?","?"],"items_purchased_type":["Relic","Relic","Card","Relic","Card"],"build_version":"2020-12-22","purchased_purges":0,"victory":false,"max_hp_per_floor":[75,75,75,75,75,75,75,75,75,75,75,75,75,75,75,75,75,75,75,75,75,75,75,75,75,75,75,75,75,75,75,75,75,75,75,75,75,75,75],"relic_stats":{"SsserpentHead":700,"Nunchaku":[10],"Shovel":0,"Busted Crown":4,"counters":[17,67],"Shuriken":[24],"MealTicket":15,"Art of War":[2],"Letter Opener":[40],"obtain_stats":[{"Ice Cream":28,"Girya":17,"TypeBBloodRedTea":6,"NeowsBlessing":0,"Omamori":11,"Letter Opener":26,"ScarletHat":0,"Calling Bell":17,"SsserpentHead":3,"Nunchaku":21,"Shovel":29,"Busted Crown":34,"Shuriken":9,"Molten Egg 2":17,"MealTicket":20,"WingedGreaves":7,"Art of War":17},{"Ice Cream":11,"Girya":6,"TypeBBloodRedTea":4,"NeowsBlessing":0,"Omamori":4,"Letter Opener":10,"ScarletHat":0,"Calling Bell":6,"SsserpentHead":1,"Nunchaku":8,"Shovel":12,"Busted Crown":14,"Shuriken":4,"Molten Egg 2":6,"MealTicket":8,"WingedGreaves":4,"Art of War":6},{"Ice Cream":45,"Girya":17,"TypeBBloodRedTea":7,"NeowsBlessing":0,"Omamori":7,"Letter Opener":38,"ScarletHat":0,"Calling Bell":17,"SsserpentHead":1,"Nunchaku":28,"Shovel":49,"Busted Crown":58,"Shuriken":7,"Molten Egg 2":17,"MealTicket":28,"WingedGreaves":7,"Art of War":17}]},"card_choices":[{"not_picked":["ScarletDevil","ScarletImprint"],"picked":"RedNightlessCastle","floor":1.0},{"not_picked":["ScarletDevil","ScarletImprint"],"picked":"RedNightlessCastle","floor":1.0},{"not_picked":["ScarletSymphony","VampireKiss"],"picked":"BombardNight","floor":4.0},{"not_picked":["ScarletImprint","BombardNight"],"picked":"ScarletDevil","floor":5.0},{"not_picked":["Ultimatum","EmergencyRegeneration"],"picked":"BloodHunter","floor":6.0},{"not_picked":["UltimateOffering","NightDance"],"picked":"ScarletCoffin","floor":14.0},{"not_picked":["ScarletMeister","ForecastOfChange"],"picked":"DemonKingCradle","floor":16.0},{"not_picked":["MiserableFate","Stigmanizer+1"],"picked":"ScarletImprint+1","floor":18.0},{"not_picked":["CharismaGuard","GlobalNightmare"],"picked":"ScarletImprint+1","floor":19.0},{"not_picked":["FavorOfDestiny","CharismaGuard"],"picked":"MiserableFate","floor":22.0},{"not_picked":["RedRainbow+1","DevilSight"],"picked":"BloodAndWine+1","floor":24},{"not_picked":["MiserableFate+1","EmergencyRegeneration","BloodRain"],"picked":"SKIP","floor":28},{"not_picked":["ScarletDream+1","MiserableFate"],"picked":"RedRainbow+1","floor":29},{"not_picked":["BombardNight+1","UnstableMagic","MiserableFate"],"picked":"SKIP","floor":31},{"not_picked":["DemonKingCradle","QueenOfMidnight"],"picked":"TransientEternity","floor":33},{"not_picked":[],"picked":"StarOfDavid+1","floor":35},{"not_picked":[],"picked":"BloodHunter+1","floor":37}],"player_experience":342434,"relics_obtained":[{"floor":6.0,"key":"TypeBBloodRedTea"},{"floor":9.0,"key":"Shuriken"},{"floor":17.0,"key":"Art of War"},{"floor":17.0,"key":"Molten Egg 2"},{"floor":17.0,"key":"Girya"},{"floor":26,"key":"Letter Opener"},{"floor":28,"key":"Ice Cream"},{"floor":29,"key":"Shovel"}],"event_choices":[{"cards_removed":["Defend_RM"],"damage_healed":0.0,"max_hp_gain":0.0,"max_hp_loss":0.0,"gold_gain":0.0,"event_name":"Golden Wing","player_choice":"Card Removal","floor":2.0,"gold_loss":0.0,"damage_taken":7.0},{"damage_healed":0.0,"max_hp_gain":0.0,"max_hp_loss":0.0,"gold_gain":0.0,"event_name":"FaceTrader","player_choice":"Trade","floor":3.0,"gold_loss":0.0,"damage_taken":0.0,"relics_obtained":["SsserpentHead"]},{"damage_healed":0.0,"max_hp_gain":0.0,"max_hp_loss":0.0,"gold_gain":0.0,"event_name":"Shining Light","player_choice":"Entered Light","floor":8.0,"gold_loss":0.0,"damage_taken":15.0,"cards_upgraded":["Strike_RM","Defend_RM"]},{"damage_healed":0.0,"max_hp_gain":0.0,"max_hp_loss":0.0,"gold_gain":75.0,"event_name":"World of Goop","player_choice":"Gather Gold","floor":10.0,"gold_loss":0.0,"damage_taken":11.0},{"damage_healed":0.0,"max_hp_gain":0.0,"max_hp_loss":0.0,"gold_gain":0.0,"event_name":"Wheel of Change","player_choice":"Damaged","floor":13.0,"gold_loss":0.0,"damage_taken":7.0},{"damage_healed":0.0,"max_hp_gain":0.0,"max_hp_loss":0.0,"gold_gain":0.0,"event_name":"Addict","player_choice":"Obtained Relic","floor":20.0,"gold_loss":85.0,"damage_taken":0.0,"relics_obtained":["MealTicket"]},{"damage_healed":0,"gold_gain":0,"player_choice":"Read","damage_taken":0,"max_hp_gain":0,"max_hp_loss":0,"event_name":"The Library","floor":27,"gold_loss":0,"cards_obtained":["ScarletSymphony"]},{"damage_healed":0,"gold_gain":99,"player_choice":"Stole From Cult","damage_taken":0,"max_hp_gain":0,"max_hp_loss":0,"event_name":"Nest","floor":30,"gold_loss":0},{"cards_removed":["Strike_RM"],"damage_healed":0,"gold_gain":0,"player_choice":"Offered Basic","damage_taken":0,"max_hp_gain":0,"max_hp_loss":0,"event_name":"Bonfire Elementals","floor":36,"gold_loss":0},{"damage_healed":0,"gold_gain":0,"player_choice":"Fight","damage_taken":0,"max_hp_gain":0,"max_hp_loss":0,"event_name":"Mysterious Sphere","floor":38,"gold_loss":0}],"is_beta":false,"boss_relics":[{"not_picked":["Tiny House","Empty Cage"],"picked":"Calling Bell"},{"not_picked":["APieceOfRedMist","Cursed Key"],"picked":"Busted Crown"}],"items_purged_floors":[],"is_endless":false,"potions_floor_spawned":[4,6,18,28,29,31,37],"killed_by":"2 Orb Walkers","ascension_level":0}}