{"host":"v4s5k3c6jywmeofl","time":1608702164,"event":{"mods":["Act Like it!","BaseMod","Colored Map","Downfall","Gensokyo","Hallownest","Hermit","Marisa????????","Minty Spire (QoL Compilation)","Quick Restart","Random Character Button","Rare Cards Sparkle","Replay The Spire","StSLib","The Animator","The Bug Knight","The Cursed","The Hierophant","The Servant 0.9.4"],"gold_per_floor":[109,135,135,151,151,185,196,196,219,231,241,166,166,200,200,298,298,312,81,92,102,117,117,143,143,168,168,20,48,9,38,38,142,142,160,191,191,191],"floor_reached":37,"playtime":2529,"items_purged":[],"score":504,"play_id":"f9302217-6d53-4d17-9128-715ea0f25560","local_time":"20201223004244","is_ascension_mode":false,"campfire_choices":[{"floor":8,"key":"REST"},{"floor":13,"key":"REST"},{"data":"hermit:LoneWolf","floor":15,"key":"SMITH"},{"floor":23,"key":"REST"},{"floor":25,"key":"REST"},{"floor":32,"key":"REST"}],"circlet_count":0,"master_deck":["hermit:Strike_Hermit","hermit:Strike_Hermit","hermit:Strike_Hermit","hermit:Defend_Hermit","hermit:Defend_Hermit","hermit:Defend_Hermit","hermit:Defend_Hermit","hermit:Snapshot","hermit:Covet","hermit:Dive","hermit:LoneWolf+1","hermit:CalledShot","hermit:Vantage","hermit:Roughhouse","hermit:Spite","hermit:Snipe","Hallownest:skillGreenpathMap","hermit:EyeOfTheStorm","hermit:HighNoon","hermit:Deadeye","hermit:Combo","hermit:Vantage","hermit:GoldenBullet","hermit:SprayPray","hermit:Deadeye+1","Doubt","Wraith","hermit:Dissolve","hermit:DeadOrAlive","hermit:HighCaliber+1","hermit:BigShot","hermit:LoneWolf+1","hermit:Gambit","AbeCurse","hermit:CalledShot","hermit:EyeOfTheStorm"],"relics":["hermit:Momento","NeowsBlessing","Happy Flower","Hallownest:TeacherSealRelic","Hallownest:SalubrasBlessingRelic","Boot","Bag of Preparation","Bag of Marbles","Empty Cage","ReplayTheSpireMod:TigerMarble","ReplayFunnel","Pen Nib","ReplayTheSpireMod:CursedCoin","Potion Belt","Abe\u0027s Treasure"],"acts_visited":["Hallownest:Greenpath","Hallownest:CityofTears","Hallownest:KingdomsEdge"],"potions_floor_usage":[22,24],"damage_taken":[{"damage":0,"enemies":"Hallownest:2_Baldur","floor":1,"turns":1},{"damage":0,"enemies":"Hallownest:eliteVengeflyKing","floor":2,"turns":1},{"damage":0,"enemies":"Hallownest:monsterHuskGuard","floor":4,"turns":1},{"damage":47,"enemies":"Hallownest:eliteCrystalGuardian","floor":6,"turns":7},{"damage":1,"enemies":"Hallownest:monsterHuskWarrior","floor":7,"turns":4},{"damage":1,"enemies":"Hallownest:monsterAspidMother","floor":10,"turns":5},{"damage":0,"enemies":"Hallownest:monsterFoolEater","floor":11,"turns":2},{"damage":5,"enemies":"Hallownest:eliteVengeflyKing","floor":14,"turns":4},{"damage":48,"enemies":"Hallownest:BossFalseKnight","floor":16,"turns":10},{"damage":0,"enemies":"Hallownest:2_Mistakes","floor":18,"turns":5},{"damage":0,"enemies":"Hallownest:3_Youths","floor":20,"turns":7},{"damage":4,"enemies":"Hallownest:monsterShrumalOgre","floor":21,"turns":2},{"damage":65,"enemies":"Hallownest:2_Flukemon","floor":22,"turns":6},{"damage":0,"enemies":"Hallownest:Nosk","floor":24,"turns":6},{"damage":34,"enemies":"Hallownest:Master_and_Novice","floor":29,"turns":6},{"damage":15,"enemies":"Hallownest:eliteSoulWarrior","floor":31,"turns":3},{"damage":33,"enemies":"Hallownest:BossGrimm","floor":33,"turns":13},{"damage":31,"enemies":"Hallownest:3_Siblings","floor":35,"turns":9},{"damage":34,"enemies":"Hallownest:2_Littles","floor":36,"turns":5}],"seed_played":"-7010755319836345754","potions_obtained":[{"floor":1,"key":"BlessingOfTheForge"},{"floor":4,"key":"Energy Potion"},{"floor":7,"key":"Elixir"},{"floor":29,"key":"BlessingOfTheForge"},{"floor":33,"key":"Strength Potion"},{"floor":35,"key":"champ:CounterPotion"}],"is_trial":false,"path_per_floor":["M","?","?","M","?","E","M","R","T","M","M","?","R","E","R","B",null,"M","$","M","M","M","R","E","R","T","?","$","M","$","E","R","B",null,"M","M","?"],"character_chosen":"HERMIT","items_purchased":["hermit:Combo","ReplayTheSpireMod:TigerMarble","ReplayTheSpireMod:CursedCoin","hermit:Dissolve","hermit:DeadOrAlive","hermit:BigShot"],"campfire_rested":5,"item_purchase_floors":[19,19,28,28,28,30],"current_hp_per_floor":[75,75,75,75,75,28,27,51,51,50,50,50,75,70,70,22,79,79,79,79,75,18,43,43,69,69,69,69,35,35,20,46,13,85,54,20,0,0],"gold":191,"neow_bonus":"THREE_ENEMY_KILL","is_daily":false,"chose_seed":false,"campfire_upgraded":1,"win_rate":0.0,"timestamp":1608702164,"path_taken":["M","?","?","?","?","E","M","R","T","M","M","?","R","E","R","BOSS","M","$","M","M","M","R","E","R","T","?","?","M","$","E","R","BOSS","M","?","?"],"items_purchased_type":["Card","Relic","Relic","Card","Card","Card"],"build_version":"2020-12-22","purchased_purges":0,"victory":false,"max_hp_per_floor":[75,75,75,75,75,75,75,77,77,77,77,77,79,79,79,79,79,79,79,79,79,79,81,81,83,83,83,83,83,83,83,85,85,85,85,85,85,85],"card_choices":[{"not_picked":["hermit:ShadowCloak","hermit:PistolWhip"],"picked":"hermit:Dive","floor":1},{"not_picked":["hermit:FromBeyond","hermit:Misfire"],"picked":"hermit:LoneWolf","floor":2},{"not_picked":["hermit:Cheat","hermit:BodyArmor"],"picked":"hermit:CalledShot","floor":4},{"not_picked":["hermit:Quickdraw","hermit:FlashPowder"],"picked":"hermit:Vantage","floor":6},{"not_picked":["hermit:Brawl","hermit:LowProfile"],"picked":"hermit:Roughhouse","floor":7},{"not_picked":["hermit:LowProfile","hermit:Desperado"],"picked":"hermit:Spite","floor":10},{"not_picked":["hermit:Feint","hermit:Desperado"],"picked":"hermit:Snipe","floor":11},{"not_picked":["hermit:GhostlyPresence","hermit:Enervate"],"picked":"hermit:EyeOfTheStorm","floor":14},{"not_picked":["hermit:EternalForm","hermit:Purgatory"],"picked":"hermit:HighNoon","floor":16},{"not_picked":["hermit:Roulette","hermit:SprayPray+1"],"picked":"hermit:Deadeye","floor":18},{"not_picked":["hermit:FlashPowder","hermit:PistolWhip"],"picked":"hermit:Vantage","floor":20},{"not_picked":["hermit:Combo","hermit:CalledShot"],"picked":"hermit:GoldenBullet","floor":21},{"not_picked":["hermit:Vantage+1","hermit:Dive+1"],"picked":"hermit:SprayPray","floor":22},{"not_picked":["hermit:Malice","hermit:WideOpen"],"picked":"hermit:Deadeye+1","floor":24},{"not_picked":["hermit:BodyArmor","hermit:Desperado+1"],"picked":"hermit:HighCaliber+1","floor":29},{"not_picked":["hermit:HighNoon","hermit:HighCaliber+1"],"picked":"hermit:LoneWolf+1","floor":31},{"not_picked":["hermit:FromBeyond","hermit:FatalDesire"],"picked":"hermit:Gambit","floor":33},{"not_picked":["hermit:Coalescence","hermit:Maintenance"],"picked":"hermit:CalledShot","floor":35},{"not_picked":["hermit:OverwhelmingPower","hermit:Desperado+1"],"picked":"hermit:EyeOfTheStorm","floor":36}],"player_experience":139895,"relics_obtained":[{"floor":2,"key":"Happy Flower"},{"floor":6,"key":"Boot"},{"floor":9,"key":"Bag of Preparation"},{"floor":14,"key":"Bag of Marbles"},{"floor":24,"key":"ReplayFunnel"},{"floor":26,"key":"Pen Nib"},{"floor":31,"key":"Potion Belt"}],"event_choices":[],"is_beta":false,"boss_relics":[{"not_picked":["Kintsugi","hermit:DentedPlate"],"picked":"Empty Cage"},{"not_picked":["ChewingGum","Astrolabe"],"picked":"Abe\u0027s Treasure"}],"items_purged_floors":[],"is_endless":false,"potions_floor_spawned":[1,4,7,14,20,29,33,35],"ascension_level":0}}