{"host":"Melcetto","time":1608757992,"event":{"mods":["AlwaysNeverKeys","BaseMod","Better Vampires","Colored Map","Colored Powertips","DeckTracker","Emptier Cage","Minty Spire (QoL Compilation)","Permanent Neow","Quick Restart","Random Character Button","Rare Cards Sparkle","Relic Sorter","Relic Stats","StSLib","Transform Curses"],"gold_per_floor":[119,137,137,137,137,166,166,196,223,223,241,276,25,37,37,37,37],"floor_reached":16,"playtime":4633,"items_purged":[],"score":236,"play_id":"99e5584a-50f9-44db-8da6-bc071fd6ced5","local_time":"20201223161312","is_ascension_mode":true,"campfire_choices":[{"floor":7,"key":"REST"},{"floor":10,"key":"REST"},{"data":"Defend_R","floor":15,"key":"SMITH"}],"circlet_count":0,"master_deck":["AscendersBane","Strike_R","Strike_R","Strike_R","Strike_R","Defend_R+1","Defend_R+1","Defend_R","Defend_R","Bash+1","Headbutt","Pommel Strike+1","Barricade","Exhume"],"relics":["Burning Blood","Smiling Mask","Anchor","Pen Nib","Letter Opener","Toolbox"],"acts_visited":["Exordium"],"potions_floor_usage":[12,16],"damage_taken":[{"damage":6,"enemies":"2 Louse","floor":1,"turns":3},{"damage":12,"enemies":"Small Slimes","floor":2,"turns":4},{"damage":23,"enemies":"3 Sentries","floor":6,"turns":10},{"damage":28,"enemies":"Gremlin Nob","floor":8,"turns":4},{"damage":0,"enemies":"Jaw Worm","floor":11,"turns":2},{"damage":15,"enemies":"Lagavulin","floor":12,"turns":7},{"damage":11,"enemies":"Large Slime","floor":14,"turns":5},{"damage":29,"enemies":"The Guardian","floor":16,"turns":10}],"seed_played":"-1860543028331333907","potions_obtained":[{"floor":8,"key":"Strength Potion"},{"floor":11,"key":"Weak Potion"}],"is_trial":false,"path_per_floor":["M","M","?","?","?","E","R","E","T","R","M","E","$","M","R","B"],"character_chosen":"IRONCLAD","items_purchased":["Barricade","Toolbox"],"campfire_rested":2,"item_purchase_floors":[13,13],"current_hp_per_floor":[68,62,62,39,32,15,37,15,15,37,43,34,34,29,29,0,0],"gold":37,"neow_bonus":"UPGRADE_CARD","is_daily":false,"chose_seed":false,"campfire_upgraded":1,"win_rate":0.0,"timestamp":1608757992,"path_taken":["M","M","?","?","?","E","R","E","T","R","M","E","$","M","R","BOSS"],"items_purchased_type":["Card","Relic"],"build_version":"2020-12-18","purchased_purges":0,"victory":false,"max_hp_per_floor":[75,75,75,75,75,75,75,75,75,75,75,75,75,75,75,75,75],"relic_stats":{"counters":[8,45],"Pen Nib":[3],"Letter Opener":[10],"Smiling Mask":0,"obtain_stats":[{"Anchor":8,"Toolbox":13,"Pen Nib":9,"Letter Opener":12,"Smiling Mask":6,"Burning Blood":0},{"Anchor":4,"Toolbox":6,"Pen Nib":4,"Letter Opener":6,"Smiling Mask":3,"Burning Blood":0},{"Anchor":21,"Toolbox":30,"Pen Nib":21,"Letter Opener":30,"Smiling Mask":17,"Burning Blood":0}],"Burning Blood":42},"card_choices":[{"not_picked":["Flex","Entrench"],"picked":"Headbutt","floor":1},{"not_picked":["Shrug It Off","Clash"],"picked":"Pommel Strike","floor":2},{"not_picked":["Iron Wave","Anger","Heavy Blade"],"picked":"SKIP","floor":6},{"not_picked":["Heavy Blade","Searing Blow","Anger"],"picked":"SKIP","floor":8},{"not_picked":["Havoc","Heavy Blade","Pommel Strike"],"picked":"SKIP","floor":11},{"not_picked":["Clothesline","Havoc","Anger"],"picked":"SKIP","floor":12},{"not_picked":["Wild Strike","Sever Soul"],"picked":"Exhume","floor":14}],"player_experience":18752865,"relics_obtained":[{"floor":6,"key":"Smiling Mask"},{"floor":8,"key":"Anchor"},{"floor":9,"key":"Pen Nib"},{"floor":12,"key":"Letter Opener"}],"event_choices":[{"damage_healed":0,"gold_gain":0,"player_choice":"Ignored","damage_taken":0,"max_hp_gain":0,"max_hp_loss":0,"event_name":"Liars Game","floor":3,"gold_loss":0},{"damage_healed":0,"gold_gain":0,"player_choice":"Entered Light","damage_taken":23,"max_hp_gain":0,"max_hp_loss":0,"event_name":"Shining Light","floor":4,"gold_loss":0,"cards_upgraded":["Pommel Strike","Defend_R"]},{"cards_removed":["Strike_R"],"damage_healed":0,"gold_gain":0,"player_choice":"Card Removal","damage_taken":7,"max_hp_gain":0,"max_hp_loss":0,"event_name":"Golden Wing","floor":5,"gold_loss":0}],"is_beta":true,"boss_relics":[],"items_purged_floors":[],"is_endless":false,"potions_floor_spawned":[8,11],"killed_by":"The Guardian","ascension_level":20}}