{"host":"toh0bbw446wnuexf","time":1608695033,"event":{"mods":["BaseMod","Downfall","Hermit","Minty Spire (QoL Compilation)","Random Character Button","StSLib"],"gold_per_floor":[99,99,99,99,99,99,99,211,223,254,332,394,422,452,478,490,490,490],"floor_reached":16,"playtime":1594,"items_purged":[],"score":90,"play_id":"356e7aa5-ea33-42b8-8987-e6946a2676be","local_time":"20201223164353","is_ascension_mode":false,"campfire_choices":[{"data":"champ:Taunt","floor":1,"key":"SMITH"},{"data":"champ:GladiatorStyle","floor":9,"key":"SMITH"}],"circlet_count":0,"master_deck":["champ:Strike","champ:Strike","champ:Strike","champ:Strike","champ:Defend","champ:Defend","champ:Defend","champ:Defend","champ:Execute","champ:Taunt+1","champ:FocusedBerserking","champ:ArenaPreparation","champ:GladiatorStyle+1"],"relics":["champ:ChampionCrown","downfall:HeartsMalice","champ:LiftRelic","MawBank","downfall:CloakOfManyFaces","CultistMask","FaceOfCleric","NlothsMask","GremlinMask","SsserpentHead"],"acts_visited":["Exordium"],"potions_floor_usage":[13],"damage_taken":[{"damage":0,"enemies":"Jaw Worm","floor":2,"turns":1},{"damage":0,"enemies":"Cultist","floor":3,"turns":1},{"damage":0,"enemies":"Small Slimes","floor":4,"turns":1},{"damage":104,"enemies":"downfall:FaceTrader","floor":8,"turns":10},{"damage":28,"enemies":"2 Fungi Beasts","floor":10,"turns":3},{"damage":10,"enemies":"Exordium Wildlife","floor":11,"turns":3},{"damage":33,"enemies":"Gremlin Gang","floor":13,"turns":6},{"damage":25,"enemies":"2 Fungi Beasts","floor":14,"turns":3},{"damage":17,"enemies":"Exordium Thugs","floor":15,"turns":5},{"damage":22,"enemies":"downfall:Defect","floor":16,"turns":2}],"seed_played":"-7099693275890155314","potions_obtained":[{"floor":11,"key":"PowerPotion"},{"floor":13,"key":"EntropicBrew"},{"floor":15,"key":"Block Potion"}],"is_trial":false,"path_per_floor":["R","M","M","M","?","?","T","?","R","M","M","?","M","M","M","B"],"character_chosen":"THE_CHAMP","items_purchased":[],"campfire_rested":0,"item_purchase_floors":[],"current_hp_per_floor":[90,90,90,90,90,90,90,41,41,42,43,34,32,28,22,0,0,0],"gold":490,"neow_bonus":"THREE_ENEMY_KILL","is_daily":false,"chose_seed":false,"campfire_upgraded":2,"win_rate":0.0,"timestamp":1608695033,"path_taken":["R","M","M","M","?","?","T","?","R","M","?","?","M","M","M","BOSS"],"items_purchased_type":[],"build_version":"2020-12-13","purchased_purges":0,"victory":false,"max_hp_per_floor":[90,90,90,90,90,90,90,90,90,91,92,92,93,94,95,95,95,95],"card_choices":[{"not_picked":["champ:FlashCut","champ:TornadoPunch"],"picked":"champ:FocusedBerserking","floor":2},{"not_picked":["champ:Encircle","champ:FocusedBerserking"],"picked":"champ:ArenaPreparation","floor":3},{"not_picked":["champ:Riposte","champ:GladiatorsShout"],"picked":"champ:GladiatorStyle","floor":4},{"not_picked":["champ:AdrenalArmor","champ:HoldFirm","champ:BringItOn"],"picked":"SKIP","floor":10},{"not_picked":["champ:EnragedBash","champ:FanOfKnives","champ:Duel"],"picked":"SKIP","floor":11},{"not_picked":["champ:FlashCut","champ:PerfectedStrike","champ:GutPunch"],"picked":"SKIP","floor":13},{"not_picked":["champ:BringItOn","champ:BerserkersShout","champ:FlashCut"],"picked":"SKIP","floor":14},{"not_picked":["champ:Encircle","champ:PerfectedStrike","champ:Backstep"],"picked":"SKIP","floor":15}],"player_experience":511700,"relics_obtained":[{"floor":7,"key":"MawBank"},{"floor":8,"key":"downfall:CloakOfManyFaces"}],"event_choices":[{"damage_healed":0,"gold_gain":0,"player_choice":"Damaged","damage_taken":9,"max_hp_gain":0,"max_hp_loss":0,"event_name":"Wheel of Change","floor":12,"gold_loss":0}],"is_beta":false,"boss_relics":[],"items_purged_floors":[],"is_endless":false,"potions_floor_spawned":[11,13,14,15],"killed_by":"downfall:Defect","ascension_level":0}}