{"host":"580ga1x1z8x1b2ni","time":1608733283,"event":{"mods":["Act Like it!","BaseMod","BetterRewards","Hallownest","Hubris","Minty Spire (QoL Compilation)","Replay The Spire","StSLib","Waifu the Spire","[IsaacMod]ÒÔÈö¼âËþ","vexMod"],"gold_per_floor":[111,125,125,125,17,44,44,44,44,44,62,88,88,104,104,209,209,220,130,148,227,321,355,355,381,407,442,442,442,475,485,485,582,582,593,593,495,495,286,286,306,306,306,96,36,36,56,69,69,69,69,69,13,43,43],"floor_reached":56,"playtime":4843,"items_purged":["Strike_G","Strike_G","Strike_G","Strike_G","Hallownest:attackAdjustingAction","Amnesia"],"score":1581,"play_id":"62981f10-9433-492a-b59f-71151afec103","local_time":"20201223222123","is_ascension_mode":true,"campfire_choices":[{"data":"hubris:DuctTapeCard","floor":7.0,"key":"SMITH"},{"data":"Survivor","floor":10.0,"key":"SMITH"},{"data":"hubris:Sniper","floor":15.0,"key":"SMITH"},{"data":"After Image","floor":24.0,"key":"SMITH"},{"data":"Strike_G","floor":32,"key":"PURGE"},{"data":"Tools of the Trade","floor":40,"key":"SMITH"},{"data":"Cloak And Dagger","floor":42,"key":"SMITH"},{"data":"A Thousand Cuts","floor":46,"key":"SMITH"},{"floor":49,"key":"RECALL"},{"data":"Blade Dance","floor":52,"key":"SMITH"}],"circlet_count":0,"master_deck":["Defend_G","Defend_G","Defend_G","Defend_G","Survivor+1","Neutralize","Night Terror","Blade Dance+1","hubris:Sniper+1","Prepared","Backflip","After Image+1","Tools of the Trade+1","Escape Plan","Hidden Blade","hubris:DuctTapeCard","Terror+1","A Thousand Cuts+1","Hidden Blade","Cloak And Dagger+1","Escape Plan+1","Caltrops+1"],"relics":["Ring of the Snake","HushsDoor","PillsDrop","NeowsBlessing","hubris:Towel","hubris:DuctTape","Replay:Bottled Snecko","Happy Flower","Ninja Scroll","Philosopher\u0027s Stone","JudasShadow","Hallownest:StagBellRelic1","InkBottle","hubris:AncientText","TuHaoJin","Strawberry","hubris:Zylophone","Pet Ghost","vexMod:TanglingVine","BargainBundle","Membership Card","ReplayTheSpireMod:CursedCoin","Snack Pack","TheBean"],"acts_visited":["Exordium","Hallownest:CityofTears","Hallownest:KingdomsEdge","TheEnding"],"potions_floor_usage":[55],"damage_taken":[{"damage":0.0,"enemies":"2 Louse","floor":1.0,"turns":1.0},{"damage":0.0,"enemies":"Jaw Worm","floor":2.0,"turns":1.0},{"damage":0.0,"enemies":"Lagavulin","floor":6.0,"turns":1.0},{"damage":0.0,"enemies":"Small Slimes","floor":11.0,"turns":4.0},{"damage":0.0,"enemies":"3 Sentries","floor":12.0,"turns":2.0},{"damage":1.0,"enemies":"3 Louse","floor":14.0,"turns":5.0},{"damage":26.0,"enemies":"Hexaghost","floor":16.0,"turns":11.0},{"damage":0.0,"enemies":"Hallownest:Guard_and_Sentry","floor":18.0,"turns":7.0},{"damage":0.0,"enemies":"Hallownest:2_Mistakes","floor":20.0,"turns":10.0},{"damage":16.0,"enemies":"Hallownest:eliteSoulWarrior","floor":23.0,"turns":11.0},{"damage":0.0,"enemies":"Hallownest:eliteWatcherKnight","floor":25.0,"turns":23.0},{"damage":0.0,"enemies":"Hallownest:Nosk","floor":27.0,"turns":7.0},{"damage":0.0,"enemies":"Hallownest:monsterMisterMushroom","floor":29.0,"turns":9.0},{"damage":0,"enemies":"Hallownest:eliteSoulWarrior","floor":30,"turns":11},{"damage":2,"enemies":"Hallownest:monsterShrumalOgre","floor":31,"turns":7},{"damage":0,"enemies":"Hallownest:BossGrimm","floor":33,"turns":14},{"damage":0,"enemies":"Hallownest:3_Siblings","floor":35,"turns":9},{"damage":0,"enemies":"Hallownest:2_Littles","floor":41,"turns":5},{"damage":0,"enemies":"Hallownest:monsterPrimalAspid","floor":47,"turns":4},{"damage":0,"enemies":"Hallownest:2_Soldiers_and_1_Guardian","floor":48,"turns":6},{"damage":1,"enemies":"Hallownest:BossGreyPrinceZote","floor":50,"turns":9},{"damage":0,"enemies":"Shield and Spear","floor":54,"turns":6},{"damage":73,"enemies":"The Heart","floor":55,"turns":8}],"seed_played":"-5352145880526707538","potions_obtained":[{"floor":1.0,"key":"Reflective Coating"},{"floor":11.0,"key":"Elixir"},{"floor":12.0,"key":"ColorlessPotion"},{"floor":20.0,"key":"Energy Potion"},{"floor":35,"key":"Doom Potion"}],"is_trial":false,"path_per_floor":["M","M","?","?","$","E","R","?","T","R","M","E","T","M","R","B",null,"M","?","M","T","?","E","R","E","T","E","?","M","E","M","R","B",null,"M","?","$","?","$","R","M","R","T","$","?","R","M","M","R","B",null,"R","$","E","B",null],"character_chosen":"THE_SILENT","items_purchased":["Footwork","Blade Dance","JudasShadow","FairyPotion","Tools of the Trade","Hidden Blade","BargainBundle","Cloak And Dagger","Membership Card","ReplayTheSpireMod:CursedCoin","Snack Pack"],"campfire_rested":0,"item_purchase_floors":[5,5,17,17,17,37,39,39,44,53,53],"current_hp_per_floor":[70,70,70,70,70,70,70,75,75,75,75,75,75,74,74,48,49,49,49,49,49,34,18,18,18,25,25,25,25,25,23,23,23,49,49,49,49,41,41,41,41,41,41,41,48,48,48,48,48,47,56,56,56,56,1],"gold":43,"neow_bonus":"THREE_ENEMY_KILL","is_daily":false,"chose_seed":false,"campfire_upgraded":8,"win_rate":0.0,"timestamp":1608733283,"path_taken":["M","M","?","?","$","E","R","?","T","R","?","E","?","M","R","BOSS","M","?","?","?","?","E","R","E","T","E","?","M","E","M","R","BOSS","M","?","$","?","$","R","M","R","T","$","?","R","?","?","R","BOSS","R","$","E","BOSS"],"items_purchased_type":["Card","Card","Relic","Potion","Card","Card","Relic","Card","Relic","Relic","Relic"],"build_version":"2020-12-22","purchased_purges":6,"victory":true,"max_hp_per_floor":[70,70,70,70,70,70,70,75,75,75,75,75,75,75,75,75,49,49,49,49,49,49,49,49,49,56,56,56,56,56,56,56,56,49,49,49,49,49,49,49,49,49,49,49,56,56,56,56,56,56,56,56,56,56,1],"card_choices":[{"not_picked":[],"picked":"Bomb","floor":0.0},{"not_picked":["Setup","Outmaneuver","Underhanded Strike"],"picked":"SKIP","floor":1.0},{"not_picked":["Caltrops","Reflex"],"picked":"Night Terror","floor":2.0},{"not_picked":["Deflect","ReplayTheSpireMod:Speed Training","Poisoned Stab"],"picked":"SKIP","floor":6.0},{"not_picked":["Dodge and Roll","Toxin Wave"],"picked":"hubris:Sniper","floor":11.0},{"not_picked":["Bane","hubris:Counter"],"picked":"Prepared","floor":12.0},{"not_picked":["Backstab","Dodge and Roll"],"picked":"Backflip","floor":14.0},{"not_picked":["Night Terror","ReplayTheSpireMod:Necrosis"],"picked":"After Image","floor":16.0},{"not_picked":["Slice","Glass Knife","Sucker Punch"],"picked":"SKIP","floor":18.0},{"not_picked":["Bane","Bouncing Flask","Flying Knee"],"picked":"SKIP","floor":20.0},{"not_picked":["Storm of Steel","Outmaneuver"],"picked":"Escape Plan","floor":23.0},{"not_picked":["Quick Slash","ReplayTheSpireMod:Exploit Weakness"],"picked":"Hidden Blade","floor":25.0},{"not_picked":["Poisoned Stab","Slice+1","hubris:SlightOfHand"],"picked":"SKIP","floor":27.0},{"not_picked":["Draining Mist","hubris:Counter+1","Deadly Poison"],"picked":"SKIP","floor":29.0},{"not_picked":["Riddle With Holes","Deflect","ReplayTheSpireMod:From All Sides"],"picked":"SKIP","floor":30},{"not_picked":["Bane+1","PiercingWail"],"picked":"Terror+1","floor":31},{"not_picked":["Wraith Form v2","Phantasmal Killer"],"picked":"A Thousand Cuts","floor":33},{"not_picked":["Outmaneuver+1","Slice+1","Dagger Throw"],"picked":"SKIP","floor":35},{"not_picked":["Bane","Toxin Wave"],"picked":"Escape Plan+1","floor":41},{"not_picked":["Escape Plan","Slice+1","Sneak Up+1"],"picked":"SKIP","floor":47},{"not_picked":["Deadly Poison","Atom Bomb","Outmaneuver"],"picked":"SKIP","floor":48},{"not_picked":["Prepared","Slice+1"],"picked":"Caltrops+1","floor":54}],"player_experience":212031,"relics_obtained":[{"floor":6.0,"key":"hubris:DuctTape"},{"floor":9.0,"key":"Replay:Bottled Snecko"},{"floor":12.0,"key":"Happy Flower"},{"floor":13.0,"key":"Ninja Scroll"},{"floor":21.0,"key":"InkBottle"},{"floor":23.0,"key":"hubris:AncientText"},{"floor":25.0,"key":"TuHaoJin"},{"floor":26.0,"key":"Strawberry"},{"floor":27.0,"key":"hubris:Zylophone"},{"floor":30,"key":"Pet Ghost"},{"floor":54,"key":"TheBean"}],"event_choices":[{"damage_healed":0.0,"max_hp_gain":5.0,"max_hp_loss":0.0,"gold_gain":0.0,"event_name":"Big Fish","player_choice":"Donut","floor":8.0,"gold_loss":0.0,"damage_taken":0.0}],"is_beta":false,"boss_relics":[{"not_picked":["hubris:BlackHole","SacredBark"],"picked":"Philosopher\u0027s Stone"},{"not_picked":[]},{"not_picked":["Pandora\u0027s Box","Coffee Dripper"],"picked":"vexMod:TanglingVine"},{"not_picked":[]}],"items_purged_floors":[17,34,37,39,44,53],"is_endless":false,"potions_floor_spawned":[1,11,12,20,23,33,35,48,54],"ascension_level":4}}