{"host":"qm4rv4rkpk76sbxu","time":1608721540,"event":{"mods":["BaseMod","Bestiary","Block Reminder","DeckTracker","Filter the Spire","Keyboard Shortcuts","Minty Spire (QoL Compilation)","MonsterHotkey","Potion Indicator Mod","Quick Restart","Random Character Button","Relic Stats","Slay-I","StSLib","ojb\u0027s Better Paths Mod"],"gold_per_floor":[109,109,123,186,200,200,227,332,332,50,50,80,96,129,129,208,208,222,291,341,353,403,433,63,96,96,116,116,179,198,214,214,287,287,307,323,373,474,524,553,188,203,229,241,241,291,322,372,372,372,372,372,372,20,48,48],"floor_reached":57,"playtime":3821,"items_purged":["Parasite","Strike_B","Strike_B"],"score":2774,"play_id":"8e18208f-0869-4107-a28f-908fce9213f7","local_time":"20201223120540","is_ascension_mode":true,"campfire_choices":[{"data":"Zap","floor":6.0,"key":"SMITH"},{"floor":11.0,"key":"REST"},{"floor":15.0,"key":"REST"},{"data":"Fission","floor":28.0,"key":"SMITH"},{"data":"Heatsinks","floor":32.0,"key":"SMITH"},{"data":"Normality","floor":45.0,"key":"PURGE"},{"floor":49.0,"key":"RECALL"},{"data":"Panacea","floor":53.0,"key":"SMITH"}],"circlet_count":0,"master_deck":["AscendersBane","Strike_B","Defend_B","Defend_B","Defend_B","Zap+1","Dualcast","Conserve Battery","Ball Lightning","Sweeping Beam","Cold Snap","Genetic Algorithm","Cold Snap","Go for the Eyes","Static Discharge","Chill","Fission+1","Self Repair","Ball Lightning","Coolheaded+1","Electrodynamics","Capacitor","Compile Driver","Defragment+1","Genetic Algorithm","Heatsinks+1","Machine Learning","Capacitor+1","Heatsinks","Doom and Gloom","Panacea+1","Force Field","Chaos+1","Master of Strategy","Purity","Purity","Loop","Echo Form","Stack","Hologram"],"relics":["Cracked Core","Emotion Chip","SsserpentHead","Bottled Lightning","Centennial Puzzle","HornCleat","Membership Card","Mummified Hand","Snecko Eye","Mercury Hourglass","PreservedInsect","Blue Candle","Blood Vial","Meat on the Bone","Cursed Key","Peace Pipe","Kunai","Gremlin Horn","DataDisk","Cables","Toolbox","Oddly Smooth Stone"],"acts_visited":["Exordium","TheCity","TheBeyond","TheEnding"],"potions_floor_usage":[56,56],"damage_taken":[{"damage":7.0,"enemies":"Small Slimes","floor":1.0,"turns":3.0},{"damage":6.0,"enemies":"Cultist","floor":3.0,"turns":4.0},{"damage":2.0,"enemies":"Jaw Worm","floor":4.0,"turns":3.0},{"damage":3.0,"enemies":"3 Louse","floor":5.0,"turns":4.0},{"damage":25.0,"enemies":"Gremlin Nob","floor":7.0,"turns":4.0},{"damage":16.0,"enemies":"3 Sentries","floor":8.0,"turns":5.0},{"damage":9.0,"enemies":"Lots of Slimes","floor":13.0,"turns":3.0},{"damage":20.0,"enemies":"Lagavulin","floor":14.0,"turns":5.0},{"damage":17.0,"enemies":"Slime Boss","floor":16.0,"turns":9.0},{"damage":12.0,"enemies":"3 Byrds","floor":18.0,"turns":5.0},{"damage":2.0,"enemies":"Spheric Guardian","floor":19.0,"turns":4.0},{"damage":11.0,"enemies":"Centurion and Healer","floor":21.0,"turns":8.0},{"damage":11.0,"enemies":"Book of Stabbing","floor":23.0,"turns":5.0},{"damage":0.0,"enemies":"Gremlin Leader","floor":25.0,"turns":5.0},{"damage":5.0,"enemies":"Snake Plant","floor":27.0,"turns":5.0},{"damage":0.0,"enemies":"Cultist and Chosen","floor":29.0,"turns":5.0},{"damage":19.0,"enemies":"Centurion and Healer","floor":30.0,"turns":2.0},{"damage":9.0,"enemies":"Snake Plant","floor":31.0,"turns":4.0},{"damage":21.0,"enemies":"Automaton","floor":33.0,"turns":9.0},{"damage":2.0,"enemies":"Orb Walker","floor":35.0,"turns":3.0},{"damage":12.0,"enemies":"3 Shapes","floor":36.0,"turns":4.0},{"damage":34.0,"enemies":"2 Orb Walkers","floor":38.0,"turns":4.0},{"damage":12.0,"enemies":"Giant Head","floor":40.0,"turns":7.0},{"damage":0.0,"enemies":"Jaw Worm Horde","floor":42.0,"turns":3.0},{"damage":5.0,"enemies":"Transient","floor":44.0,"turns":6.0},{"damage":10.0,"enemies":"Nemesis","floor":47.0,"turns":5.0},{"damage":8.0,"enemies":"Time Eater","floor":50.0,"turns":9.0},{"damage":43.0,"enemies":"Donu and Deca","floor":51.0,"turns":12.0},{"damage":19.0,"enemies":"Shield and Spear","floor":55.0,"turns":4.0},{"damage":52,"enemies":"The Heart","floor":56,"turns":10}],"seed_played":"-7095061774780950335","potions_obtained":[{"floor":5.0,"key":"Explosive Potion"},{"floor":8.0,"key":"Regen Potion"},{"floor":12.0,"key":"DuplicationPotion"},{"floor":21.0,"key":"AttackPotion"},{"floor":36.0,"key":"Fire Potion"},{"floor":42.0,"key":"DistilledChaos"},{"floor":47.0,"key":"DuplicationPotion"},{"floor":55.0,"key":"Fruit Juice"}],"is_trial":false,"path_per_floor":["M","?","M","M","M","R","E","?","T","$","R","?","M","E","R","B",null,"M","M","?","M","?","E","$","E","T","M","R","M","M","M","R","B",null,"M","M","?","?","?","E","$","M","T","M","R","?","E","?","R","B","B",null,"R","$","E","B",null],"character_chosen":"DEFECT","items_purchased":["Membership Card","Go for the Eyes","PowerPotion","Static Discharge","PreservedInsect","Capacitor","DuplicationPotion","Compile Driver","Blue Candle","GamblersBrew","Heatsinks","Doom and Gloom","Gremlin Horn","Panacea","Echo Form","Cables","Toolbox","Stack","PowerPotion"],"campfire_rested":2,"item_purchase_floors":[10,10,10,10,24,24,24,24,24,41,41,41,41,41,54,54,54,54,54],"current_hp_per_floor":[57,57,51,49,46,46,21,5,5,5,25,25,16,11,31,14,55,43,48,48,44,44,40,40,47,47,51,51,60,43,43,43,43,62,68,63,63,43,43,52,52,61,61,65,65,55,54,54,54,55,33,59,59,59,49,23],"gold":48,"neow_bonus":"ONE_RARE_RELIC","is_daily":false,"chose_seed":false,"campfire_upgraded":4,"win_rate":0.0,"timestamp":1608721540,"path_taken":["M","?","M","?","M","R","E","?","T","$","R","?","M","E","R","BOSS","M","?","?","M","?","E","$","E","T","M","R","?","M","M","R","BOSS","M","M","?","?","?","E","$","M","T","M","R","?","E","?","R","BOSS","BOSS","R","$","E","BOSS"],"items_purchased_type":["Relic","Card","Potion","Card","Relic","Card","Potion","Card","Relic","Potion","Card","Card","Relic","Card","Card","Relic","Relic","Card","Potion"],"build_version":"2020-12-22","purchased_purges":3,"victory":true,"max_hp_per_floor":[71,71,71,71,71,71,71,71,71,68,68,68,68,68,68,68,68,68,68,68,68,68,68,68,68,68,68,68,68,68,68,68,68,68,68,68,68,68,68,68,68,68,68,68,68,68,68,68,68,68,68,68,68,68,68,73],"relic_stats":{"Gremlin Horn":[4,4],"counters":[30,158],"Blue Candle":[8],"PreservedInsect":305,"Cursed Key":1,"Mercury Hourglass":[313],"Cables":[15,8,6,1,0],"Blood Vial":30,"Peace Pipe":1,"SsserpentHead":600,"Emotion Chip":[184,103,70,8,3],"Centennial Puzzle":[63],"Mummified Hand":[290],"Snecko Eye":[282,306,288,294],"Kunai":[19],"obtain_stats":[{"Gremlin Horn":41,"Blue Candle":24,"Oddly Smooth Stone":55,"PreservedInsect":24,"Cursed Key":34,"Mercury Hourglass":23,"Cables":54,"Blood Vial":25,"Peace Pipe":38,"SsserpentHead":2,"Emotion Chip":0,"Centennial Puzzle":8,"DataDisk":47,"HornCleat":9,"Mummified Hand":14,"Snecko Eye":17,"Toolbox":54,"Bottled Lightning":7,"Membership Card":10,"Kunai":40,"Cracked Core":0,"Meat on the Bone":26},{"Gremlin Horn":23,"Blue Candle":13,"Oddly Smooth Stone":29,"PreservedInsect":13,"Cursed Key":19,"Mercury Hourglass":13,"Cables":28,"Blood Vial":14,"Peace Pipe":22,"SsserpentHead":1,"Emotion Chip":0,"Centennial Puzzle":6,"DataDisk":26,"HornCleat":6,"Mummified Hand":8,"Snecko Eye":9,"Toolbox":28,"Bottled Lightning":5,"Membership Card":6,"Kunai":23,"Cracked Core":0,"Meat on the Bone":14},{"Gremlin Horn":109,"Blue Candle":62,"Oddly Smooth Stone":148,"PreservedInsect":62,"Cursed Key":91,"Mercury Hourglass":62,"Cables":144,"Blood Vial":67,"Peace Pipe":102,"SsserpentHead":3,"Emotion Chip":0,"Centennial Puzzle":23,"DataDisk":123,"HornCleat":23,"Mummified Hand":31,"Snecko Eye":40,"Toolbox":144,"Bottled Lightning":18,"Membership Card":23,"Kunai":109,"Cracked Core":0,"Meat on the Bone":67}],"Meat on the Bone":60},"card_choices":[{"not_picked":["Beam Cell","Aggregate"],"picked":"Conserve Battery","floor":1.0},{"not_picked":["Rebound","White Noise"],"picked":"Ball Lightning","floor":3.0},{"not_picked":["Hologram","Barrage"],"picked":"Sweeping Beam","floor":4.0},{"not_picked":["Leap","Turbo"],"picked":"Cold Snap","floor":5.0},{"not_picked":["Multi-Cast","Turbo"],"picked":"Genetic Algorithm","floor":7.0},{"not_picked":["Rebound","Reinforced Body"],"picked":"Cold Snap","floor":8.0},{"not_picked":["Streamline","Storm","Scrape"],"picked":"SKIP","floor":13.0},{"not_picked":["Streamline","Storm","Scrape"],"picked":"SKIP","floor":13.0},{"not_picked":["Chaos","Fusion"],"picked":"Chill","floor":14.0},{"not_picked":["Buffer","Meteor Strike"],"picked":"Fission","floor":16.0},{"not_picked":["Turbo","Beam Cell"],"picked":"Self Repair","floor":18.0},{"not_picked":["Compile Driver","Barrage"],"picked":"Ball Lightning","floor":19.0},{"not_picked":["Stack","Sweeping Beam"],"picked":"Coolheaded+1","floor":21.0},{"not_picked":["Conserve Battery","Turbo","Consume"],"picked":"SKIP","floor":23.0},{"not_picked":["Melter+1","Thunder Strike"],"picked":"Defragment+1","floor":25.0},{"not_picked":["Rebound+1","Conserve Battery","Storm"],"picked":"SKIP","floor":27.0},{"not_picked":["Beam Cell","Compile Driver","Chaos"],"picked":"SKIP","floor":29.0},{"not_picked":["BootSequence","Gash"],"picked":"Genetic Algorithm","floor":30.0},{"not_picked":["Ball Lightning","Steam"],"picked":"Heatsinks","floor":31.0},{"not_picked":["Seek","Hyperbeam"],"picked":"Machine Learning","floor":33.0},{"not_picked":["Stack","Compile Driver"],"picked":"Capacitor+1","floor":35.0},{"not_picked":["Streamline","Gash+1","Chaos"],"picked":"SKIP","floor":36.0},{"not_picked":["Steam","Redo","Skim"],"picked":"SKIP","floor":40.0},{"not_picked":["Auto Shields+1","Sweeping Beam"],"picked":"Force Field","floor":42.0},{"not_picked":["Leap","Conserve Battery+1"],"picked":"Chaos+1","floor":44.0},{"not_picked":["Impatience","Flash of Steel"],"picked":"Master of Strategy","floor":46.0},{"not_picked":["Swift Strike","Dramatic Entrance"],"picked":"Purity","floor":46.0},{"not_picked":["Master of Strategy","Flash of Steel"],"picked":"Purity","floor":46.0},{"not_picked":["Doom and Gloom","Tempest","Rip and Tear+1"],"picked":"SKIP","floor":47.0},{"not_picked":["Cold Snap","Hello World"],"picked":"Hologram","floor":55.0}],"player_experience":1103145,"relics_obtained":[{"floor":7.0,"key":"Bottled Lightning"},{"floor":8.0,"key":"Centennial Puzzle"},{"floor":9.0,"key":"HornCleat"},{"floor":14.0,"key":"Mummified Hand"},{"floor":23.0,"key":"Mercury Hourglass"},{"floor":25.0,"key":"Blood Vial"},{"floor":26.0,"key":"Meat on the Bone"},{"floor":38.0,"key":"Peace Pipe"},{"floor":40.0,"key":"Kunai"},{"floor":47.0,"key":"DataDisk"},{"floor":55.0,"key":"Oddly Smooth Stone"}],"event_choices":[{"damage_healed":0.0,"max_hp_gain":0.0,"max_hp_loss":0.0,"gold_gain":0.0,"event_name":"FaceTrader","player_choice":"Trade","floor":2.0,"gold_loss":0.0,"damage_taken":0.0,"relics_obtained":["SsserpentHead"]},{"damage_healed":0.0,"max_hp_gain":0.0,"max_hp_loss":0.0,"gold_gain":0.0,"event_name":"Dead Adventurer","player_choice":"Searched \u00271\u0027 times","floor":8.0,"gold_loss":0.0,"damage_taken":0.0},{"damage_healed":0.0,"max_hp_gain":0.0,"max_hp_loss":0.0,"gold_gain":0.0,"event_name":"The Woman in Blue","player_choice":"Bought 1 Potion","floor":12.0,"gold_loss":0.0,"damage_taken":0.0},{"damage_healed":0.0,"max_hp_gain":0.0,"max_hp_loss":0.0,"gold_gain":0.0,"event_name":"Ghosts","player_choice":"Ignored","floor":20.0,"gold_loss":0.0,"damage_taken":0.0},{"damage_healed":0.0,"max_hp_gain":0.0,"max_hp_loss":0.0,"gold_gain":0.0,"event_name":"The Library","player_choice":"Read","floor":22.0,"gold_loss":0.0,"damage_taken":0.0,"cards_obtained":["Electrodynamics"]},{"damage_healed":0.0,"max_hp_gain":0.0,"max_hp_loss":0.0,"gold_gain":0.0,"event_name":"Tomb of Lord Red Mask","player_choice":"Ignored","floor":37.0,"gold_loss":0.0,"damage_taken":0.0},{"damage_healed":0.0,"max_hp_gain":0.0,"max_hp_loss":0.0,"gold_gain":0.0,"event_name":"Mysterious Sphere","player_choice":"Fight","floor":38.0,"gold_loss":0.0,"damage_taken":0.0},{"cards_removed":["Defend_B"],"damage_healed":0.0,"max_hp_gain":0.0,"max_hp_loss":0.0,"gold_gain":0.0,"event_name":"Falling","player_choice":"Removed Skill","floor":39.0,"gold_loss":0.0,"damage_taken":0.0},{"damage_healed":0.0,"max_hp_gain":0.0,"max_hp_loss":0.0,"gold_gain":0.0,"event_name":"SensoryStone","player_choice":"Memory 3","floor":46.0,"gold_loss":0.0,"damage_taken":10.0},{"damage_healed":0.0,"max_hp_gain":0.0,"max_hp_loss":0.0,"gold_gain":0.0,"cards_transformed":["Strike_B"],"event_name":"Transmorgrifier","player_choice":"Transformed","floor":48.0,"gold_loss":0.0,"damage_taken":0.0,"cards_obtained":["Loop"]}],"is_beta":false,"boss_relics":[{"not_picked":["Runic Pyramid","SacredBark"],"picked":"Snecko Eye"},{"not_picked":["Nuclear Battery","Black Star"],"picked":"Cursed Key"}],"items_purged_floors":[10,24,41],"is_endless":false,"potions_floor_spawned":[5,8,21,25,27,29,36,38,42,47,55],"ascension_level":20}}