{"host":"0cgp910o8339lr91","time":1608746518,"event":{"mods":["BaseMod","Colored Map","Filter the Spire","Minty Spire (QoL Compilation)","Relic Stats","Slay-I","ojb\u0027s Better Paths Mod","ojb\u0027s Info Mod"],"gold_per_floor":[115,127,147,97,97,129,141,174,174,174,200,210,210,245,245,346,346,363,383,383,402,327,327,327],"floor_reached":23,"playtime":1955,"items_purged":["Defend_P"],"score":370,"play_id":"3ec3c460-932e-4125-9d57-d7cc8462a4be","local_time":"20201223190158","is_ascension_mode":true,"campfire_choices":[{"data":"Eruption","floor":15.0,"key":"SMITH"}],"circlet_count":0,"master_deck":["Strike_P","Strike_P","Strike_P","Strike_P","Defend_P","Eruption+1","Vigilance","FlurryOfBlows","Consecrate","EmptyFist","Wallop","FearNoEvil","FlurryOfBlows","Vault","Vengeance","Wallop","RitualDagger","ThirdEye"],"relics":["Coffee Dripper","Dream Catcher","Akabeko","Ornamental Fan","CaptainsWheel","Tiny Chest","Philosopher\u0027s Stone"],"acts_visited":["Exordium","TheCity"],"potions_floor_usage":[],"damage_taken":[{"damage":0.0,"enemies":"Jaw Worm","floor":1.0,"turns":2.0},{"damage":2.0,"enemies":"Small Slimes","floor":2.0,"turns":3.0},{"damage":0.0,"enemies":"Cultist","floor":3.0,"turns":2.0},{"damage":24.0,"enemies":"Gremlin Nob","floor":6.0,"turns":3.0},{"damage":0.0,"enemies":"3 Louse","floor":7.0,"turns":2.0},{"damage":32.0,"enemies":"3 Sentries","floor":8.0,"turns":5.0},{"damage":8.0,"enemies":"Lagavulin","floor":11.0,"turns":5.0},{"damage":0.0,"enemies":"Exordium Wildlife","floor":12.0,"turns":1.0},{"damage":0.0,"enemies":"Gremlin Nob","floor":14.0,"turns":2.0},{"damage":0.0,"enemies":"Slime Boss","floor":16.0,"turns":5.0},{"damage":0.0,"enemies":"3 Byrds","floor":18.0,"turns":3.0},{"damage":0.0,"enemies":"Spheric Guardian","floor":19.0,"turns":1.0},{"damage":32,"enemies":"Snake Plant","floor":21,"turns":2},{"damage":26,"enemies":"Book of Stabbing","floor":23,"turns":4}],"seed_played":"-8047818301602679769","potions_obtained":[{"floor":1.0,"key":"Weak Potion"},{"floor":6.0,"key":"BottledMiracle"},{"floor":8.0,"key":"Fire Potion"},{"floor":18.0,"key":"Energy Potion"}],"is_trial":false,"path_per_floor":["M","M","M","?","?","E","M","E","T","?","E","M","$","E","R","B",null,"M","M","?","M","$","E"],"character_chosen":"WATCHER","items_purchased":[],"campfire_rested":0,"item_purchase_floors":[],"current_hp_per_floor":[72,70,70,70,70,46,46,14,14,14,6,6,6,6,6,6,56,56,56,50,18,18,0,0],"gold":327,"neow_bonus":"BOSS_RELIC","is_daily":false,"chose_seed":false,"campfire_upgraded":1,"win_rate":0.0,"timestamp":1608746518,"path_taken":["M","M","M","?","?","E","?","E","T","?","E","M","$","E","R","BOSS","M","M","?","M","$","E"],"items_purchased_type":[],"build_version":"2020-12-22","purchased_purges":1,"victory":false,"max_hp_per_floor":[72,72,72,72,72,72,72,72,72,72,72,72,72,72,72,72,72,72,72,72,72,72,72,72],"relic_stats":{"Dream Catcher":0,"counters":[14,40],"Ornamental Fan":[88],"Tiny Chest":0,"obtain_stats":[{"Dream Catcher":6,"CaptainsWheel":11,"Ornamental Fan":9,"Tiny Chest":14,"Philosopher\u0027s Stone":17,"Coffee Dripper":0,"PureWater":0,"Akabeko":8},{"Dream Catcher":4,"CaptainsWheel":7,"Ornamental Fan":6,"Tiny Chest":9,"Philosopher\u0027s Stone":10,"Coffee Dripper":0,"PureWater":0,"Akabeko":6},{"Dream Catcher":10,"CaptainsWheel":22,"Ornamental Fan":17,"Tiny Chest":25,"Philosopher\u0027s Stone":30,"Coffee Dripper":0,"PureWater":0,"Akabeko":17}]},"card_choices":[{"not_picked":["Pray","Indignation","JustLucky"],"picked":"SKIP","floor":1.0},{"not_picked":["WreathOfFlame","Consecrate"],"picked":"FlurryOfBlows","floor":2.0},{"not_picked":["Halt","FlyingSleeves"],"picked":"Consecrate","floor":3.0},{"not_picked":["Weave","Indignation"],"picked":"EmptyFist","floor":6.0},{"not_picked":["EmptyFist","PathToVictory"],"picked":"Wallop","floor":7.0},{"not_picked":["ConjureBlade","CarveReality","CrushJoints"],"picked":"SKIP","floor":8.0},{"not_picked":["Consecrate","ReachHeaven","Crescendo"],"picked":"SKIP","floor":11.0},{"not_picked":["MasterReality","ClearTheMind"],"picked":"FlurryOfBlows","floor":12.0},{"not_picked":["Crescendo","Prostrate","Consecrate"],"picked":"SKIP","floor":14.0},{"not_picked":["Scrawl","Alpha"],"picked":"Vault","floor":16.0},{"not_picked":["Prostrate","Study"],"picked":"Vengeance","floor":18.0},{"not_picked":["BowlingBash","Vengeance+1"],"picked":"Wallop","floor":19.0},{"not_picked":["SandsOfTime","Prostrate+1"],"picked":"ThirdEye","floor":21}],"player_experience":1004702,"relics_obtained":[{"floor":6.0,"key":"Dream Catcher"},{"floor":8.0,"key":"Akabeko"},{"floor":9.0,"key":"Ornamental Fan"},{"floor":11.0,"key":"CaptainsWheel"},{"floor":14.0,"key":"Tiny Chest"}],"event_choices":[{"cards_removed":["Defend_P"],"damage_healed":0.0,"max_hp_gain":0.0,"max_hp_loss":0.0,"gold_gain":0.0,"event_name":"The Cleric","player_choice":"Card Removal","floor":4.0,"gold_loss":50.0,"damage_taken":0.0},{"damage_healed":0.0,"max_hp_gain":0.0,"max_hp_loss":0.0,"gold_gain":0.0,"event_name":"Liars Game","player_choice":"Ignored","floor":5.0,"gold_loss":0.0,"damage_taken":0.0},{"damage_healed":0.0,"max_hp_gain":0.0,"max_hp_loss":0.0,"gold_gain":0.0,"cards_transformed":["Defend_P"],"event_name":"Living Wall","player_choice":"Change","floor":10.0,"gold_loss":0.0,"damage_taken":0.0,"cards_obtained":["FearNoEvil"]},{"damage_healed":0.0,"max_hp_gain":0.0,"max_hp_loss":0.0,"gold_gain":0.0,"event_name":"Nest","player_choice":"Joined the Cult","floor":20.0,"gold_loss":0.0,"damage_taken":6.0,"cards_obtained":["RitualDagger"]}],"is_beta":false,"boss_relics":[{"not_picked":["Busted Crown","Sozu"],"picked":"Philosopher\u0027s Stone"}],"items_purged_floors":[22],"is_endless":false,"potions_floor_spawned":[1,6,8,18,21],"killed_by":"Book of Stabbing","ascension_level":5}}