{"host":"vvaf77k5q4hdboei","time":1608698530,"event":{"mods":["BaseMod","Block Reminder","Curses Come First","DeckTracker","Hubris","Marisa????????","Minty Spire (QoL Compilation)","Quick Restart","Rare Cards Sparkle","Replay The Spire","Shade Mod","StSLib","The Cursed","The Hierophant","The Marked","The Necromancer","The Servant 0.9.4","The Wild Card"],"gold_per_floor":[110,110,110,120,9,40,40,71,71,71,88,99,133,16,16,121,121,131,184,109,129,129,161,161,196,220,220,220,236,253,253,253,253,253],"floor_reached":33,"playtime":2566,"items_purged":["Hallucinations"],"score":376,"play_id":"644706b4-7ab1-418b-b8f6-f955f04b17c6","local_time":"20201223024210","is_ascension_mode":false,"campfire_choices":[{"data":"hierophant:Repentance","floor":7,"key":"SMITH"},{"floor":24,"key":"REST"},{"data":"hierophant:LocustPlague","floor":28,"key":"SMITH"},{"data":"hierophant:LocustPlague","floor":32,"key":"SMITH"}],"circlet_count":0,"master_deck":["hierophant:Strike_Hierophant","hierophant:Strike_Hierophant","hierophant:Punish","hierophant:Defend_Hierophant","hierophant:Defend_Hierophant","hierophant:Defend_Hierophant","hierophant:ChurchCoffers","hierophant:FieryStrike","hierophant:HolyVerse","hierophant:SealAway+1","hierophant:Repentance+1","hierophant:Bribe","hierophant:FlamingChariot","hierophant:Smite","hierophant:LocustPlague+1","hierophant:Glossolalia","hierophant:ThreeLashes","hierophant:DeathKnell","hierophant:Sermon","hierophant:LocustPlague+1","hierophant:DisplayOfPower+1","hierophant:Exaltation","hierophant:FieryStrike","hierophant:DisplayOfPower+1","hierophant:OrnateBuckler"],"relics":["hierophant:PropheticMaskRelic","NeowsBlessing","Ring of Searing","ReplayTheSpireMod:Ring of Collecting","Ring of Panic","Kunai","Incense Burner","Darkstone Periapt","ReplayTheSpireMod:Ring of Exchange","Bag of Marbles","hubris:MedicalManual","hubris:HollowSoul","hierophant:DonationBoxRelic","Nilry\u0027s Codex","hubris:SlimyHat","Replay:PocketPolymizer","Ring of Fangs","Ancient Tea Set"],"acts_visited":["Exordium","TheCity"],"potions_floor_usage":[8,12,18,29],"damage_taken":[{"damage":0,"enemies":"Jaw Worm","floor":1,"turns":1},{"damage":0,"enemies":"2 Louse","floor":4,"turns":1},{"damage":0,"enemies":"Gremlin Nob","floor":6,"turns":1},{"damage":19,"enemies":"3 Sentries","floor":8,"turns":3},{"damage":5,"enemies":"Small Slimes","floor":11,"turns":2},{"damage":12,"enemies":"3 Louse","floor":12,"turns":3},{"damage":5,"enemies":"Gremlin Nob","floor":13,"turns":2},{"damage":9,"enemies":"Hexaghost","floor":16,"turns":4},{"damage":19,"enemies":"Shell Parasite","floor":18,"turns":3},{"damage":5,"enemies":"3 Byrds","floor":21,"turns":4},{"damage":18,"enemies":"Replay:Snechameleon","floor":23,"turns":3},{"damage":0,"enemies":"Gremlin Leader","floor":25,"turns":3},{"damage":10,"enemies":"Cultist and Chosen","floor":29,"turns":4},{"damage":0,"enemies":"Snecko","floor":30,"turns":3},{"damage":18,"enemies":"hubris:MusketHawk","floor":33,"turns":4}],"seed_played":"-2610303020881677493","potions_obtained":[{"floor":1,"key":"Fire Potion"},{"floor":6,"key":"GamblersBrew"},{"floor":11,"key":"AttackPotion"},{"floor":16,"key":"SmokeBomb"},{"floor":25,"key":"AttackPotion"},{"floor":30,"key":"SpeedPotion"}],"is_trial":false,"path_per_floor":["M","?","T","M","$","E","R","E","T","?","M","M","E","$","R","B",null,"M","?","?","M","?","E","R","E","T","?","R","M","M","?","R","B"],"character_chosen":"HIEROPHANT","items_purchased":["hierophant:SealAway+1","hierophant:Glossolalia","hierophant:ThreeLashes"],"campfire_rested":1,"item_purchase_floors":[5,14,14],"current_hp_per_floor":[75,75,75,75,75,75,75,56,56,80,75,63,58,58,58,49,81,62,68,68,63,47,29,55,55,55,55,55,45,45,45,45,0,0],"gold":253,"neow_bonus":"THREE_ENEMY_KILL","is_daily":false,"chose_seed":false,"campfire_upgraded":3,"win_rate":0.0,"timestamp":1608698530,"path_taken":["M","?","?","M","$","E","R","E","T","?","M","M","E","?","R","BOSS","M","?","?","M","?","E","R","E","T","?","R","M","?","?","R","BOSS"],"items_purchased_type":["Card","Card","Card"],"build_version":"2020-12-13","purchased_purges":1,"victory":false,"max_hp_per_floor":[75,75,75,75,75,75,75,75,75,81,81,81,81,81,81,81,81,81,87,87,87,87,87,87,87,87,84,84,84,84,84,84,84,84],"card_choices":[{"not_picked":["hierophant:Remorse","hierophant:HammerAndAnvil"],"picked":"hierophant:FieryStrike","floor":1},{"not_picked":["hierophant:Refuge","hierophant:Smite"],"picked":"hierophant:HolyVerse","floor":4},{"not_picked":["hierophant:HolyVerse","hierophant:Levitation"],"picked":"hierophant:Repentance","floor":6},{"not_picked":["hierophant:SecretStash","hierophant:Doubloon"],"picked":"hierophant:Bribe","floor":8},{"not_picked":["hierophant:Empathy","hierophant:Doubloon"],"picked":"hierophant:FlamingChariot","floor":11},{"not_picked":["hierophant:Doubloon","hierophant:RustyCrate"],"picked":"hierophant:Smite","floor":12},{"not_picked":["hierophant:ThreeLashes","hierophant:Glossolalia"],"picked":"hierophant:LocustPlague","floor":13},{"not_picked":["hierophant:Purify+1","hierophant:AuricBeam+1"],"picked":"hierophant:Sermon","floor":18},{"not_picked":["hierophant:HolyVerse","hierophant:MorningPrayer+1"],"picked":"hierophant:LocustPlague","floor":19},{"not_picked":["hierophant:CursedGold","hierophant:CoinFling"],"picked":"hierophant:DisplayOfPower+1","floor":19},{"not_picked":["hierophant:RustyCrate","hierophant:Doubloon","hierophant:Blessing"],"picked":"SKIP","floor":21},{"not_picked":["hierophant:Sermon+1","hierophant:Purify"],"picked":"hierophant:Exaltation","floor":23},{"not_picked":["hierophant:CursedGold","hierophant:Blessing+1","hierophant:Shelter+1"],"picked":"SKIP","floor":25},{"not_picked":["hierophant:HammerAndAnvil","hierophant:FlamingChariot","hierophant:Shelter+1"],"picked":"SKIP","floor":29},{"not_picked":["hierophant:Shelter","hierophant:Alms"],"picked":"hierophant:DisplayOfPower+1","floor":30}],"player_experience":21431,"relics_obtained":[{"floor":2,"key":"Ring of Searing"},{"floor":2,"key":"ReplayTheSpireMod:Ring of Collecting"},{"floor":3,"key":"Ring of Panic"},{"floor":3,"key":"Kunai"},{"floor":6,"key":"Incense Burner"},{"floor":8,"key":"Darkstone Periapt"},{"floor":9,"key":"ReplayTheSpireMod:Ring of Exchange"},{"floor":9,"key":"Bag of Marbles"},{"floor":13,"key":"hubris:MedicalManual"},{"floor":19,"key":"hierophant:DonationBoxRelic"},{"floor":22,"key":"Nilry\u0027s Codex"},{"floor":23,"key":"hubris:SlimyHat"},{"floor":25,"key":"Replay:PocketPolymizer"},{"floor":26,"key":"Ring of Fangs"},{"floor":26,"key":"Ancient Tea Set"}],"event_choices":[{"damage_healed":18,"gold_gain":0,"player_choice":"Healed and dodged fight","damage_taken":0,"max_hp_gain":0,"max_hp_loss":0,"event_name":"Mushrooms","floor":10,"gold_loss":0,"cards_obtained":["Parasite"]},{"cards_removed":["ReplayTheSpireMod:Splinters"],"damage_healed":0,"gold_gain":0,"player_choice":"Gave Gold","damage_taken":0,"max_hp_gain":0,"max_hp_loss":0,"event_name":"Beggar","floor":20,"gold_loss":75},{"damage_healed":0,"gold_gain":0,"player_choice":"Obtained Book","damage_taken":16,"max_hp_gain":0,"max_hp_loss":0,"event_name":"Cursed Tome","floor":22,"gold_loss":0},{"cards_removed":["Parasite"],"damage_healed":0,"gold_gain":0,"player_choice":"Purged","damage_taken":0,"max_hp_gain":0,"max_hp_loss":0,"event_name":"Purifier","floor":27,"gold_loss":0},{"damage_healed":0,"gold_gain":0,"player_choice":"Ignored","damage_taken":0,"max_hp_gain":0,"max_hp_loss":0,"event_name":"Vampires","floor":31,"gold_loss":0}],"is_beta":false,"boss_relics":[{"not_picked":["hubris:GrandSneckoEye","hubris:RunicObelisk"],"picked":"hubris:HollowSoul"}],"items_purged_floors":[5],"is_endless":false,"potions_floor_spawned":[1,6,11,16,25,30],"killed_by":"hubris:MusketHawk","ascension_level":0}}