{"host":"nox","time":1608691358,"event":{"mods":["Aspiration","BaseMod","Better Third Choice","Colored Powertips","Conspire","Hubris","Infinite Spire","Minty Spire (QoL Compilation)","Quick Restart","Rare Cards Sparkle","Replay The Spire","Shop Mod","Spikes Relics","StSLib","SuperFastMode","The Alterego","vexMod"],"gold_per_floor":[115,290,290,65,65,94,107,107,130,130,130,130],"floor_reached":11,"playtime":371,"items_purged":["Doubt"],"score":108,"play_id":"1095442c-765a-4b9f-a791-7c465b939f50","local_time":"20201223094238","is_ascension_mode":true,"campfire_choices":[],"circlet_count":0,"master_deck":["Strike_G","Strike_G","Strike_G","Strike_G","Strike_G","Defend_G","Defend_G","Defend_G","Defend_G","Defend_G","Survivor","Neutralize","Caltrops","Dodge and Roll","Flying Knee"],"relics":["Ring of the Snake","Lantern","Medical Kit","FaceOfCleric","Strawberry","infinitespire:Satchel"],"acts_visited":["Exordium"],"potions_floor_usage":[],"damage_taken":[{"damage":2,"enemies":"Jaw Worm","floor":1,"turns":4},{"damage":49,"enemies":"3 Sentries","floor":6,"turns":11},{"damage":2,"enemies":"Cultist","floor":7,"turns":4},{"damage":57,"enemies":"Gremlin Nob","floor":11,"turns":4}],"seed_played":"-1252650933907841356","potions_obtained":[],"is_trial":false,"path_per_floor":["M","?","T","$","?","E","M","T","T","$","E"],"character_chosen":"THE_SILENT","items_purchased":["Medical Kit"],"campfire_rested":0,"item_purchase_floors":[4],"current_hp_per_floor":[75,75,75,75,75,34,33,33,33,33,0,0],"gold":130,"neow_bonus":"TEN_PERCENT_HP_BONUS","is_daily":false,"chose_seed":false,"campfire_upgraded":0,"win_rate":0.0,"timestamp":1608691358,"path_taken":["M","?","?","$","?","E","?","?","T","$","E"],"items_purchased_type":["Relic"],"build_version":"2020-11-17","purchased_purges":1,"victory":false,"max_hp_per_floor":[77,77,77,77,77,85,86,86,86,86,86,86],"card_choices":[{"not_picked":["Deflect","Blur"],"picked":"Caltrops","floor":1},{"not_picked":["Underhanded Strike","Bane"],"picked":"Dodge and Roll","floor":6},{"not_picked":["Deflect","Slice"],"picked":"Flying Knee","floor":7}],"player_experience":231861,"relics_obtained":[{"floor":3,"key":"Lantern"},{"floor":6,"key":"Strawberry"},{"floor":9,"key":"infinitespire:Satchel"}],"event_choices":[{"damage_healed":0,"gold_gain":175,"player_choice":"AGREE","damage_taken":115,"max_hp_gain":0,"max_hp_loss":0,"event_name":"betterThird:BetterSerpent","floor":2,"gold_loss":0},{"damage_healed":0,"gold_gain":0,"player_choice":"Trade","damage_taken":0,"relics_obtained":["FaceOfCleric"],"max_hp_gain":0,"max_hp_loss":0,"event_name":"FaceTrader","floor":5,"gold_loss":0}],"is_beta":true,"boss_relics":[],"items_purged_floors":[4],"is_endless":false,"potions_floor_spawned":[],"killed_by":"Gremlin Nob","ascension_level":4}}