{"host":"ue7jlgf7uv134an9","time":1608699081,"event":{"mods":["BaseMod","Better Third Choice","Defuse TimeMaze Blight","Minty Spire (QoL Compilation)","Quick Restart","Rare Cards Sparkle","Relic Stats","StSLib","UnlockEverythingMod"],"gold_per_floor":[113,113,131,150,160,160,185,198,198,214,248,248,323,168,168,268,268,287,307,307,307,54,86,86,100,100,111,111,122,122,137,137,233,233,245,245,260,260,43,43,56,103,181,93,104,104,137,215,215,215,215,215,50,82,82,82],"floor_reached":55,"playtime":2756,"items_purged":["Defend_G","Well Laid Plans","Bite"],"score":752,"play_id":"db4a79cd-7775-467d-94a1-c052f74139de","local_time":"20201222235121","is_ascension_mode":false,"campfire_choices":[{"data":"Cloak And Dagger","floor":6.0,"key":"SMITH"},{"data":"Cloak And Dagger","floor":15.0,"key":"SMITH"},{"floor":24.0,"key":"REST"},{"data":"Adrenaline","floor":32.0,"key":"SMITH"},{"data":"Discovery","floor":40.0,"key":"SMITH"},{"data":"Skewer","floor":46.0,"key":"SMITH"},{"floor":49.0,"key":"RECALL"},{"data":"A Thousand Cuts","floor":52.0,"key":"SMITH"}],"circlet_count":0,"master_deck":["Defend_G+1","Defend_G+1","Defend_G+1","Defend_G+1","Survivor","Neutralize","Dash","Cloak And Dagger+1","PiercingWail","Cloak And Dagger+1","Terror","Well Laid Plans","A Thousand Cuts+1","CurseOfTheBell","Adrenaline+1","Concentrate","Concentrate","Cloak And Dagger+1","Blade Dance+1","Backflip+1","Bite","Bite","Bite","Bite","Die Die Die","Doppelganger","Calculated Gamble","Discovery+1","PiercingWail+1","Outmaneuver+1","Blade Dance+1","Flash of Steel","Skewer+1","Leg Sweep","Outmaneuver+1","Accuracy","Dark Shackles"],"relics":["WristBlade","WingedGreaves","Unceasing Top","Pocketwatch","Calling Bell","Strawberry","Ice Cream","White Beast Statue","Prayer Wheel","Philosopher\u0027s Stone","Bird Faced Urn","Gremlin Horn","Oddly Smooth Stone","Singing Bowl","Akabeko"],"acts_visited":["Exordium","TheCity","TheBeyond","TheEnding"],"potions_floor_usage":[55],"damage_taken":[{"damage":0.0,"enemies":"2 Louse","floor":1.0,"turns":2.0},{"damage":0.0,"enemies":"Cultist","floor":3.0,"turns":4.0},{"damage":0.0,"enemies":"Jaw Worm","floor":4.0,"turns":4.0},{"damage":0.0,"enemies":"2 Fungi Beasts","floor":5.0,"turns":4.0},{"damage":20.0,"enemies":"Gremlin Nob","floor":7.0,"turns":5.0},{"damage":3.0,"enemies":"3 Louse","floor":8.0,"turns":3.0},{"damage":2.0,"enemies":"Looter","floor":10.0,"turns":3.0},{"damage":8.0,"enemies":"Lagavulin","floor":11.0,"turns":7.0},{"damage":15.0,"enemies":"Hexaghost","floor":16.0,"turns":8.0},{"damage":20.0,"enemies":"Spheric Guardian","floor":18.0,"turns":5.0},{"damage":4.0,"enemies":"Chosen","floor":19.0,"turns":4.0},{"damage":7.0,"enemies":"Book of Stabbing","floor":23.0,"turns":5.0},{"damage":0.0,"enemies":"3 Cultists","floor":25.0,"turns":5.0},{"damage":0.0,"enemies":"Snake Plant","floor":27.0,"turns":4.0},{"damage":0.0,"enemies":"Chosen and Byrds","floor":29.0,"turns":4.0},{"damage":8.0,"enemies":"Snecko","floor":31.0,"turns":4.0},{"damage":7.0,"enemies":"Collector","floor":33.0,"turns":7.0},{"damage":0.0,"enemies":"3 Darklings","floor":35.0,"turns":4.0},{"damage":1.0,"enemies":"Orb Walker","floor":37.0,"turns":3.0},{"damage":18.0,"enemies":"Spire Growth","floor":41.0,"turns":5.0},{"damage":16.0,"enemies":"2 Orb Walkers","floor":42.0,"turns":3.0},{"damage":6.0,"enemies":"Sphere and 2 Shapes","floor":45.0,"turns":4.0},{"damage":13.0,"enemies":"Nemesis","floor":47.0,"turns":4.0},{"damage":80.0,"enemies":"Time Eater","floor":50.0,"turns":5.0},{"damage":28,"enemies":"Shield and Spear","floor":54,"turns":5},{"damage":106,"enemies":"The Heart","floor":55,"turns":5}],"seed_played":"-7755473293485074719","potions_obtained":[{"floor":1.0,"key":"Swift Potion"},{"floor":2.0,"key":"GamblersBrew"},{"floor":2.0,"key":"Block Potion"},{"floor":7.0,"key":"BlessingOfTheForge"},{"floor":11.0,"key":"SkillPotion"},{"floor":18.0,"key":"CunningPotion"},{"floor":19.0,"key":"ColorlessPotion"},{"floor":23.0,"key":"GhostInAJar"},{"floor":27.0,"key":"Swift Potion"},{"floor":29.0,"key":"LiquidMemories"},{"floor":31.0,"key":"Explosive Potion"},{"floor":33.0,"key":"FairyPotion"},{"floor":35.0,"key":"Regen Potion"},{"floor":37.0,"key":"SteroidPotion"},{"floor":41.0,"key":"SteroidPotion"},{"floor":42.0,"key":"SteroidPotion"},{"floor":45.0,"key":"SkillPotion"},{"floor":47.0,"key":"SteroidPotion"},{"floor":54,"key":"SkillPotion"}],"is_trial":false,"path_per_floor":["M","?","M","M","M","R","E","M","T","M","E","?","?","$","R","B",null,"M","M","?","?","$","E","R","M","T","M","?","M","?","M","R","B",null,"M","?","M","?","$","R","M","?","T","$","M","R","E","T","R","B",null,"R","$","E","B"],"character_chosen":"THE_SILENT","items_purchased":["Well Laid Plans","Adrenaline","Discovery","Flash of Steel","Accuracy","Dark Shackles"],"campfire_rested":1,"item_purchase_floors":[14,22,39,44,53,53],"current_hp_per_floor":[70,70,70,70,70,70,50,47,47,45,37,60,49,49,49,34,77,57,53,53,39,39,32,56,56,56,56,56,58,58,60,60,65,82,82,82,82,78,78,78,71,59,59,59,59,59,54,54,54,11,78,78,78,60,0,0],"gold":82,"neow_bonus":"BOSS_RELIC","is_daily":false,"chose_seed":false,"campfire_upgraded":6,"win_rate":0.0,"timestamp":1608699081,"path_taken":["M","?","M","M","?","R","E","M","T","M","E","?","?","$","R","BOSS","M","M","?","?","$","E","R","M","T","?","?","M","?","M","R","BOSS","M","?","M","?","$","R","M","?","T","$","M","R","E","?","R","BOSS","R","$","E","BOSS"],"items_purchased_type":["Card","Card","Card","Card","Card","Card"],"build_version":"2020-12-13","purchased_purges":3,"victory":false,"max_hp_per_floor":[70,70,70,70,70,70,70,70,70,70,70,70,70,70,70,70,77,77,77,77,82,82,82,82,82,82,82,82,82,82,82,82,82,82,82,82,82,78,78,78,78,78,78,78,78,78,78,78,78,78,78,78,78,80,80,80],"relic_stats":{"Gremlin Horn":[3,3],"Singing Bowl":2,"counters":[26,116],"Bird Faced Urn":[12],"Prayer Wheel":8,"obtain_stats":[{"Ice Cream":17,"Gremlin Horn":43,"Singing Bowl":48,"Oddly Smooth Stone":47,"White Beast Statue":17,"Akabeko":54,"Calling Bell":17,"Blood Vial":28,"WristBlade":0,"Strawberry":17,"Bird Faced Urn":42,"Prayer Wheel":23,"Philosopher\u0027s Stone":34,"WingedGreaves":7,"Unceasing Top":9,"Ring of the Snake":0,"Pocketwatch":11},{"Ice Cream":9,"Gremlin Horn":21,"Singing Bowl":23,"Oddly Smooth Stone":23,"White Beast Statue":9,"Akabeko":25,"Calling Bell":9,"Blood Vial":14,"WristBlade":0,"Strawberry":9,"Bird Faced Urn":21,"Prayer Wheel":12,"Philosopher\u0027s Stone":17,"WingedGreaves":5,"Unceasing Top":6,"Ring of the Snake":0,"Pocketwatch":8},{"Ice Cream":40,"Gremlin Horn":93,"Singing Bowl":101,"Oddly Smooth Stone":101,"White Beast Statue":40,"Akabeko":111,"Calling Bell":40,"Blood Vial":63,"WristBlade":0,"Strawberry":40,"Bird Faced Urn":93,"Prayer Wheel":54,"Philosopher\u0027s Stone":78,"WingedGreaves":19,"Unceasing Top":22,"Ring of the Snake":0,"Pocketwatch":32}],"Unceasing Top":[80],"Pocketwatch":[36]},"card_choices":[{"not_picked":["Infinite Blades","Bane"],"picked":"Dash","floor":1.0},{"not_picked":["Reflex","Dodge and Roll","Noxious Fumes"],"picked":"SKIP","floor":3.0},{"not_picked":["Escape Plan","Bane"],"picked":"Cloak And Dagger","floor":4.0},{"not_picked":["Outmaneuver","Dagger Throw"],"picked":"PiercingWail","floor":5.0},{"not_picked":["A Thousand Cuts","Dagger Throw"],"picked":"Well Laid Plans","floor":7.0},{"not_picked":["Endless Agony","Sucker Punch"],"picked":"Cloak And Dagger","floor":8.0},{"not_picked":["Slice","Outmaneuver"],"picked":"Terror","floor":10.0},{"not_picked":["Prepared","Dagger Throw","Flying Knee"],"picked":"SKIP","floor":11.0},{"not_picked":["Bullet Time","Envenom"],"picked":"A Thousand Cuts","floor":16.0},{"not_picked":["Acrobatics","Bane","Distraction"],"picked":"SKIP","floor":18.0},{"not_picked":["Well Laid Plans","Heel Hook","Flying Knee"],"picked":"SKIP","floor":19.0},{"not_picked":["Heel Hook+1","Outmaneuver+1"],"picked":"Concentrate","floor":23.0},{"not_picked":["Infinite Blades","Well Laid Plans+1"],"picked":"Concentrate","floor":25.0},{"not_picked":["Riddle With Holes","Dagger Spray","Heel Hook"],"picked":"SKIP","floor":25.0},{"not_picked":["Deflect","Venomology"],"picked":"Cloak And Dagger+1","floor":27.0},{"not_picked":["Calculated Gamble+1","Backflip+1"],"picked":"Blade Dance+1","floor":27.0},{"not_picked":["Expertise","Prepared+1"],"picked":"Backflip+1","floor":29.0},{"not_picked":["Malaise","Backflip","Poisoned Stab"],"picked":"SKIP","floor":29.0},{"not_picked":["Deflect","Outmaneuver+1"],"picked":"Die Die Die","floor":31.0},{"not_picked":["Sucker Punch","Quick Slash","Outmaneuver"],"picked":"SKIP","floor":31.0},{"not_picked":["Burst","Wraith Form v2"],"picked":"Doppelganger","floor":33.0},{"not_picked":["Heel Hook+1","Eviscerate+1","Dagger Spray+1"],"picked":"SKIP","floor":35.0},{"not_picked":["Dagger Throw+1","Sucker Punch+1","PiercingWail"],"picked":"SKIP","floor":35.0},{"not_picked":["Dodge and Roll","Dagger Spray"],"picked":"Calculated Gamble","floor":37.0},{"not_picked":["Prepared+1","Dagger Throw+1","Heel Hook"],"picked":"SKIP","floor":37.0},{"not_picked":["Doppelganger","Dagger Throw+1"],"picked":"PiercingWail+1","floor":41.0},{"not_picked":["Dagger Spray+1","Underhanded Strike+1"],"picked":"Outmaneuver+1","floor":41.0},{"not_picked":["Dagger Throw","Poisoned Stab+1"],"picked":"Blade Dance+1","floor":42.0},{"not_picked":["Dagger Spray+1","Envenom"],"picked":"Skewer","floor":45.0},{"not_picked":["Deadly Poison","Bane"],"picked":"Leg Sweep","floor":45.0},{"not_picked":["Underhanded Strike","Flying Knee+1"],"picked":"Outmaneuver+1","floor":47.0},{"not_picked":["Catalyst+1","Escape Plan","Quick Slash+1"],"picked":"Singing Bowl","floor":54}],"player_experience":35062,"relics_obtained":[{"floor":7.0,"key":"WingedGreaves"},{"floor":9.0,"key":"Unceasing Top"},{"floor":11.0,"key":"Pocketwatch"},{"floor":17.0,"key":"Strawberry"},{"floor":17.0,"key":"Ice Cream"},{"floor":17.0,"key":"White Beast Statue"},{"floor":23.0,"key":"Prayer Wheel"},{"floor":42.0,"key":"Bird Faced Urn"},{"floor":43.0,"key":"Gremlin Horn"},{"floor":47.0,"key":"Oddly Smooth Stone"},{"floor":48.0,"key":"Singing Bowl"},{"floor":54,"key":"Akabeko"}],"event_choices":[{"damage_healed":0.0,"max_hp_gain":0.0,"max_hp_loss":0.0,"gold_gain":0.0,"event_name":"Lab","player_choice":"Got Potions","floor":2.0,"gold_loss":0.0,"damage_taken":0.0},{"damage_healed":23.0,"max_hp_gain":0.0,"max_hp_loss":0.0,"gold_gain":0.0,"event_name":"Big Fish","player_choice":"Banana","floor":12.0,"gold_loss":0.0,"damage_taken":0.0},{"damage_healed":0.0,"max_hp_gain":0.0,"max_hp_loss":0.0,"gold_gain":75.0,"event_name":"betterThird:BetterGoop","player_choice":"Gold","floor":13.0,"gold_loss":0.0,"damage_taken":11.0},{"damage_healed":0.0,"max_hp_gain":0.0,"max_hp_loss":9.0,"gold_gain":0.0,"event_name":"betterThird:BetterWriting","player_choice":"Simplicity","floor":20.0,"gold_loss":0.0,"damage_taken":0.0},{"damage_healed":0.0,"max_hp_gain":5.0,"max_hp_loss":0.0,"gold_gain":0.0,"event_name":"Forgotten Altar","player_choice":"Shed Blood","floor":21.0,"gold_loss":0.0,"damage_taken":19.0},{"damage_healed":0.0,"max_hp_gain":0.0,"max_hp_loss":0.0,"gold_gain":0.0,"event_name":"The Mausoleum","player_choice":"Opened","floor":28.0,"gold_loss":0.0,"damage_taken":0.0,"relics_obtained":["Blood Vial"]},{"damage_healed":0.0,"max_hp_gain":0.0,"max_hp_loss":0.0,"gold_gain":0.0,"event_name":"Vampires","player_choice":"Became a vampire (Vial)","floor":30.0,"relics_lost":["Blood Vial"],"gold_loss":0.0,"damage_taken":0.0,"cards_obtained":["Bite","Bite","Bite","Bite","Bite"]},{"damage_healed":0.0,"max_hp_gain":0.0,"max_hp_loss":0.0,"gold_gain":0.0,"event_name":"Tomb of Lord Red Mask","player_choice":"Ignored","floor":36.0,"gold_loss":0.0,"damage_taken":0.0},{"damage_healed":0.0,"max_hp_gain":0.0,"max_hp_loss":4.0,"gold_gain":0.0,"event_name":"Winding Halls","player_choice":"Max HP","floor":38.0,"gold_loss":0.0,"damage_taken":0.0},{"damage_healed":0.0,"max_hp_gain":0.0,"max_hp_loss":0.0,"gold_gain":0.0,"event_name":"Mysterious Sphere","player_choice":"Fight","floor":42.0,"gold_loss":0.0,"damage_taken":0.0}],"is_beta":false,"boss_relics":[{"not_picked":["Snecko Eye","Empty Cage"],"picked":"Calling Bell"},{"not_picked":["Velvet Choker","Astrolabe"],"picked":"Philosopher\u0027s Stone"}],"items_purged_floors":[14,22,39],"is_endless":false,"potions_floor_spawned":[1,5,7,11,18,19,23,25,27,29,31,33,35,37,41,42,45,47,54],"killed_by":"The Heart","ascension_level":0}}