{"host":"w4b7hmige5bnqipq","time":1608731644,"event":{"mods":["BaseMod","Minty Spire (QoL Compilation)","Rare Cards Sparkle","SuperFastMode","everything is the same but u backflip on backflip","slay the spire mod where everything is the same but ironclad has a cowboy hat"],"gold_per_floor":[119,269,194,194,207,233,233,267,304,376,398,439,463,487,499,511,511],"floor_reached":16,"playtime":398,"items_purged":[],"score":276,"play_id":"4b3b895f-cf10-477d-878c-73b35c02c363","local_time":"20201223225404","is_ascension_mode":true,"campfire_choices":[{"data":"Body Slam","floor":15,"key":"SMITH"}],"circlet_count":0,"master_deck":["AscendersBane","Strike_R","Strike_R","Strike_R","Strike_R","Strike_R","Defend_R","Defend_R","Defend_R","Bash","Cleave","Shockwave","Battle Trance","Pummel","Hemokinesis","Uppercut","Barricade","Reaper","Shrug It Off","Body Slam+1"],"relics":["Burning Blood","NeowsBlessing","Lantern","MawBank","Orichalcum","Potion Belt","Happy Flower"],"acts_visited":["Exordium"],"potions_floor_usage":[16,16,16],"damage_taken":[{"damage":0.0,"enemies":"Jaw Worm","floor":1.0,"turns":1.0},{"damage":0.0,"enemies":"2 Louse","floor":5.0,"turns":1.0},{"damage":0.0,"enemies":"Lagavulin","floor":6.0,"turns":1.0},{"damage":24.0,"enemies":"Gremlin Nob","floor":8.0,"turns":4.0},{"damage":14.0,"enemies":"3 Sentries","floor":10.0,"turns":5.0},{"damage":2.0,"enemies":"Cultist","floor":11.0,"turns":2.0},{"damage":20.0,"enemies":"Lagavulin","floor":12.0,"turns":5.0},{"damage":10,"enemies":"3 Louse","floor":13,"turns":2},{"damage":14,"enemies":"Large Slime","floor":14,"turns":5},{"damage":54,"enemies":"Hexaghost","floor":16,"turns":10}],"seed_played":"4072877204792866595","potions_obtained":[{"floor":1.0,"key":"SmokeBomb"},{"floor":6.0,"key":"BloodPotion"},{"floor":11.0,"key":"LiquidBronze"},{"floor":13,"key":"FearPotion"}],"is_trial":false,"path_per_floor":["M","?","?","?","M","E","?","E","T","?","M","E","M","M","R","B"],"character_chosen":"IRONCLAD","items_purchased":[],"campfire_rested":0,"item_purchase_floors":[],"current_hp_per_floor":[74,74,74,70,75,75,75,57,57,49,53,39,35,39,39,0,0],"gold":511,"neow_bonus":"THREE_ENEMY_KILL","is_daily":false,"chose_seed":false,"campfire_upgraded":1,"win_rate":0.0,"timestamp":1608731644,"path_taken":["M","?","?","?","?","E","?","E","T","?","M","E","M","M","R","BOSS"],"items_purchased_type":[],"build_version":"2020-12-22","purchased_purges":0,"victory":false,"max_hp_per_floor":[75,75,75,75,75,75,75,75,75,75,75,75,75,75,75,75,75],"card_choices":[{"not_picked":["Heavy Blade","Clothesline"],"picked":"Cleave","floor":1.0},{"not_picked":["Havoc","Armaments"],"picked":"Shockwave","floor":5.0},{"not_picked":["Burning Pact","Reckless Charge"],"picked":"Battle Trance","floor":6.0},{"not_picked":["Flame Barrier","Body Slam"],"picked":"Hemokinesis","floor":8.0},{"not_picked":["Flex","Carnage"],"picked":"Uppercut","floor":10.0},{"not_picked":["Clothesline","Rage"],"picked":"Barricade","floor":11.0},{"not_picked":["Clash","Battle Trance"],"picked":"Reaper","floor":12.0},{"not_picked":["Havoc","Perfected Strike"],"picked":"Shrug It Off","floor":13},{"not_picked":["Second Wind","Sword Boomerang"],"picked":"Body Slam","floor":14}],"player_experience":419969,"relics_obtained":[{"floor":6.0,"key":"Lantern"},{"floor":8.0,"key":"MawBank"},{"floor":9.0,"key":"Orichalcum"},{"floor":10.0,"key":"Potion Belt"},{"floor":12.0,"key":"Happy Flower"}],"event_choices":[{"damage_healed":0.0,"max_hp_gain":0.0,"max_hp_loss":0.0,"gold_gain":150.0,"event_name":"Liars Game","player_choice":"AGREE","floor":2.0,"gold_loss":0.0,"damage_taken":0.0,"cards_obtained":["Doubt"]},{"cards_removed":["Doubt"],"damage_healed":0.0,"max_hp_gain":0.0,"max_hp_loss":0.0,"gold_gain":0.0,"event_name":"The Cleric","player_choice":"Card Removal","floor":3.0,"gold_loss":75.0,"damage_taken":0.0},{"damage_healed":0.0,"max_hp_gain":0.0,"max_hp_loss":0.0,"gold_gain":0.0,"event_name":"The Woman in Blue","player_choice":"Bought 0 Potions","floor":4.0,"gold_loss":0.0,"damage_taken":0.0},{"damage_healed":0.0,"max_hp_gain":0.0,"max_hp_loss":0.0,"gold_gain":0.0,"cards_transformed":["Defend_R"],"event_name":"Living Wall","player_choice":"Change","floor":7.0,"gold_loss":0.0,"damage_taken":0.0,"cards_obtained":["Pummel"]},{"damage_healed":0.0,"max_hp_gain":0.0,"max_hp_loss":0.0,"gold_gain":0.0,"event_name":"Dead Adventurer","player_choice":"Searched \u00272\u0027 times","floor":10.0,"gold_loss":0.0,"damage_taken":0.0}],"is_beta":false,"boss_relics":[],"items_purged_floors":[],"is_endless":false,"potions_floor_spawned":[1,6,11,13,14],"killed_by":"Hexaghost","ascension_level":18}}