{"host":"0cnf9zf1gia27zti","time":1608743630,"event":{"mods":["BaseMod","BetterRewards","Card Forge","Colored Map","Colored Powertips","Conspire","Downfall","Minty Spire (QoL Compilation)","Practice Mode","Quick Restart","Replay The Spire","Robot Space Explorer","Shade Mod","Spicy Shops","StSLib"],"gold_per_floor":[118,118,53,70,85,85,117,37,37,52,82,100,110,129,129,204,204,222,236,236,136,186,219,219,219,219,219,219,234,234,252,266,74,74,74,74],"floor_reached":35,"playtime":6376,"items_purged":["Voices","Strike_B"],"score":851,"play_id":"f184e3fe-cf1b-4ee1-9efd-7b62fa7a5f2c","local_time":"20201223171350","is_ascension_mode":true,"campfire_choices":[{"data":"Scrape","floor":6,"key":"SMITH"},{"data":"Scrape","floor":15,"key":"SMITH"},{"floor":25,"key":"REST"},{"floor":30,"key":"REST"},{"floor":34,"key":"DIG"}],"circlet_count":0,"master_deck":["AscendersBane","Strike_B","Defend_B","Defend_B","Defend_B+1","Defend_B","Zap","Dualcast","Scrape+1","Scrape+1","Self Repair","Beam Cell","Go for the Eyes","Gash","Gash","Gash","Self Repair","Go for the Eyes","Core Surge","Scrape+1","Reprogram","Tempest+1","Gash","Reprogram+1","Go for the Eyes","All For One","Self Repair","Beam Cell+1","Beam Cell","Necronomicurse","Go for the Eyes+1","Beam Cell+1","Meteor Strike","Sunder","Double Energy+1"],"relics":["Cracked Core","Hammer of Thor","Seething Fire","Anvil of the Gods","Gremlin Food","Chemical X","Vajra","ReplayTheSpireMod:CursedCoin","StrikeDummy","Centennial Puzzle","Toxic Egg 2","MutagenicStrength","Tiny Chest","Necronomicon","Replay:Accelerometer","Replay:Wax Seal","Blue Candle"],"acts_visited":["Exordium","TheCity"],"potions_floor_usage":[11,16,18,23,23],"damage_taken":[{"damage":4,"enemies":"Small Slimes","floor":1,"turns":3},{"damage":0,"enemies":"2 Louse","floor":4,"turns":2},{"damage":0,"enemies":"Cultist","floor":5,"turns":2},{"damage":27,"enemies":"3 Sentries","floor":7,"turns":6},{"damage":7,"enemies":"2 Fungi Beasts","floor":10,"turns":2},{"damage":7,"enemies":"conspire:MimicChest","floor":11,"turns":3},{"damage":4,"enemies":"Blue Slaver","floor":12,"turns":2},{"damage":0,"enemies":"Large Slime","floor":13,"turns":3},{"damage":3,"enemies":"Exordium Wildlife","floor":14,"turns":2},{"damage":0,"enemies":"Slime Boss","floor":16,"turns":3},{"damage":9,"enemies":"Shell Parasite","floor":18,"turns":2},{"damage":8,"enemies":"Chosen","floor":19,"turns":3},{"damage":32,"enemies":"Gremlin Leader","floor":23,"turns":5},{"damage":9,"enemies":"Shelled Parasite and Fungi","floor":29,"turns":2},{"damage":1,"enemies":"3 Cultists","floor":31,"turns":3},{"damage":7,"enemies":"Centurion and Healer","floor":32,"turns":3},{"damage":68,"enemies":"Champ","floor":35,"turns":5}],"seed_played":"-6921671061860919509","potions_obtained":[{"floor":7,"key":"LiquidBronze"},{"floor":11,"key":"Adrenaline Potion"},{"floor":13,"key":"hexamod:EctoCoolerPotion"},{"floor":16,"key":"Energy Potion"},{"floor":18,"key":"Languid Potion"},{"floor":19,"key":"PowerPotion"},{"floor":31,"key":"Ancient Potion"},{"floor":32,"key":"Ancient Potion"}],"is_trial":false,"path_per_floor":["M","?","$","M","M","R","E","$","T","M","?","M","M","M","R","B",null,"M","M","?","$","?","E","?","R","PTL","PTL","T","M","R","M","M","$","R_BF","B"],"character_chosen":"DEFECT","items_purchased":["Gremlin Food","Chemical X","Scrape","Self Repair","Beam Cell","Vajra","Go for the Eyes","Gash","ReplayTheSpireMod:CursedCoin","Self Repair","Scrape","Sunder","Replay:Wax Seal","Double Energy+1"],"campfire_rested":2,"item_purchase_floors":[0,0,0,0,0,0,0,3,3,3,8,33,33,33],"current_hp_per_floor":[60,60,60,67,67,67,54,54,54,61,68,64,71,71,71,71,71,62,54,54,54,54,36,15,36,36,36,36,27,48,54,61,61,61,0,0],"gold":74,"neow_bonus":"","is_daily":false,"chose_seed":false,"campfire_upgraded":2,"win_rate":0.0,"timestamp":1608743630,"path_taken":["M","?","$","M","M","R","E","$","T","M","?","M","M","?","R","BOSS","M","M","?","$","?","E","?","R","PTL","PTL","T","M","R","?","M","?","R_BF","BOSS"],"items_purchased_type":["Relic","Relic","Card","Card","Card","Relic","Card","Card","Relic","Card","Card","Card","Relic","Card"],"build_version":"2020-12-13","purchased_purges":2,"victory":false,"max_hp_per_floor":[71,71,71,71,71,71,71,71,71,71,71,71,71,71,71,71,71,71,71,71,71,71,71,71,71,71,71,71,71,71,71,71,71,71,71,71],"card_choices":[{"not_picked":["Redo","Leap","Stack"],"picked":"SKIP","floor":1},{"not_picked":["Hologram","Conserve Battery"],"picked":"Go for the Eyes","floor":4},{"not_picked":["Hello World","Cold Snap","Coolheaded"],"picked":"SKIP","floor":5},{"not_picked":["Aggregate","Rebound"],"picked":"Core Surge","floor":7},{"not_picked":["Rebound","ReplayTheSpireMod:Calculation Training"],"picked":"Reprogram","floor":10},{"not_picked":["Rebound","Coolheaded+1"],"picked":"Tempest+1","floor":11},{"not_picked":["Go for the Eyes","Redo+1"],"picked":"Gash","floor":12},{"not_picked":["ReplaySort+1","Coolheaded+1"],"picked":"Reprogram+1","floor":13},{"not_picked":["Lockon","ReplaySolidLightProjector+1"],"picked":"Go for the Eyes","floor":14},{"not_picked":["BootSequence+1","Cold Snap"],"picked":"Self Repair","floor":18},{"not_picked":["Compile Driver","Rebound"],"picked":"Beam Cell","floor":19},{"not_picked":["Panic Button+1","Redo+1"],"picked":"Beam Cell","floor":23},{"not_picked":["Redo+1","Undo+1"],"picked":"Go for the Eyes+1","floor":29},{"not_picked":["ReplayTheSpireMod:GoodbyeWorld","Panic Button+1"],"picked":"Beam Cell+1","floor":31},{"not_picked":["conspire:Rain+1","Redo+1"],"picked":"Meteor Strike","floor":32}],"player_experience":2409775,"relics_obtained":[{"floor":7,"key":"StrikeDummy"},{"floor":9,"key":"Centennial Puzzle"},{"floor":11,"key":"Toxic Egg 2"},{"floor":23,"key":"Tiny Chest"},{"floor":24,"key":"Necronomicon"},{"floor":28,"key":"Replay:Accelerometer"},{"floor":34,"key":"Blue Candle"}],"event_choices":[{"cards_removed":["Strike_B"],"damage_healed":0,"gold_gain":0,"player_choice":"Forget","damage_taken":0,"max_hp_gain":0,"max_hp_loss":0,"event_name":"Living Wall","floor":2,"gold_loss":0},{"damage_healed":0,"gold_gain":0,"player_choice":"Inject Mutagens","damage_taken":0,"relics_obtained":["MutagenicStrength"],"max_hp_gain":0,"max_hp_loss":0,"event_name":"Drug Dealer","floor":20,"gold_loss":0},{"damage_healed":0,"gold_gain":50,"player_choice":"Stole From Cult","damage_taken":0,"max_hp_gain":0,"max_hp_loss":0,"event_name":"Nest","floor":22,"gold_loss":0},{"damage_healed":0,"gold_gain":0,"player_choice":"Obtained Book","damage_taken":21,"max_hp_gain":0,"max_hp_loss":0,"event_name":"Cursed Tome","floor":24,"gold_loss":0}],"is_beta":false,"boss_relics":[{"not_picked":["ReplayTheSpireMod:DimensionalGlitch","Velvet Choker","Honey Jar"]}],"items_purged_floors":[3,21],"is_endless":false,"potions_floor_spawned":[7,11,13,16,18,19,31,32],"killed_by":"Champ","ascension_level":15}}