{"host":"na09lpbrez4gbfiz","time":1608716211,"event":{"mods":["Act Like it!","BaseMod","BetterRewards","Colored Map","Colored Powertips","DeckTracker","Googly Eyes","Highlight Path","Minty Spire (QoL Compilation)","Quick Restart","Spicy Shops","StSLib","SuperFastMode","Synergy Search"],"gold_per_floor":[118,129,129,144,144,144,160,160,160,171,171,171,182,198,198,296,296,310,325,325,325],"floor_reached":20,"playtime":554,"items_purged":[],"score":252,"play_id":"cd4ac275-65d1-4c83-9b01-ad449ac80d20","local_time":"20201223103651","is_ascension_mode":true,"campfire_choices":[{"data":"Cleave","floor":6,"key":"SMITH"},{"data":"Dropkick","floor":8,"key":"SMITH"},{"data":"Thunderclap","floor":12,"key":"SMITH"},{"data":"Seeing Red","floor":15,"key":"SMITH"}],"circlet_count":0,"master_deck":["AscendersBane","Strike_R","Strike_R","Strike_R","Defend_R","Defend_R","Defend_R","Defend_R","Bash+1","Dropkick+1","Double Tap","Clothesline","Thunderclap+1","Regret","Cleave+1","Second Wind","Seeing Red+1","Limit Break","Carnage"],"relics":["Burning Blood","Eternal Feather","Gremlin Horn","Happy Flower","Cursed Key"],"acts_visited":["Exordium","TheCity"],"potions_floor_usage":[16,16,16],"damage_taken":[{"damage":18,"enemies":"Jaw Worm","floor":1,"turns":4},{"damage":6,"enemies":"Cultist","floor":2,"turns":3},{"damage":11,"enemies":"2 Louse","floor":4,"turns":2},{"damage":11,"enemies":"Looter","floor":7,"turns":2},{"damage":0,"enemies":"Gremlin Gang","floor":10,"turns":1},{"damage":10,"enemies":"Exordium Thugs","floor":13,"turns":3},{"damage":5,"enemies":"Looter","floor":14,"turns":3},{"damage":58,"enemies":"The Guardian","floor":16,"turns":10},{"damage":47,"enemies":"Spheric Guardian","floor":18,"turns":6},{"damage":6,"enemies":"3 Byrds","floor":19,"turns":5},{"damage":22,"enemies":"Centurion and Healer","floor":20,"turns":3}],"seed_played":"-8624886514378379397","potions_obtained":[{"floor":1,"key":"EssenceOfSteel"},{"floor":7,"key":"Weak Potion"},{"floor":13,"key":"AttackPotion"},{"floor":16,"key":"FearPotion"},{"floor":19,"key":"SteroidPotion"}],"is_trial":false,"path_per_floor":["M","M","?","M","T","R","M","R","T","M","?","R","M","M","R","B",null,"M","M","M"],"character_chosen":"IRONCLAD","items_purchased":[],"campfire_rested":0,"item_purchase_floors":[],"current_hp_per_floor":[60,60,60,55,55,64,59,68,68,72,72,72,68,69,72,20,59,18,18,0,0],"gold":325,"neow_bonus":"TRANSFORM_TWO_CARDS","is_daily":false,"chose_seed":false,"campfire_upgraded":4,"win_rate":0.0,"timestamp":1608716211,"path_taken":["M","M","?","M","?","R","M","R","T","?","?","R","M","M","R","BOSS","M","?","?"],"items_purchased_type":[],"build_version":"2020-12-22","purchased_purges":0,"victory":false,"max_hp_per_floor":[72,72,72,72,72,72,72,72,72,72,72,72,72,72,72,72,72,72,72,72,72],"card_choices":[{"not_picked":["Entrench","Evolve"],"picked":"Clothesline","floor":1},{"not_picked":["Sentinel","Reckless Charge"],"picked":"Thunderclap","floor":2},{"not_picked":["Havoc","Body Slam"],"picked":"Cleave","floor":4},{"not_picked":["Clothesline","Warcry","Pommel Strike"],"picked":"SKIP","floor":7},{"not_picked":["Twin Strike","Limit Break"],"picked":"Second Wind","floor":10},{"not_picked":["Ghostly Armor","Pommel Strike"],"picked":"Seeing Red","floor":13},{"not_picked":["Warcry","Body Slam","Clothesline"],"picked":"SKIP","floor":14},{"not_picked":["Exhume","Berserk"],"picked":"Limit Break","floor":16},{"not_picked":["Anger","Perfected Strike","Sword Boomerang"],"picked":"SKIP","floor":18},{"not_picked":["Heavy Blade","Sword Boomerang+1"],"picked":"Carnage","floor":19}],"player_experience":241325,"relics_obtained":[{"floor":5,"key":"Gremlin Horn"},{"floor":9,"key":"Happy Flower"}],"event_choices":[{"damage_healed":0,"gold_gain":0,"player_choice":"Box","damage_taken":0,"relics_obtained":["Eternal Feather"],"max_hp_gain":0,"max_hp_loss":0,"event_name":"Big Fish","floor":3,"gold_loss":0,"cards_obtained":["Regret"]},{"damage_healed":0,"gold_gain":0,"player_choice":"Upgraded","damage_taken":0,"max_hp_gain":0,"max_hp_loss":0,"event_name":"Upgrade Shrine","floor":11,"gold_loss":0,"cards_upgraded":["Bash"]}],"is_beta":false,"boss_relics":[{"not_picked":["Tiny House","Black Star"],"picked":"Cursed Key"}],"items_purged_floors":[],"is_endless":false,"potions_floor_spawned":[1,7,13,16,19],"killed_by":"Centurion and Healer","ascension_level":10}}