{"host":"3ek78t4i81ecmdy1","time":1608712663,"event":{"mods":["2.2 Compatiblity","AchievementEnabler","BaseMod","Colored Map","DeckTracker","Filter the Spire","Keyboard Shortcuts","Minty Spire (QoL Compilation)","Permanent Neow","Quick Restart","SuperFastMode","everything is the same but u backflip on backflip"],"gold_per_floor":[110,110,129,129,4,4,37,37,64,90,102,22,34,34,34,129,129,147,147,72,171,52,52,52],"floor_reached":23,"playtime":614,"items_purged":["Strike_G","Defend_G"],"score":205,"play_id":"cbcaebe1-4920-46c4-a80e-54b841ca5123","local_time":"20201223173743","is_ascension_mode":true,"campfire_choices":[{"floor":6,"key":"REST"},{"data":"Neutralize","floor":8,"key":"SMITH"},{"floor":15,"key":"REST"}],"circlet_count":0,"master_deck":["Strike_G","Strike_G+1","Strike_G","Defend_G","Defend_G","Defend_G+1","Survivor","Neutralize+1","Backstab","Poisoned Stab","Bane","Dodge and Roll","Deflect","Prepared","Concentrate","Venomology","PiercingWail+1","Crippling Poison","Grand Finale"],"relics":["Ring of the Snake","Snake Skull","Nunchaku","Bronze Scales","Vajra","The Courier","Runic Pyramid"],"acts_visited":["Exordium","TheCity"],"potions_floor_usage":[10,18,23],"damage_taken":[{"damage":0,"enemies":"2 Louse","floor":1,"turns":3},{"damage":5,"enemies":"Small Slimes","floor":3,"turns":4},{"damage":13,"enemies":"3 Sentries","floor":7,"turns":8},{"damage":8,"enemies":"Gremlin Nob","floor":10,"turns":3},{"damage":0,"enemies":"Jaw Worm","floor":11,"turns":2},{"damage":1,"enemies":"Red Slaver","floor":13,"turns":3},{"damage":20,"enemies":"Slime Boss","floor":16,"turns":14},{"damage":0,"enemies":"Chosen","floor":18,"turns":4},{"damage":33,"enemies":"Gremlin Leader","floor":23,"turns":7}],"seed_played":"-250192772387584537","potions_obtained":[{"floor":7,"key":"LiquidBronze"},{"floor":13,"key":"FearPotion"},{"floor":16,"key":"AttackPotion"}],"is_trial":false,"path_per_floor":["M","?","M","?","$","R","E","R","T","E","M","$","M","?","R","B",null,"M","?","?","?","$","E"],"character_chosen":"THE_SILENT","items_purchased":["Bane","Crippling Poison","Grand Finale"],"campfire_rested":2,"item_purchase_floors":[5,22,22],"current_hp_per_floor":[70,37,32,18,18,39,26,26,26,18,18,18,17,10,31,11,70,70,70,70,70,70,37,37],"gold":52,"neow_bonus":"RANDOM_COMMON_RELIC","is_daily":false,"chose_seed":false,"campfire_upgraded":1,"win_rate":0.0,"timestamp":1608712663,"path_taken":["M","?","M","?","?","R","E","R","T","E","M","$","?","?","R","BOSS","M","?","?","?","$","E"],"items_purchased_type":["Card","Card","Card"],"build_version":"2020-12-22","purchased_purges":2,"victory":false,"max_hp_per_floor":[70,70,70,70,70,70,70,70,70,70,70,70,70,70,70,70,70,70,70,70,70,70,70,70],"card_choices":[{"not_picked":["Prepared","Outmaneuver"],"picked":"Backstab","floor":1},{"not_picked":["Quick Slash","Bane"],"picked":"Poisoned Stab","floor":3},{"not_picked":["Well Laid Plans","Acrobatics"],"picked":"Dodge and Roll","floor":7},{"not_picked":["Blur","Flechettes"],"picked":"Deflect","floor":10},{"not_picked":["Quick Slash","Underhanded Strike"],"picked":"Prepared","floor":11},{"not_picked":["Underhanded Strike","Quick Slash"],"picked":"Concentrate","floor":13},{"not_picked":["Doppelganger","Malaise"],"picked":"Venomology","floor":16},{"not_picked":["Backflip","Sucker Punch"],"picked":"PiercingWail+1","floor":18}],"player_experience":25907,"relics_obtained":[{"floor":7,"key":"Bronze Scales"},{"floor":9,"key":"Vajra"},{"floor":10,"key":"The Courier"}],"event_choices":[{"damage_healed":0,"gold_gain":0,"player_choice":"Success","damage_taken":33,"relics_obtained":["Nunchaku"],"max_hp_gain":0,"max_hp_loss":0,"event_name":"Scrap Ooze","floor":2,"gold_loss":0},{"damage_healed":0,"gold_gain":0,"player_choice":"Entered Light","damage_taken":14,"max_hp_gain":0,"max_hp_loss":0,"event_name":"Shining Light","floor":4,"gold_loss":0,"cards_upgraded":["Strike_G","Defend_G"]},{"cards_removed":["Strike_G"],"damage_healed":0,"gold_gain":0,"player_choice":"Card Removal","damage_taken":7,"max_hp_gain":0,"max_hp_loss":0,"event_name":"Golden Wing","floor":14,"gold_loss":0},{"damage_healed":0,"gold_gain":0,"player_choice":"Ignored","damage_taken":0,"max_hp_gain":0,"max_hp_loss":0,"event_name":"Ghosts","floor":19,"gold_loss":0},{"cards_removed":["Defend_G"],"damage_healed":0,"gold_gain":0,"player_choice":"Gave Gold","damage_taken":0,"max_hp_gain":0,"max_hp_loss":0,"event_name":"Beggar","floor":20,"gold_loss":75},{"damage_healed":0,"gold_gain":99,"player_choice":"Stole From Cult","damage_taken":0,"max_hp_gain":0,"max_hp_loss":0,"event_name":"Nest","floor":21,"gold_loss":0}],"is_beta":false,"boss_relics":[{"not_picked":["Pandora\u0027s Box","Ectoplasm"],"picked":"Runic Pyramid"}],"items_purged_floors":[5,12],"is_endless":false,"potions_floor_spawned":[7,13,16],"killed_by":"Gremlin Leader","ascension_level":1}}