{"host":"6999i8eg5ewbhdiq","time":1608738295,"event":{"mods":["AchievementEnabler","BaseMod","Colored Map","Colored Powertips","Highlight Path","Minty Spire (QoL Compilation)"],"gold_per_floor":[112,122,141,156,156,156,175,207,207,36,36,36,63,74,74,74,74],"floor_reached":16,"playtime":1481,"items_purged":["Defend_B"],"score":123,"play_id":"fbd56dd4-55ef-4c8f-818f-c679fba44f83","local_time":"20201223164455","is_ascension_mode":true,"campfire_choices":[{"floor":6.0,"key":"REST"},{"data":"Genetic Algorithm","floor":11.0,"key":"SMITH"},{"floor":15.0,"key":"REST"}],"circlet_count":0,"master_deck":["Strike_B","Strike_B","Defend_B","Defend_B","Zap","Dualcast","Undo","Genetic Algorithm+1","Undo"],"relics":["Cracked Core","Gambling Chip","Pen Nib","Nunchaku"],"acts_visited":["Exordium"],"potions_floor_usage":[],"damage_taken":[{"damage":2.0,"enemies":"Jaw Worm","floor":1.0,"turns":4.0},{"damage":4.0,"enemies":"Small Slimes","floor":2.0,"turns":4.0},{"damage":8.0,"enemies":"2 Louse","floor":3.0,"turns":3.0},{"damage":7.0,"enemies":"Gremlin Gang","floor":4.0,"turns":6.0},{"damage":4.0,"enemies":"Large Slime","floor":7.0,"turns":6.0},{"damage":7.0,"enemies":"Lagavulin","floor":8.0,"turns":6.0},{"damage":37.0,"enemies":"Gremlin Nob","floor":13.0,"turns":5.0},{"damage":3.0,"enemies":"Blue Slaver","floor":14.0,"turns":4.0},{"damage":32,"enemies":"The Guardian","floor":16,"turns":16}],"seed_played":"6743980745598043834","potions_obtained":[{"floor":3.0,"key":"Fire Potion"},{"floor":4.0,"key":"SkillPotion"},{"floor":7.0,"key":"EssenceOfDarkness"},{"floor":8.0,"key":"Energy Potion"}],"is_trial":false,"path_per_floor":["M","M","M","M","?","R","M","E","T","$","R","?","E","M","R","B"],"character_chosen":"DEFECT","items_purchased":["Fruit Juice"],"campfire_rested":2,"item_purchase_floors":[10],"current_hp_per_floor":[66,62,54,47,47,67,63,56,56,61,61,54,17,14,35,3,3],"gold":74,"neow_bonus":"REMOVE_TWO","is_daily":false,"chose_seed":false,"campfire_upgraded":1,"win_rate":0.0,"timestamp":1608738295,"path_taken":["M","M","M","M","?","R","M","E","T","$","R","?","E","M","R","BOSS"],"items_purchased_type":["Potion"],"build_version":"2020-12-22","purchased_purges":1,"victory":false,"max_hp_per_floor":[68,68,68,68,68,68,68,68,68,73,73,73,73,73,73,73,73],"card_choices":[{"not_picked":["Streamline","Recycle"],"picked":"Undo","floor":1.0},{"not_picked":["Beam Cell","Reinforced Body"],"picked":"Genetic Algorithm","floor":2.0},{"not_picked":["Darkness","Melter","Hologram"],"picked":"SKIP","floor":3.0},{"not_picked":["Barrage","Chaos","White Noise"],"picked":"SKIP","floor":4.0},{"not_picked":["Coolheaded","Conserve Battery","FTL"],"picked":"SKIP","floor":7.0},{"not_picked":["Cold Snap","Rebound","Sweeping Beam"],"picked":"SKIP","floor":8.0},{"not_picked":["FTL","Steam","Recycle"],"picked":"SKIP","floor":13.0},{"not_picked":["Reinforced Body","Gash"],"picked":"Undo","floor":14.0}],"player_experience":93307,"relics_obtained":[{"floor":8.0,"key":"Gambling Chip"},{"floor":9.0,"key":"Pen Nib"},{"floor":13.0,"key":"Nunchaku"}],"event_choices":[{"damage_healed":0.0,"max_hp_gain":0.0,"max_hp_loss":0.0,"gold_gain":0.0,"event_name":"Golden Idol","player_choice":"Ignored","floor":5.0,"gold_loss":0.0,"damage_taken":0.0},{"cards_removed":["Defend_B"],"damage_healed":0.0,"max_hp_gain":0.0,"max_hp_loss":0.0,"gold_gain":0.0,"event_name":"Golden Wing","player_choice":"Card Removal","floor":12.0,"gold_loss":0.0,"damage_taken":7.0}],"is_beta":false,"boss_relics":[],"items_purged_floors":[10],"is_endless":false,"potions_floor_spawned":[3,4,7,8],"killed_by":"The Guardian","ascension_level":2}}