{"host":"6stms6pip0nke83b","time":1608762152,"event":{"mods":["BaseMod","Hermit","Minty Spire (QoL Compilation)","Quick Restart","Robot Space Explorer","Shade Mod","StSLib","The Hierophant","The IronCluck"],"gold_per_floor":[117,117,117,132,155,155,2,2,27,27,27,52,2,26,26,157,157,173,173,173,186,195,195,195],"floor_reached":23,"playtime":1029,"items_purged":[],"score":177,"play_id":"86eded49-cb5e-47f2-a9b7-b9685da92da6","local_time":"20201223232232","is_ascension_mode":false,"campfire_choices":[{"data":"Shade:AnimateDead","floor":6,"key":"SMITH"},{"data":"Shade:Coordination","floor":8,"key":"SMITH"},{"data":"Shade:Bonestorm","floor":15,"key":"SMITH"}],"circlet_count":0,"master_deck":["Shade:Strike_Shade","Shade:Strike_Shade","Shade:Defend_Shade","Shade:Defend_Shade","Shade:Defend_Shade","Shade:AnimateDead+1","Shade:CarefulCut","Shade:AuraOfUnlife","Shade:Coordination+1","Shade:Premonition","Shade:LyeBath","Shade:Bonestorm+1","Shade:MadHubris","Shade:PressTheAttack","Shade:AuraOfUnlife+1","Writhe"],"relics":["Shade:YorickSkull","NeowsBlessing","Golden Idol","Vajra","Potion Belt","Lantern","SlaversCollar","CeramicFish"],"acts_visited":["Exordium","TheCity"],"potions_floor_usage":[23,23],"damage_taken":[{"damage":0,"enemies":"Cultist","floor":1,"turns":1},{"damage":0,"enemies":"Jaw Worm","floor":4,"turns":1},{"damage":0,"enemies":"2 Louse","floor":5,"turns":1},{"damage":0,"enemies":"Looter","floor":14,"turns":2},{"damage":14,"enemies":"The Guardian","floor":16,"turns":7},{"damage":0,"enemies":"Chosen","floor":18,"turns":4},{"damage":0,"enemies":"Spheric Guardian","floor":21,"turns":3},{"damage":54,"enemies":"Slavers","floor":23,"turns":4}],"seed_played":"5755254379391528158","potions_obtained":[{"floor":14,"key":"ColorlessPotion"},{"floor":21,"key":"Explosive Potion"}],"is_trial":false,"path_per_floor":["M","?","?","M","M","R","$","R","T","?","?","T","?","M","R","B",null,"M","?","?","M","?","E"],"character_chosen":"SHADE","items_purchased":["Vajra"],"campfire_rested":0,"item_purchase_floors":[7],"current_hp_per_floor":[65,49,49,49,49,49,49,49,49,49,42,42,42,42,42,28,65,65,65,49,49,49,0,0],"gold":195,"neow_bonus":"THREE_ENEMY_KILL","is_daily":false,"chose_seed":false,"campfire_upgraded":3,"win_rate":0.0,"timestamp":1608762152,"path_taken":["M","?","?","?","M","R","$","R","T","?","?","?","?","M","R","BOSS","M","?","?","M","?","E"],"items_purchased_type":["Relic"],"build_version":"2020-12-22","purchased_purges":0,"victory":false,"max_hp_per_floor":[65,65,65,65,65,65,65,65,65,65,65,65,65,65,65,65,65,65,65,65,65,65,65,65],"card_choices":[{"not_picked":["Shade:FeralStrike","Shade:Brains"],"picked":"Shade:AuraOfUnlife","floor":1},{"not_picked":["Shade:GreyBargain","Shade:ScuttlingHand"],"picked":"Shade:Premonition","floor":4},{"not_picked":["Shade:FleshLikeOak","Shade:SpontaneousRitual"],"picked":"Shade:LyeBath","floor":5},{"not_picked":["Shade:Premonition","Shade:BoneShards"],"picked":"Shade:Bonestorm","floor":14},{"not_picked":["Shade:SelfBurial","Shade:LoseControl"],"picked":"Shade:MadHubris","floor":16},{"not_picked":["Shade:Frenzy+1","Shade:FleshOffering"],"picked":"Shade:PressTheAttack","floor":18},{"not_picked":["Shade:FuneraryJewels","Shade:StitchTogether"],"picked":"Shade:AuraOfUnlife+1","floor":21}],"player_experience":774803,"relics_obtained":[{"floor":9,"key":"Potion Belt"},{"floor":12,"key":"Lantern"}],"event_choices":[{"damage_healed":0,"gold_gain":0,"player_choice":"Take Damage","damage_taken":16,"relics_obtained":["Golden Idol"],"max_hp_gain":0,"max_hp_loss":0,"event_name":"Golden Idol","floor":2,"gold_loss":0},{"damage_healed":0,"gold_gain":0,"cards_transformed":["Shade:Strike_Shade"],"player_choice":"Transformed","damage_taken":0,"max_hp_gain":0,"max_hp_loss":0,"event_name":"Transmorgrifier","floor":3,"gold_loss":0,"cards_obtained":["Shade:Coordination"]},{"damage_healed":0,"gold_gain":0,"player_choice":"Ignored","damage_taken":0,"max_hp_gain":0,"max_hp_loss":0,"event_name":"Liars Game","floor":10,"gold_loss":0},{"cards_removed":["Shade:Defend_Shade"],"damage_healed":0,"gold_gain":0,"player_choice":"Card Removal","damage_taken":7,"max_hp_gain":0,"max_hp_loss":0,"event_name":"Golden Wing","floor":11,"gold_loss":0},{"cards_removed":["Shade:Strike_Shade"],"damage_healed":0,"gold_gain":0,"player_choice":"Card Removal","damage_taken":0,"max_hp_gain":0,"max_hp_loss":0,"event_name":"The Cleric","floor":13,"gold_loss":50},{"damage_healed":0,"gold_gain":0,"player_choice":"Ignored","damage_taken":0,"max_hp_gain":0,"max_hp_loss":0,"event_name":"Ghosts","floor":19,"gold_loss":0},{"damage_healed":0,"gold_gain":0,"player_choice":"Obtained Book","damage_taken":16,"max_hp_gain":0,"max_hp_loss":0,"event_name":"Cursed Tome","floor":20,"gold_loss":0},{"damage_healed":0,"gold_gain":0,"player_choice":"Opened","damage_taken":0,"relics_obtained":["CeramicFish"],"max_hp_gain":0,"max_hp_loss":0,"event_name":"The Mausoleum","floor":22,"gold_loss":0,"cards_obtained":["Writhe"]}],"is_beta":false,"boss_relics":[{"not_picked":["Busted Crown","Runic Dome"],"picked":"SlaversCollar"}],"items_purged_floors":[],"is_endless":false,"potions_floor_spawned":[14,21],"killed_by":"Slavers","ascension_level":0}}