{"host":"h792lphzw6wlba86","time":1608694565,"event":{"mods":["AchievementEnabler","Aspiration","BaseMod","Better Altar","Better Match","Better Note","Better Sensory Stone","Better Skull","Better Third Choice","BetterRewards","CCEM","Colored Map","Conspire","Downfall","GifTheSpireLib","Googly Eyes","Halation","Highlight Path","Hubris","Hunter ??","Jedi Mod","Mimic Mod","Minty Spire (QoL Compilation)","Permanent Neow","Replay The Spire","Shop Mod","Spicy Shops","StSLib","Stuff the Spire","The Jungle","Unceasing Turn Reminder","everything is the same but u backflip on backflip","slay the spire mod where everything is the same but ironclad has a cowboy hat"],"gold_per_floor":[99,99,45,45,45,59,128,128,53,53,53,53],"floor_reached":10,"playtime":497,"items_purged":["champ:Strike"],"score":52,"play_id":"adf9bf8d-28e8-46a9-999a-d02f3cbe4dfb","local_time":"20201222213605","is_ascension_mode":false,"campfire_choices":[{"floor":1,"key":"RECALL"},{"data":"champ:DefensiveShout","floor":9,"key":"SMITH"}],"circlet_count":0,"master_deck":["champ:Strike","champ:Strike","champ:Defend","champ:Defend","champ:Defend","champ:Defend","champ:Execute","champ:Taunt","champ:Circumvent","champ:Backstep","champ:DefensiveShout+1","champ:FocusedDefense","champ:FocusedDefense"],"relics":["champ:ChampionCrown","downfall:HeartsMalice","aspiration:FrozenJewel","DollysMirror","downfall:HeartBlessingRed"],"acts_visited":["Exordium"],"potions_floor_usage":[],"damage_taken":[{"damage":0,"enemies":"Cultist","floor":2,"turns":1},{"damage":0,"enemies":"downfall:FleeingMerchant","floor":3,"turns":1},{"damage":0,"enemies":"Small Slimes","floor":4,"turns":1},{"damage":8,"enemies":"Jaw Worm","floor":6,"turns":6},{"damage":72,"enemies":"Gremlin Nob","floor":10,"turns":5}],"seed_played":"-4901590804099491165","potions_obtained":[],"is_trial":false,"path_per_floor":["R","M","$","M","?","M","T","$","R","E"],"character_chosen":"THE_CHAMP","items_purchased":["champ:DefensiveShout","DollysMirror"],"campfire_rested":0,"item_purchase_floors":[3,8],"current_hp_per_floor":[90,90,90,90,90,90,90,75,75,3,3,3],"gold":53,"neow_bonus":"THREE_ENEMY_KILL","is_daily":false,"chose_seed":false,"campfire_upgraded":1,"win_rate":0.0,"timestamp":1608694565,"path_taken":["R","M","$","?","?","M","T","?","R","E"],"items_purchased_type":["Card","Relic"],"build_version":"2020-12-13","purchased_purges":1,"victory":false,"max_hp_per_floor":[90,90,90,90,90,90,90,90,90,90,90,90],"card_choices":[{"not_picked":["champ:FanOfKnives","champ:FaceSlap"],"picked":"champ:Circumvent","floor":2},{"not_picked":["champ:BerserkersShout","champ:FanOfKnives"],"picked":"champ:Backstep","floor":3},{"not_picked":["champ:RapidStrikes","champ:FanOfKnives","champ:PerfectedStrike"],"picked":"SKIP","floor":4},{"not_picked":["champ:AdrenalArmor","champ:IronFortress"],"picked":"champ:FocusedDefense","floor":6}],"player_experience":656505,"relics_obtained":[{"floor":7,"key":"aspiration:FrozenJewel"}],"event_choices":[{"cards_removed":["champ:Strike"],"damage_healed":0,"gold_gain":0,"player_choice":"Card Removal","damage_taken":0,"max_hp_gain":0,"max_hp_loss":0,"event_name":"The Cleric","floor":5,"gold_loss":0}],"is_beta":false,"boss_relics":[],"items_purged_floors":[8],"is_endless":false,"potions_floor_spawned":[],"killed_by":"Gremlin Nob","ascension_level":0}}