{"host":"hd496gdorkfoob6n","time":1608745928,"event":{"mods":["2.2 Compatiblity","BaseMod","Colored Map","Downfall","Minty Spire (QoL Compilation)","StSLib"],"gold_per_floor":[99,117,132,146,296,5,5,5,35,54,54,39,39,58,70,175,175,175,37,37,22,22,22,22],"floor_reached":22,"playtime":2395,"items_purged":["champ:Defend","champ:Strike"],"score":182,"play_id":"eccf835a-73f7-4bb1-a606-f47e53605c7e","local_time":"20201223125208","is_ascension_mode":false,"campfire_choices":[{"floor":1,"key":"RECALL"},{"data":"champ:Taunt","floor":8,"key":"SMITH"},{"data":"champ:HoldFirm","floor":13,"key":"SMITH"},{"data":"champ:StanceDance","floor":18,"key":"SMITH"}],"circlet_count":0,"master_deck":["champ:Strike","champ:Strike","champ:Strike","champ:Defend","champ:Defend","champ:Defend","champ:Execute","champ:Taunt+1","champ:Backstep","champ:EnragedBash","champ:IronFortress","Slimebound:Icky","champ:EnGarde","champ:FocusedBerserking","champ:BerserkersShout","champ:CheapShot","champ:Backstep","champ:ShieldWall","champ:HoldFirm+1","champ:StanceDance+1","champ:FocusedBerserking","champ:ShieldThrow","champ:CrookedStrike","champ:DefensiveShout"],"relics":["Velvet Choker","Shuriken","PreservedInsect","SlaversCollar"],"acts_visited":["Exordium","TheCity"],"potions_floor_usage":[16],"damage_taken":[{"damage":6,"enemies":"Cultist","floor":2,"turns":4},{"damage":0,"enemies":"2 Louse","floor":3,"turns":2},{"damage":10,"enemies":"Jaw Worm","floor":4,"turns":4},{"damage":12,"enemies":"downfall:FleeingMerchant","floor":6,"turns":4},{"damage":43,"enemies":"Gremlin Nob","floor":9,"turns":5},{"damage":43,"enemies":"Blue Slaver","floor":10,"turns":4},{"damage":41,"enemies":"downfall:FleeingMerchant","floor":12,"turns":5},{"damage":26,"enemies":"Large Slime","floor":14,"turns":8},{"damage":20,"enemies":"3 Louse","floor":15,"turns":3},{"damage":88,"enemies":"downfall:Silent","floor":16,"turns":13},{"damage":7,"enemies":"downfall:FleeingMerchant","floor":19,"turns":4},{"damage":11,"enemies":"downfall:FleeingMerchant","floor":21,"turns":5},{"damage":96,"enemies":"Shell Parasite","floor":22,"turns":7}],"seed_played":"7391082939702403562","potions_obtained":[{"floor":10,"key":"Strength Potion"},{"floor":14,"key":"Weak Potion"},{"floor":15,"key":"Slimebound:ThreeZeroPotion"},{"floor":16,"key":"Regen Potion"}],"is_trial":false,"path_per_floor":["R","M","M","M","?","$","T","R","E","M","?","$","R","M","M","B",null,"R","$","?","$","M"],"character_chosen":"THE_CHAMP","items_purchased":["champ:FocusedBerserking","champ:BerserkersShout","champ:CheapShot","champ:CrookedStrike"],"campfire_rested":0,"item_purchase_floors":[6,6,6,19],"current_hp_per_floor":[90,89,89,86,86,86,86,86,62,39,90,75,75,74,61,32,90,90,90,90,90,0,0,0],"gold":22,"neow_bonus":"BOSS_RELIC","is_daily":false,"chose_seed":false,"campfire_upgraded":3,"win_rate":0.0,"timestamp":1608745928,"path_taken":["R","M","M","M","?","$","T","R","E","M","?","$","R","?","M","BOSS","R","$","?","$","M"],"items_purchased_type":["Card","Card","Card","Card"],"build_version":"2020-12-13","purchased_purges":2,"victory":false,"max_hp_per_floor":[90,90,90,90,90,90,90,90,90,90,90,90,90,90,90,90,90,90,90,90,90,90,90,90],"card_choices":[{"not_picked":["champ:PerfectedStrike","champ:Haymaker"],"picked":"champ:Backstep","floor":2},{"not_picked":["champ:PreciseThrust","champ:DefensiveShout"],"picked":"champ:EnragedBash","floor":3},{"not_picked":["champ:FaceSlap","champ:Riposte"],"picked":"champ:IronFortress","floor":4},{"not_picked":["champ:Riposte","champ:GladiatorsShout"],"picked":"champ:EnGarde","floor":6},{"not_picked":["champ:Haymaker","champ:FanOfKnives"],"picked":"champ:Backstep","floor":9},{"not_picked":["champ:StanceDance","champ:DefensiveShout"],"picked":"champ:ShieldWall","floor":10},{"not_picked":["champ:StanceDance","champ:EndlessRage"],"picked":"champ:HoldFirm","floor":12},{"not_picked":["champ:ViciousMockery","champ:DefensiveShout"],"picked":"champ:StanceDance","floor":14},{"not_picked":["champ:PerfectedStrike","champ:FaceSlap"],"picked":"champ:FocusedBerserking","floor":15},{"not_picked":["champ:Improvising","champ:ShieldSlam"],"picked":"champ:ShieldThrow","floor":16},{"not_picked":["champ:Backstep","champ:BladeFlurry+1","champ:FightOn"],"picked":"SKIP","floor":19},{"not_picked":["champ:GladiatorStyle","champ:AdrenalArmor","champ:FanOfKnives+1"],"picked":"SKIP","floor":21}],"player_experience":59818,"relics_obtained":[{"floor":7,"key":"Shuriken"},{"floor":9,"key":"PreservedInsect"}],"event_choices":[{"damage_healed":51,"gold_gain":0,"player_choice":"Full Heal","damage_taken":0,"max_hp_gain":0,"max_hp_loss":0,"event_name":"Wheel of Change","floor":11,"gold_loss":0},{"damage_healed":0,"gold_gain":0,"player_choice":"Read","damage_taken":0,"max_hp_gain":0,"max_hp_loss":0,"event_name":"The Library","floor":20,"gold_loss":0,"cards_obtained":["champ:DefensiveShout"]}],"is_beta":false,"boss_relics":[{"not_picked":["Astrolabe","Calling Bell"],"picked":"SlaversCollar"}],"items_purged_floors":[6,19],"is_endless":false,"potions_floor_spawned":[10,14,15,16],"killed_by":"Shell Parasite","ascension_level":0}}