{"host":"30jsp143e4v19aze","time":1608682129,"event":{"mods":["BaseMod","Colored Map","Colored Powertips","Curses Come First","DeckTracker","Highlight Path","Minty Spire (QoL Compilation)","Quick Restart","Relic Stats","StSLib"],"gold_per_floor":[114,114,127,127,144,176,176,24,50,85,85,113,140,169,181,290,302,330,441,478,340,1,1,35,35,89,106,106,106,116,147,147,247,247,257,257,157,171,111,137,148,180,235,235,235,253,284,297,297,297,297],"floor_reached":50,"playtime":3410,"items_purged":["Barrage","Meteor Strike"],"score":697,"play_id":"36eff343-2288-484c-a8e6-04d605cf75a4","local_time":"20201223010849","is_ascension_mode":true,"campfire_choices":[{"data":"Darkness","floor":7,"key":"SMITH"},{"data":"Doom and Gloom","floor":11,"key":"SMITH"},{"data":"Darkness","floor":15,"key":"SMITH"},{"data":"Glacier","floor":23,"key":"SMITH"},{"data":"Multi-Cast","floor":25,"key":"SMITH"},{"data":"Self Repair","floor":29,"key":"SMITH"},{"data":"Capacitor","floor":32,"key":"SMITH"},{"data":"Consume","floor":44,"key":"SMITH"},{"floor":49,"key":"RECALL"}],"circlet_count":0,"master_deck":["Zap","Dualcast","Ball Lightning","Rebound","Capacitor+1","Darkness+1","Cold Snap","Doom and Gloom+1","Skim","Turbo","Conserve Battery","Darkness+1","Self Repair+1","Echo Form","Reinforced Body","Rebound","Storm","Glacier+1","Storm","Fusion+1","Skim","Multi-Cast+1","Heatsinks","BootSequence","Glacier","Echo Form","Capacitor","Consume+1","Multi-Cast","Consume"],"relics":["Velvet Choker","Ornamental Fan","Strawberry","Dream Catcher","Bag of Marbles","MawBank","Pandora\u0027s Box","Orrery","OrangePellets","Omamori","Anchor","Regal Pillow","Runic Pyramid","Happy Flower","Juzu Bracelet","Blood Vial","Bag of Preparation"],"acts_visited":["Exordium","TheCity","TheBeyond"],"potions_floor_usage":[6,10,10,31,33,41,47,47,48],"damage_taken":[{"damage":6,"enemies":"Cultist","floor":1,"turns":4},{"damage":2,"enemies":"Jaw Worm","floor":3,"turns":3},{"damage":4,"enemies":"2 Louse","floor":5,"turns":3},{"damage":17,"enemies":"Gremlin Nob","floor":6,"turns":4},{"damage":6,"enemies":"3 Sentries","floor":10,"turns":5},{"damage":10,"enemies":"Gremlin Nob","floor":12,"turns":3},{"damage":11,"enemies":"Exordium Thugs","floor":13,"turns":3},{"damage":3,"enemies":"Exordium Wildlife","floor":14,"turns":3},{"damage":11,"enemies":"Hexaghost","floor":16,"turns":8},{"damage":18,"enemies":"3 Byrds","floor":18,"turns":4},{"damage":24,"enemies":"Book of Stabbing","floor":24,"turns":5},{"damage":0,"enemies":"Chosen","floor":27,"turns":3},{"damage":15,"enemies":"Snake Plant","floor":30,"turns":5},{"damage":15,"enemies":"Gremlin Leader","floor":31,"turns":6},{"damage":21,"enemies":"Champ","floor":33,"turns":8},{"damage":0,"enemies":"3 Shapes","floor":35,"turns":5},{"damage":42,"enemies":"3 Darklings","floor":38,"turns":8},{"damage":0,"enemies":"Nemesis","floor":40,"turns":9},{"damage":27,"enemies":"Transient","floor":41,"turns":5},{"damage":15,"enemies":"Giant Head","floor":42,"turns":9},{"damage":32,"enemies":"Jaw Worm Horde","floor":46,"turns":4},{"damage":12,"enemies":"Reptomancer","floor":47,"turns":5},{"damage":1,"enemies":"Writhing Mass","floor":48,"turns":4},{"damage":68,"enemies":"Time Eater","floor":50,"turns":8}],"seed_played":"4123085893628460012","potions_obtained":[{"floor":3,"key":"Swift Potion"},{"floor":5,"key":"Energy Potion"},{"floor":6,"key":"Block Potion"},{"floor":12,"key":"GamblersBrew"},{"floor":27,"key":"EssenceOfDarkness"},{"floor":30,"key":"SteroidPotion"},{"floor":33,"key":"SkillPotion"},{"floor":35,"key":"DistilledChaos"},{"floor":42,"key":"Fire Potion"},{"floor":47,"key":"Energy Potion"}],"is_trial":false,"path_per_floor":["M","?","M","T","M","E","R","$","T","E","R","E","M","M","R","B",null,"M","?","T","$","$","R","E","R","T","M","?","R","M","E","R","B",null,"M","?","$","M","?","E","M","E","T","R","$","M","E","M","R","B"],"character_chosen":"DEFECT","items_purchased":["Doom and Gloom","Skim","Turbo","Orrery","Heatsinks","OrangePellets","BootSequence"],"campfire_rested":0,"item_purchase_floors":[8,8,8,21,22,22,22],"current_hp_per_floor":[69,69,67,67,63,53,53,53,53,47,47,37,26,23,23,19,82,71,71,71,71,71,71,54,54,54,61,61,61,56,51,51,40,82,82,82,82,50,50,70,63,58,58,58,58,28,28,49,49,0,0],"gold":297,"neow_bonus":"BOSS_RELIC","is_daily":false,"chose_seed":false,"campfire_upgraded":8,"win_rate":0.0,"timestamp":1608682129,"path_taken":["M","?","M","?","?","E","R","?","T","E","R","E","M","M","R","BOSS","M","?","?","?","$","R","E","R","T","M","?","R","M","E","R","BOSS","M","?","$","M","?","E","?","E","T","R","?","M","E","M","R","BOSS"],"items_purchased_type":["Card","Card","Card","Relic","Card","Relic","Card"],"build_version":"2020-12-13","purchased_purges":2,"victory":false,"max_hp_per_floor":[75,75,75,75,75,82,82,82,82,82,82,82,82,82,82,82,82,82,82,82,82,82,82,82,82,82,82,82,82,82,82,82,82,82,82,82,82,82,82,82,82,82,82,82,82,82,82,82,82,82,82],"relic_stats":{"Blood Vial":8,"OrangePellets":[7],"Dream Catcher":0,"Regal Pillow":0,"Happy Flower":[11],"counters":[24,124],"Ornamental Fan":[28],"Pandora\u0027s Box":["Reinforced Body","Rebound","Storm","Glacier","Meteor Strike","Barrage","Storm"],"Juzu Bracelet":0,"Bag of Preparation":[4],"MawBank":108,"obtain_stats":[{"Regal Pillow":31,"Happy Flower":40,"Velvet Choker":0,"Omamori":24,"Juzu Bracelet":42,"Bag of Preparation":47,"MawBank":12,"Blood Vial":43,"OrangePellets":22,"Dream Catcher":9,"Anchor":26,"Ornamental Fan":4,"Strawberry":6,"Orrery":21,"Pandora\u0027s Box":17,"Bag of Marbles":10,"Cracked Core":0,"Runic Pyramid":34},{"Regal Pillow":14,"Happy Flower":18,"Velvet Choker":0,"Omamori":11,"Juzu Bracelet":20,"Bag of Preparation":22,"MawBank":6,"Blood Vial":20,"OrangePellets":10,"Dream Catcher":4,"Anchor":11,"Ornamental Fan":2,"Strawberry":4,"Orrery":10,"Pandora\u0027s Box":9,"Bag of Marbles":5,"Cracked Core":0,"Runic Pyramid":15},{"Regal Pillow":59,"Happy Flower":89,"Velvet Choker":0,"Omamori":45,"Juzu Bracelet":103,"Bag of Preparation":112,"MawBank":22,"Blood Vial":103,"OrangePellets":40,"Dream Catcher":14,"Anchor":45,"Ornamental Fan":7,"Strawberry":14,"Orrery":40,"Pandora\u0027s Box":36,"Bag of Marbles":19,"Cracked Core":0,"Runic Pyramid":67}]},"card_choices":[{"not_picked":["Storm","Loop"],"picked":"Ball Lightning","floor":1},{"not_picked":["Storm","Streamline"],"picked":"Capacitor","floor":3},{"not_picked":["Turbo","Compile Driver"],"picked":"Darkness","floor":5},{"not_picked":["Turbo","Machine Learning"],"picked":"Cold Snap","floor":6},{"not_picked":["Gash","Beam Cell"],"picked":"Meteor Strike","floor":10},{"not_picked":["Undo","Rip and Tear"],"picked":"Conserve Battery","floor":12},{"not_picked":["Chaos","Streamline"],"picked":"Darkness","floor":13},{"not_picked":["Genetic Algorithm","Beam Cell"],"picked":"Self Repair","floor":14},{"not_picked":["Biased Cognition","Amplify"],"picked":"Echo Form","floor":16},{"not_picked":["Steam","Barrage+1","Rebound"],"picked":"SKIP","floor":18},{"not_picked":["Stack","Steam+1"],"picked":"Fusion+1","floor":21},{"not_picked":["Auto Shields","Gash"],"picked":"Skim","floor":21},{"not_picked":["Force Field+1","Doom and Gloom"],"picked":"Multi-Cast","floor":21},{"not_picked":["Stack","Aggregate","Streamline"],"picked":"SKIP","floor":24},{"not_picked":["Beam Cell","Compile Driver+1","Hello World"],"picked":"SKIP","floor":27},{"not_picked":["Hologram","Barrage","Leap"],"picked":"SKIP","floor":30},{"not_picked":["Lockon","Leap","Rebound"],"picked":"SKIP","floor":31},{"not_picked":["Meteor Strike","Reboot"],"picked":"Echo Form","floor":33},{"not_picked":["Go for the Eyes","Hologram+1"],"picked":"Capacitor","floor":35},{"not_picked":["Lockon+1","Sweeping Beam"],"picked":"Consume","floor":38},{"not_picked":["Genetic Algorithm+1","Steam Power","Sweeping Beam+1"],"picked":"SKIP","floor":40},{"not_picked":["Hello World+1","Go for the Eyes"],"picked":"Multi-Cast","floor":41},{"not_picked":["Compile Driver","Storm","Coolheaded+1"],"picked":"SKIP","floor":42},{"not_picked":["Storm+1","Conserve Battery","Beam Cell+1"],"picked":"SKIP","floor":46},{"not_picked":["Steam","All For One","Leap"],"picked":"SKIP","floor":47},{"not_picked":["Sweeping Beam","Compile Driver+1"],"picked":"Consume","floor":48}],"player_experience":3074590,"relics_obtained":[{"floor":4,"key":"Ornamental Fan"},{"floor":6,"key":"Strawberry"},{"floor":9,"key":"Dream Catcher"},{"floor":10,"key":"Bag of Marbles"},{"floor":12,"key":"MawBank"},{"floor":24,"key":"Omamori"},{"floor":26,"key":"Anchor"},{"floor":31,"key":"Regal Pillow"},{"floor":40,"key":"Happy Flower"},{"floor":42,"key":"Juzu Bracelet"},{"floor":43,"key":"Blood Vial"},{"floor":47,"key":"Bag of Preparation"}],"event_choices":[{"damage_healed":0,"gold_gain":0,"cards_transformed":["Strike_B"],"player_choice":"Change","damage_taken":0,"max_hp_gain":0,"max_hp_loss":0,"event_name":"Living Wall","floor":2,"gold_loss":0,"cards_obtained":["Rebound"]},{"damage_healed":0,"gold_gain":99,"player_choice":"Stole From Cult","damage_taken":0,"max_hp_gain":0,"max_hp_loss":0,"event_name":"Nest","floor":19,"gold_loss":0},{"damage_healed":0,"gold_gain":0,"player_choice":"Read","damage_taken":0,"max_hp_gain":0,"max_hp_loss":0,"event_name":"The Library","floor":28,"gold_loss":0,"cards_obtained":["Glacier"]},{"damage_healed":0,"gold_gain":0,"player_choice":"Memory 1","damage_taken":0,"max_hp_gain":0,"max_hp_loss":0,"event_name":"SensoryStone","floor":36,"gold_loss":0},{"cards_removed":["Meteor Strike"],"damage_healed":0,"gold_gain":0,"player_choice":"Single Remove","damage_taken":0,"max_hp_gain":0,"max_hp_loss":0,"event_name":"Designer","floor":39,"gold_loss":60}],"is_beta":false,"boss_relics":[{"not_picked":["Empty Cage","Runic Dome"],"picked":"Pandora\u0027s Box"},{"not_picked":["Tiny House","SacredBark"],"picked":"Runic Pyramid"}],"items_purged_floors":[22,37],"is_endless":false,"potions_floor_spawned":[3,5,6,12,27,30,33,35,38,42,46,47],"killed_by":"Time Eater","ascension_level":2}}