{"host":"o0q01dgb4z8zpo6o","time":1608686228,"event":{"mods":["BaseMod","GifTheSpireLib","Minty Spire (QoL Compilation)","Relic Stats","StSLib"],"gold_per_floor":[111,111,30,41,61,61,73,83,108,108,108,142,142,177,177,254,304,323,323,207,194,209,209,209],"floor_reached":23,"playtime":894,"items_purged":["Defend_B"],"score":362,"play_id":"c533bbe1-50ef-4474-9dc3-7923941df112","local_time":"20201222171708","is_ascension_mode":true,"campfire_choices":[{"data":"Sunder","floor":6,"key":"SMITH"},{"floor":11,"key":"REST"},{"data":"Static Discharge","floor":13,"key":"SMITH"},{"floor":15,"key":"REST"}],"circlet_count":0,"master_deck":["AscendersBane","Strike_B+1","Strike_B+1","Defend_B","Defend_B","Defend_B","Zap","Dualcast","Sunder+1","Capacitor","Sweeping Beam","Coolheaded","Recycle","Static Discharge+1","Glacier+1","Echo Form","Blizzard","Glacier","Glacier","Cold Snap"],"relics":["Black Star","Happy Flower","Akabeko","Whetstone","Bag of Marbles","Blue Candle","MealTicket","Tiny House"],"acts_visited":["Exordium","TheCity"],"potions_floor_usage":[14,14,23],"damage_taken":[{"damage":4,"enemies":"Jaw Worm","floor":1,"turns":4},{"damage":6,"enemies":"Cultist","floor":4,"turns":4},{"damage":5,"enemies":"Small Slimes","floor":5,"turns":3},{"damage":7,"enemies":"Gremlin Gang","floor":7,"turns":3},{"damage":8,"enemies":"Blue Slaver","floor":8,"turns":2},{"damage":29,"enemies":"Lagavulin","floor":12,"turns":7},{"damage":14,"enemies":"Gremlin Nob","floor":14,"turns":4},{"damage":22,"enemies":"Hexaghost","floor":16,"turns":10},{"damage":26,"enemies":"Shell Parasite","floor":18,"turns":5},{"damage":8,"enemies":"2 Thieves","floor":21,"turns":4},{"damage":23,"enemies":"Snake Plant","floor":22,"turns":5},{"damage":21,"enemies":"Slavers","floor":23,"turns":2}],"seed_played":"5125126181517154504","potions_obtained":[{"floor":4,"key":"SpeedPotion"},{"floor":7,"key":"FocusPotion"},{"floor":14,"key":"Explosive Potion"},{"floor":17,"key":"Strength Potion"}],"is_trial":false,"path_per_floor":["M","?","$","M","M","R","M","M","T","?","R","E","R","E","R","B",null,"M","?","$","M","M","E"],"character_chosen":"DEFECT","items_purchased":["Sunder","Glacier"],"campfire_rested":2,"item_purchase_floors":[3,20],"current_hp_per_floor":[60,60,60,54,49,49,42,34,34,27,48,19,19,5,26,4,59,33,33,48,40,17,0,0],"gold":209,"neow_bonus":"BOSS_RELIC","is_daily":false,"chose_seed":false,"campfire_upgraded":2,"win_rate":0.0,"timestamp":1608686228,"path_taken":["M","?","$","?","M","R","?","M","T","?","R","E","R","E","R","BOSS","M","?","$","M","M","E"],"items_purchased_type":["Card","Card"],"build_version":"2020-12-13","purchased_purges":1,"victory":false,"max_hp_per_floor":[71,71,71,71,71,71,71,71,71,71,71,71,71,71,71,71,76,76,76,76,76,76,76,76],"relic_stats":{"Happy Flower":[16],"counters":[12,53],"Blue Candle":[0],"MealTicket":15,"Black Star":2,"Whetstone":["Strike_B","Strike_B"],"obtain_stats":[{"Tiny House":17,"Happy Flower":2,"Blue Candle":14,"MealTicket":14,"Black Star":0,"Bag of Marbles":12,"Whetstone":12,"Cracked Core":0,"Akabeko":9},{"Tiny House":8,"Happy Flower":1,"Blue Candle":7,"MealTicket":7,"Black Star":0,"Bag of Marbles":6,"Whetstone":6,"Cracked Core":0,"Akabeko":5},{"Tiny House":37,"Happy Flower":4,"Blue Candle":27,"MealTicket":27,"Black Star":0,"Bag of Marbles":23,"Whetstone":23,"Cracked Core":0,"Akabeko":16}]},"card_choices":[{"not_picked":["Gash","Scrape"],"picked":"Darkness","floor":1},{"not_picked":["Hologram","Double Energy"],"picked":"Capacitor","floor":4},{"not_picked":["Barrage","Streamline"],"picked":"Sweeping Beam","floor":5},{"not_picked":["Rebound","Undo"],"picked":"Coolheaded","floor":7},{"not_picked":["FTL","Reprogram"],"picked":"Recycle","floor":8},{"not_picked":["Undo","Streamline"],"picked":"Static Discharge","floor":12},{"not_picked":["Hello World","Stack"],"picked":"Glacier","floor":14},{"not_picked":["Buffer","Seek"],"picked":"Echo Form","floor":16},{"not_picked":["Steam Power","Genetic Algorithm"],"picked":"Blizzard","floor":17},{"not_picked":["Streamline","Lockon"],"picked":"Glacier","floor":18},{"not_picked":["Sunder+1","Scrape","Go for the Eyes"],"picked":"SKIP","floor":21},{"not_picked":["Darkness","Steam Power+1"],"picked":"Cold Snap","floor":22}],"player_experience":1026329,"relics_obtained":[{"floor":9,"key":"Akabeko"},{"floor":12,"key":"Whetstone"},{"floor":12,"key":"Bag of Marbles"},{"floor":14,"key":"Blue Candle"},{"floor":14,"key":"MealTicket"}],"event_choices":[{"cards_removed":["Darkness"],"damage_healed":0,"gold_gain":0,"player_choice":"Gave Card","damage_taken":0,"relics_obtained":["Happy Flower"],"max_hp_gain":0,"max_hp_loss":0,"event_name":"WeMeetAgain","floor":2,"gold_loss":0},{"cards_removed":["Strike_B"],"damage_healed":0,"gold_gain":0,"player_choice":"Card Removal","damage_taken":7,"max_hp_gain":0,"max_hp_loss":0,"event_name":"Golden Wing","floor":10,"gold_loss":0},{"cards_removed":["Strike_B"],"damage_healed":0,"gold_gain":0,"player_choice":"Purged","damage_taken":0,"max_hp_gain":0,"max_hp_loss":0,"event_name":"Purifier","floor":19,"gold_loss":0}],"is_beta":false,"boss_relics":[{"not_picked":["Fusion Hammer","Runic Dome"],"picked":"Tiny House"}],"items_purged_floors":[20],"is_endless":false,"potions_floor_spawned":[4,7,12,14],"killed_by":"Slavers","ascension_level":16}}