{"host":"ue7jlgf7uv134an9","time":1608704417,"event":{"mods":["BaseMod","Better Third Choice","Defuse TimeMaze Blight","Minty Spire (QoL Compilation)","Quick Restart","Rare Cards Sparkle","Relic Stats","StSLib","UnlockEverythingMod"],"gold_per_floor":[119,119,119,69,88,121,121,155,180,180,198,211,235,254,254,384,384,408,408,408,98,98,132,157,182,182,182,202,225,256,276,276,395,395,416,434,767,784,556,556,566,592,592,602,602,620,631,649,649,649,649,649,1,32,32],"floor_reached":56,"playtime":4494,"items_purged":["Defend_G+1","Strike_G+1","Parasite"],"score":1335,"play_id":"f1da4786-f968-4ff6-b173-c8e203699a52","local_time":"20201223012017","is_ascension_mode":false,"campfire_choices":[{"data":"Dagger Spray","floor":7.0,"key":"SMITH"},{"floor":10.0,"key":"REST"},{"data":"Footwork","floor":15.0,"key":"SMITH"},{"data":"Wraith Form v2","floor":27.0,"key":"SMITH"},{"data":"Barricade","floor":32.0,"key":"SMITH"},{"data":"Omniscience","floor":40.0,"key":"SMITH"},{"floor":49.0,"key":"RECALL"},{"data":"Well Laid Plans","floor":52.0,"key":"SMITH"}],"circlet_count":0,"master_deck":["Strike_G+1","Strike_G+1","Defend_G+1","Defend_G+1","Defend_G+1","Survivor","Neutralize","Dagger Spray+1","Masterful Stab","Footwork+1","Backstab+1","Cloak And Dagger+1","Blade Dance","Flying Knee+1","Venomology","Wraith Form v2+1","Blur+1","Heel Hook+1","Die Die Die+1","Well Laid Plans+1","Seek+1","CutThroughFate+1","Omniscience+1","Sucker Punch+1","Barricade+1","WheelKick+1","Hyperbeam+1","CurseOfTheBell","Chill+1","Aggregate+1","Predator+1","Blade Dance","Thunderclap+1","Swivel+1","Transmutation","Feed+1","EmptyMind+1","Body Slam+1","ThirdEye","Conserve Battery","Secret Technique","Omniscience+1","Corpse Explosion","Crescendo"],"relics":["Ring of the Snake","NeowsBlessing","Ornamental Fan","Molten Egg 2","Potion Belt","Black Star","PrismaticShard","Dead Branch","War Paint","Question Card","Vajra","InkBottle","Calling Bell","Kunai","Smiling Mask","Shovel","Orrery","Dream Catcher","Nunchaku","Pear","DollysMirror","Bag of Preparation","Toy Ornithopter"],"acts_visited":["Exordium","TheCity","TheBeyond","TheEnding"],"potions_floor_usage":[55,55,55],"damage_taken":[{"damage":0.0,"enemies":"Cultist","floor":1.0,"turns":1.0},{"damage":0.0,"enemies":"Small Slimes","floor":5.0,"turns":1.0},{"damage":0.0,"enemies":"3 Sentries","floor":6.0,"turns":1.0},{"damage":15.0,"enemies":"Lagavulin","floor":8.0,"turns":9.0},{"damage":0.0,"enemies":"2 Louse","floor":11.0,"turns":1.0},{"damage":0.0,"enemies":"Blue Slaver","floor":12.0,"turns":1.0},{"damage":0.0,"enemies":"Gremlin Gang","floor":13.0,"turns":3.0},{"damage":0.0,"enemies":"2 Fungi Beasts","floor":14.0,"turns":2.0},{"damage":13.0,"enemies":"Slime Boss","floor":16.0,"turns":7.0},{"damage":0.0,"enemies":"Chosen","floor":18.0,"turns":5.0},{"damage":0.0,"enemies":"Slavers","floor":23.0,"turns":2.0},{"damage":0.0,"enemies":"2 Thieves","floor":24.0,"turns":2.0},{"damage":0.0,"enemies":"Shelled Parasite and Fungi","floor":25.0,"turns":4.0},{"damage":0.0,"enemies":"Centurion and Healer","floor":28.0,"turns":4.0},{"damage":3.0,"enemies":"Snecko","floor":29.0,"turns":4.0},{"damage":9.0,"enemies":"Gremlin Leader","floor":30.0,"turns":5.0},{"damage":0.0,"enemies":"3 Cultists","floor":31.0,"turns":2.0},{"damage":11.0,"enemies":"Champ","floor":33.0,"turns":9.0},{"damage":0.0,"enemies":"3 Darklings","floor":35.0,"turns":1.0},{"damage":5.0,"enemies":"3 Shapes","floor":36.0,"turns":5.0},{"damage":1.0,"enemies":"Transient","floor":38.0,"turns":5.0},{"damage":3.0,"enemies":"4 Shapes","floor":41.0,"turns":5.0},{"damage":0.0,"enemies":"Reptomancer","floor":42.0,"turns":3.0},{"damage":0.0,"enemies":"Writhing Mass","floor":44.0,"turns":4.0},{"damage":1.0,"enemies":"3 Darklings","floor":46.0,"turns":3.0},{"damage":0.0,"enemies":"Jaw Worm Horde","floor":47.0,"turns":3.0},{"damage":5.0,"enemies":"Writhing Mass","floor":48.0,"turns":7.0},{"damage":35.0,"enemies":"Time Eater","floor":50.0,"turns":10.0},{"damage":2.0,"enemies":"Shield and Spear","floor":54.0,"turns":2.0},{"damage":8,"enemies":"The Heart","floor":55,"turns":6}],"seed_played":"-5856337457970364368","potions_obtained":[{"floor":1.0,"key":"Explosive Potion"},{"floor":11.0,"key":"Poison Potion"},{"floor":12.0,"key":"SkillPotion"},{"floor":14.0,"key":"LiquidMemories"},{"floor":24.0,"key":"Fire Potion"},{"floor":25.0,"key":"GamblersBrew"},{"floor":33.0,"key":"CultistPotion"},{"floor":38.0,"key":"SpeedPotion"},{"floor":42.0,"key":"GhostInAJar"}],"is_trial":false,"path_per_floor":["M","T","?","?","M","E","R","E","T","R","M","M","M","M","R","B",null,"M","?","?","$","?","E","M","M","T","R","M","M","E","M","R","B",null,"M","M","?","M","$","R","M","E","T","M","?","M","M","M","R","B",null,"R","$","E","B",null],"character_chosen":"THE_SILENT","items_purchased":["PrismaticShard","Well Laid Plans","Blade Dance","Orrery","Secret Technique","DollysMirror","BlessingOfTheForge","Corpse Explosion","GamblersBrew","EssenceOfSteel"],"campfire_rested":1,"item_purchase_floors":[21,21,39,39,53,53,53,53,53,53],"current_hp_per_floor":[70,70,53,53,53,53,53,38,38,59,59,59,59,59,59,46,70,70,70,70,70,70,70,70,70,70,70,70,67,58,58,58,47,70,70,65,65,64,64,64,61,61,71,71,71,70,70,65,65,30,80,80,77,75,77],"gold":32,"neow_bonus":"THREE_ENEMY_KILL","is_daily":false,"chose_seed":false,"campfire_upgraded":6,"win_rate":0.0,"timestamp":1608704417,"path_taken":["M","?","?","?","M","E","R","E","T","R","M","M","M","M","R","BOSS","M","?","?","$","?","E","M","M","T","R","?","M","E","M","R","BOSS","M","M","?","M","$","R","M","E","T","M","?","M","M","M","R","BOSS","R","$","E","BOSS"],"items_purchased_type":["Relic","Card","Card","Relic","Card","Relic","Potion","Card","Potion","Potion"],"build_version":"2020-12-13","purchased_purges":3,"victory":true,"max_hp_per_floor":[70,70,70,70,70,70,70,70,70,70,70,70,70,70,70,70,70,70,70,70,70,70,70,70,70,70,70,70,70,70,70,70,70,70,70,70,70,70,70,70,70,70,80,80,80,80,80,80,80,80,80,80,77,77,77],"relic_stats":{"counters":[30,117],"Dead Branch":[218],"Bag of Preparation":[2],"War Paint":["Seek","Cloak And Dagger"],"Question Card":21,"Smiling Mask":125,"Dream Catcher":0,"Nunchaku":[10],"Shovel":0,"Ornamental Fan":[384],"Black Star":4,"Kunai":[41],"obtain_stats":[{"Potion Belt":8,"Pear":43,"NeowsBlessing":0,"Golden Idol":3,"Dead Branch":23,"Vajra":30,"Bag of Preparation":54,"War Paint":23,"PrismaticShard":21,"Question Card":26,"Smiling Mask":34,"Calling Bell":34,"Dream Catcher":42,"Nunchaku":42,"Shovel":34,"Ornamental Fan":2,"DollysMirror":53,"Orrery":39,"Molten Egg 2":6,"Black Star":17,"Kunai":34,"InkBottle":30,"Toy Ornithopter":54,"Ring of the Snake":0},{"Potion Belt":4,"Pear":23,"NeowsBlessing":0,"Golden Idol":1,"Dead Branch":11,"Vajra":16,"Bag of Preparation":29,"War Paint":11,"PrismaticShard":10,"Question Card":13,"Smiling Mask":18,"Calling Bell":18,"Dream Catcher":23,"Nunchaku":23,"Shovel":18,"Ornamental Fan":1,"DollysMirror":28,"Orrery":21,"Molten Egg 2":3,"Black Star":9,"Kunai":18,"InkBottle":16,"Toy Ornithopter":29,"Ring of the Snake":0},{"Potion Belt":12,"Pear":82,"NeowsBlessing":0,"Golden Idol":1,"Dead Branch":33,"Vajra":52,"Bag of Preparation":111,"War Paint":33,"PrismaticShard":31,"Question Card":39,"Smiling Mask":63,"Calling Bell":63,"Dream Catcher":82,"Nunchaku":82,"Shovel":63,"Ornamental Fan":1,"DollysMirror":109,"Orrery":74,"Molten Egg 2":3,"Black Star":26,"Kunai":63,"InkBottle":52,"Toy Ornithopter":111,"Ring of the Snake":0}],"InkBottle":[39],"Toy Ornithopter":10,"Ring of the Snake":[60]},"card_choices":[{"not_picked":["Deadly Poison","Backflip"],"picked":"Dagger Spray","floor":1.0},{"not_picked":["Deadly Poison","Escape Plan"],"picked":"Masterful Stab","floor":5.0},{"not_picked":["Heel Hook+1","Skewer+1"],"picked":"Footwork","floor":6.0},{"not_picked":["Bane+1","Leg Sweep"],"picked":"Backstab+1","floor":8.0},{"not_picked":["Dagger Spray+1","PiercingWail"],"picked":"Cloak And Dagger","floor":11.0},{"not_picked":["PiercingWail","Underhanded Strike+1"],"picked":"Blade Dance","floor":12.0},{"not_picked":["Caltrops","Deadly Poison"],"picked":"Flying Knee+1","floor":13.0},{"not_picked":["Riddle With Holes+1","Tactician"],"picked":"Venomology","floor":14.0},{"not_picked":["Unload+1","Bullet Time"],"picked":"Wraith Form v2","floor":16.0},{"not_picked":["Bane+1","Riddle With Holes+1"],"picked":"Blur+1","floor":18.0},{"not_picked":["Dramatic Entrance+1","Good Instincts"],"picked":"Seek","floor":23.0},{"not_picked":["Acrobatics","PathToVictory+1","Bane+1"],"picked":"SKIP","floor":24.0},{"not_picked":["SashWhip+1","Go for the Eyes+1"],"picked":"CutThroughFate+1","floor":25.0},{"not_picked":["Turbo","Outmaneuver","CutThroughFate+1"],"picked":"Omniscience","floor":28.0},{"not_picked":["Heavy Blade+1","WreathOfFlame","Slice+1"],"picked":"Sucker Punch+1","floor":29.0},{"not_picked":["Quick Slash+1","Iron Wave+1","Defragment"],"picked":"Barricade","floor":30.0},{"not_picked":["EmptyFist+1","Blur","ClearTheMind+1"],"picked":"WheelKick+1","floor":31.0},{"not_picked":["Venomology","Corruption","Seek"],"picked":"Hyperbeam+1","floor":33.0},{"not_picked":["Conserve Battery+1","Shrug It Off+1","Underhanded Strike+1"],"picked":"Chill+1","floor":35.0},{"not_picked":["Swift Strike+1","Consume","Beam Cell+1"],"picked":"Aggregate+1","floor":36.0},{"not_picked":["Well Laid Plans","PanicButton+1","Blind"],"picked":"Predator+1","floor":38.0},{"not_picked":["SashWhip+1","Heavy Blade+1","Beam Cell+1"],"picked":"Thunderclap+1","floor":39.0},{"not_picked":["Armaments","Bane+1","Clash+1"],"picked":"Finesse+1","floor":39.0},{"not_picked":["Dagger Spray+1","Rebound+1","Gash+1"],"picked":"Swivel+1","floor":39.0},{"not_picked":["Defragment+1","Loop","Tantrum+1"],"picked":"Transmutation","floor":39.0},{"not_picked":["Flame Barrier","Ball Lightning+1","Steam+1"],"picked":"Feed+1","floor":39.0},{"not_picked":["Hello World","Searing Blow+1","PathToVictory+1","Thunderclap+1"],"picked":"SKIP","floor":41.0},{"not_picked":["Ball Lightning+1","Wild Strike+1","LikeWater","Dagger Throw+1"],"picked":"SKIP","floor":42.0},{"not_picked":["WheelKick+1","ClearTheMind+1","Go for the Eyes+1"],"picked":"EmptyMind+1","floor":44.0},{"not_picked":["Sword Boomerang+1","Deflect+1","Flying Knee+1"],"picked":"Body Slam+1","floor":46.0},{"not_picked":["Caltrops","Distraction","Lockon+1"],"picked":"ThirdEye","floor":47.0},{"not_picked":["Disarm","Clothesline+1","PiercingWail"],"picked":"Conserve Battery","floor":48.0},{"not_picked":["Rip and Tear+1","Trip+1","Thunderclap+1"],"picked":"Crescendo","floor":54.0}],"player_experience":37818,"relics_obtained":[{"floor":2.0,"key":"Ornamental Fan"},{"floor":6.0,"key":"Molten Egg 2"},{"floor":8.0,"key":"Potion Belt"},{"floor":23.0,"key":"Dead Branch"},{"floor":23.0,"key":"War Paint"},{"floor":26.0,"key":"Question Card"},{"floor":30.0,"key":"Vajra"},{"floor":30.0,"key":"InkBottle"},{"floor":34.0,"key":"Kunai"},{"floor":34.0,"key":"Smiling Mask"},{"floor":34.0,"key":"Shovel"},{"floor":42.0,"key":"Dream Catcher"},{"floor":42.0,"key":"Nunchaku"},{"floor":43.0,"key":"Pear"},{"floor":54.0,"key":"Bag of Preparation"},{"floor":54.0,"key":"Toy Ornithopter"}],"event_choices":[{"damage_healed":0.0,"max_hp_gain":0.0,"max_hp_loss":0.0,"gold_gain":0.0,"event_name":"Golden Idol","player_choice":"Take Damage","floor":3.0,"gold_loss":0.0,"damage_taken":17.0,"relics_obtained":["Golden Idol"]},{"cards_removed":["Defend_G"],"damage_healed":0.0,"max_hp_gain":0.0,"max_hp_loss":0.0,"gold_gain":0.0,"event_name":"The Cleric","player_choice":"Card Removal","floor":4.0,"gold_loss":50.0,"damage_taken":0.0},{"damage_healed":0.0,"max_hp_gain":0.0,"max_hp_loss":9.0,"gold_gain":0.0,"event_name":"betterThird:BetterWriting","player_choice":"Simplicity","floor":19.0,"gold_loss":0.0,"damage_taken":0.0},{"damage_healed":0.0,"max_hp_gain":0.0,"max_hp_loss":0.0,"gold_gain":0.0,"cards_transformed":["Strike_G","Strike_G"],"event_name":"Drug Dealer","player_choice":"Became Test Subject","floor":20.0,"gold_loss":0.0,"damage_taken":0.0,"cards_obtained":["Heel Hook","Die Die Die"]},{"damage_healed":0.0,"max_hp_gain":0.0,"max_hp_loss":0.0,"gold_gain":0.0,"event_name":"Wheel of Change","player_choice":"Full Heal","floor":22.0,"gold_loss":0.0,"damage_taken":0.0},{"damage_healed":0.0,"max_hp_gain":0.0,"max_hp_loss":0.0,"gold_gain":333.0,"event_name":"The Moai Head","player_choice":"Gave Idol","floor":37.0,"relics_lost":["Golden Idol"],"gold_loss":0.0,"damage_taken":0.0},{"cards_removed":["Finesse"],"damage_healed":0.0,"max_hp_gain":0.0,"max_hp_loss":0.0,"gold_gain":0.0,"event_name":"Falling","player_choice":"Removed Skill","floor":45.0,"gold_loss":0.0,"damage_taken":0.0}],"is_beta":false,"boss_relics":[{"not_picked":["HoveringKite","Empty Cage"],"picked":"Black Star"},{"not_picked":["Tiny House","Sozu"],"picked":"Calling Bell"}],"items_purged_floors":[21,39,53],"is_endless":false,"potions_floor_spawned":[1,11,12,14,24,25,33,38,42,46,47],"ascension_level":0}}