{"host":"52jmisti11ysmja4","time":1608756670,"event":{"mods":["Aspiration","BaseMod","Better Third Choice","Hermit","Koishi","Minty Spire (QoL Compilation)","Remove Card Discount Mod","Shade Mod","StSLib","The Cursed","The Servant 0.9.4","The Vixen"],"gold_per_floor":[110,130,140,140,155,155,181,194,240,240,240],"floor_reached":10,"playtime":276,"items_purged":[],"score":140,"play_id":"bb901c3d-9efa-44cb-a162-1d7fe424c314","local_time":"20201223125110","is_ascension_mode":true,"campfire_choices":[{"data":"Twin Strike","floor":6,"key":"SMITH"}],"circlet_count":0,"master_deck":["AscendersBane","Strike_R","Strike_R","Strike_R","Strike_R","Strike_R","Defend_R","Defend_R","Defend_R","Defend_R","Bash","Bloodletting","Pommel Strike","Twin Strike+1","Brutality","Anger+1","Wild Strike+1"],"relics":["Burning Blood","NeowsBlessing","Molten Egg 2","Bag of Marbles"],"acts_visited":["Exordium"],"potions_floor_usage":[3,7,7],"damage_taken":[{"damage":0,"enemies":"Cultist","floor":1,"turns":1},{"damage":0,"enemies":"Jaw Worm","floor":2,"turns":1},{"damage":0,"enemies":"2 Louse","floor":3,"turns":1},{"damage":21,"enemies":"Blue Slaver","floor":5,"turns":3},{"damage":46,"enemies":"Lagavulin","floor":7,"turns":4},{"damage":12,"enemies":"Looter","floor":8,"turns":3},{"damage":0,"enemies":"3 Sentries","floor":10,"turns":1}],"seed_played":"-733396976658197647","potions_obtained":[{"floor":1,"key":"Fruit Juice"},{"floor":2,"key":"Energy Potion"},{"floor":5,"key":"LiquidBronze"}],"is_trial":false,"path_per_floor":["M","M","M","$","M","R","E","M","T","E"],"character_chosen":"IRONCLAD","items_purchased":[],"campfire_rested":0,"item_purchase_floors":[],"current_hp_per_floor":[74,75,80,80,65,65,25,19,19,19,19],"gold":240,"neow_bonus":"THREE_ENEMY_KILL","is_daily":false,"chose_seed":false,"campfire_upgraded":1,"win_rate":0.0,"timestamp":1608756670,"path_taken":["M","M","M","$","M","R","E","?","T","E"],"items_purchased_type":[],"build_version":"2020-12-22","purchased_purges":0,"victory":false,"max_hp_per_floor":[75,75,80,80,80,80,80,80,80,80,80],"card_choices":[{"not_picked":["Fire Breathing","Flex"],"picked":"Bloodletting","floor":1},{"not_picked":["Havoc","Wild Strike"],"picked":"Pommel Strike","floor":2},{"not_picked":["Searing Blow","Wild Strike"],"picked":"Twin Strike","floor":3},{"not_picked":["Headbutt","Flame Barrier"],"picked":"Brutality","floor":5},{"not_picked":["Pommel Strike+1","Spot Weakness"],"picked":"Anger+1","floor":7},{"not_picked":["Second Wind","Disarm"],"picked":"Wild Strike+1","floor":8}],"player_experience":606108,"relics_obtained":[{"floor":7,"key":"Molten Egg 2"},{"floor":9,"key":"Bag of Marbles"}],"event_choices":[],"is_beta":false,"boss_relics":[],"items_purged_floors":[],"is_endless":false,"potions_floor_spawned":[1,2,5],"killed_by":"3 Sentries","ascension_level":20}}