{"host":"h2zaclyrd1q1i31f","time":1608707725,"event":{"mods":["BaseMod","Minty Spire (QoL Compilation)","Permanent Neow","StSLib"],"gold_per_floor":[116,116,129,54,78,78,78,78,78,92,123,123,161,182,182,311,311,334,234,234,234,249,249,281,196,267,299,299,69,83,98,98,98,98],"floor_reached":33,"playtime":1366,"items_purged":["Strike_R","Strike_R"],"score":343,"play_id":"61f5a245-fe0a-4359-ab76-b8eb88ddc7ef","local_time":"20201223011525","is_ascension_mode":false,"campfire_choices":[{"data":"Fiend Fire","floor":6,"key":"SMITH"},{"data":"Bash","floor":8,"key":"SMITH"},{"data":"Infernal Blade","floor":12,"key":"SMITH"},{"data":"Metallicize","floor":15,"key":"SMITH"},{"data":"Iron Wave","floor":23,"key":"SMITH"},{"data":"Immolate","floor":28,"key":"SMITH"},{"data":"Rage","floor":32,"key":"SMITH"}],"circlet_count":0,"master_deck":["Strike_R","Strike_R","Defend_R+1","Defend_R","Defend_R","Defend_R+1","Bash+1","Reckless Charge","Fiend Fire+1","Sword Boomerang","Infernal Blade+1","Metallicize+1","Immolate+1","Iron Wave+1","Dropkick","Metallicize+1","Rage+1","Clothesline+1"],"relics":["Burning Blood","Bloody Idol","Dream Catcher","White Beast Statue","Gremlin Horn","Black Star","PreservedInsect","War Paint","Mercury Hourglass","Bottled Flame","Shuriken","WingedGreaves","DollysMirror"],"acts_visited":["Exordium","TheCity"],"potions_floor_usage":[11,13,16,16,22,24,24,31,31,33,33],"damage_taken":[{"damage":14,"enemies":"Small Slimes","floor":1,"turns":5},{"damage":6,"enemies":"Jaw Worm","floor":3,"turns":6},{"damage":1,"enemies":"Cultist","floor":5,"turns":3},{"damage":11,"enemies":"Gremlin Gang","floor":10,"turns":5},{"damage":0,"enemies":"Gremlin Nob","floor":11,"turns":2},{"damage":18,"enemies":"Lagavulin","floor":13,"turns":3},{"damage":5,"enemies":"2 Fungi Beasts","floor":14,"turns":3},{"damage":36,"enemies":"Hexaghost","floor":16,"turns":12},{"damage":1,"enemies":"Chosen","floor":18,"turns":4},{"damage":13,"enemies":"Shell Parasite","floor":22,"turns":4},{"damage":0,"enemies":"Slavers","floor":24,"turns":1},{"damage":34,"enemies":"Book of Stabbing","floor":27,"turns":6},{"damage":3,"enemies":"Cultist and Chosen","floor":30,"turns":3},{"damage":7,"enemies":"Centurion and Healer","floor":31,"turns":2},{"damage":97,"enemies":"Champ","floor":33,"turns":12}],"seed_played":"-6491791101854552915","potions_obtained":[{"floor":10,"key":"Fire Potion"},{"floor":11,"key":"BlessingOfTheForge"},{"floor":13,"key":"LiquidBronze"},{"floor":14,"key":"DuplicationPotion"},{"floor":16,"key":"Energy Potion"},{"floor":18,"key":"LiquidMemories"},{"floor":22,"key":"LiquidMemories"},{"floor":24,"key":"Explosive Potion"},{"floor":27,"key":"Explosive Potion"},{"floor":30,"key":"DistilledChaos"},{"floor":31,"key":"Regen Potion"}],"is_trial":false,"path_per_floor":["M","?","M","$","M","R","?","R","T","M","E","R","E","M","R","B",null,"M","$","?","?","M","R","E","?","T","E","R","$","M","M","R","B"],"character_chosen":"IRONCLAD","items_purchased":["DollysMirror","Rage"],"campfire_rested":0,"item_purchase_floors":[29,29],"current_hp_per_floor":[72,52,52,52,57,57,57,57,57,52,58,58,46,47,47,17,80,80,80,80,80,78,78,80,80,80,57,57,57,65,69,69,0,0],"gold":98,"neow_bonus":"REMOVE_CARD","is_daily":false,"chose_seed":false,"campfire_upgraded":7,"win_rate":0.0,"timestamp":1608707725,"path_taken":["M","?","M","$","M","R","?","R","T","?","E","R","E","?","R","BOSS","M","$","?","?","M","R","E","?","T","E","R","$","M","M","R","BOSS"],"items_purchased_type":["Relic","Card"],"build_version":"2020-12-22","purchased_purges":2,"victory":false,"max_hp_per_floor":[80,80,80,80,80,80,80,80,80,80,80,80,80,80,80,80,80,80,80,80,80,80,80,80,80,80,80,80,80,80,80,80,80,80],"card_choices":[{"not_picked":["Armaments","Shrug It Off"],"picked":"Warcry","floor":1},{"not_picked":["Pommel Strike","Dark Embrace"],"picked":"Reckless Charge","floor":3},{"not_picked":["True Grit","Cleave"],"picked":"Fiend Fire","floor":5},{"not_picked":["Wild Strike","Cleave"],"picked":"Sword Boomerang","floor":10},{"not_picked":["True Grit","Rupture"],"picked":"Infernal Blade","floor":11},{"not_picked":["Anger","Headbutt"],"picked":"Metallicize","floor":13},{"not_picked":["Reckless Charge","Clothesline","Flex"],"picked":"SKIP","floor":14},{"not_picked":["Reaper","Corruption"],"picked":"Immolate","floor":16},{"not_picked":["Clash","Thunderclap","Anger"],"picked":"SKIP","floor":18},{"not_picked":["Perfected Strike","Thunderclap"],"picked":"Iron Wave","floor":22},{"not_picked":["Burning Pact","Wild Strike"],"picked":"Dropkick","floor":24},{"not_picked":["Clash","Dual Wield","Sword Boomerang+1"],"picked":"SKIP","floor":27},{"not_picked":["Wild Strike","Anger"],"picked":"Clothesline+1","floor":30},{"not_picked":["Bloodletting+1","Twin Strike","Perfected Strike"],"picked":"SKIP","floor":31}],"player_experience":57591,"relics_obtained":[{"floor":11,"key":"White Beast Statue"},{"floor":13,"key":"Gremlin Horn"},{"floor":24,"key":"PreservedInsect"},{"floor":24,"key":"War Paint"},{"floor":26,"key":"Bottled Flame"},{"floor":27,"key":"Shuriken"},{"floor":27,"key":"WingedGreaves"}],"event_choices":[{"damage_healed":0,"gold_gain":0,"player_choice":"Take Damage","damage_taken":20,"relics_obtained":["Golden Idol"],"max_hp_gain":0,"max_hp_loss":0,"event_name":"Golden Idol","floor":2,"gold_loss":0},{"cards_removed":["Warcry"],"damage_healed":0,"gold_gain":0,"player_choice":"Gave Card","damage_taken":0,"relics_obtained":["Dream Catcher"],"max_hp_gain":0,"max_hp_loss":0,"event_name":"WeMeetAgain","floor":7,"gold_loss":0},{"damage_healed":0,"gold_gain":0,"player_choice":"Gave Idol","damage_taken":0,"relics_obtained":["Bloody Idol"],"max_hp_gain":0,"max_hp_loss":0,"event_name":"Forgotten Altar","floor":20,"relics_lost":["Golden Idol"],"gold_loss":0},{"damage_healed":0,"gold_gain":0,"player_choice":"Ignored","damage_taken":0,"max_hp_gain":0,"max_hp_loss":0,"event_name":"Ghosts","floor":21,"gold_loss":0},{"damage_healed":0,"gold_gain":0,"player_choice":"Obtained Relic","damage_taken":0,"relics_obtained":["Mercury Hourglass"],"max_hp_gain":0,"max_hp_loss":0,"event_name":"Addict","floor":25,"gold_loss":85}],"is_beta":false,"boss_relics":[{"not_picked":["Runic Pyramid","Astrolabe"],"picked":"Black Star"}],"items_purged_floors":[4,19],"is_endless":false,"potions_floor_spawned":[10,11,13,14,16,18,22,24,27,30,31],"killed_by":"Champ","ascension_level":0}}