{"host":"o7j6aatxjwpw1421","time":1608746049,"event":{"mods":["2.2 Compatiblity","BaseMod","Colored Map","DeckTracker","Highlight Path","Keyboard Shortcuts","Minty Spire (QoL Compilation)","Permanent Neow","Quick Restart","StSLib","SuperFastMode","everything is the same but u backflip on backflip"],"gold_per_floor":[361,361,376,153,170,170,170,186,186,186,199,234,234,255,255,385,385,410,454,469,469,59,59,93,93,119,119,119,142,142,166,166,166,166],"floor_reached":33,"playtime":1616,"items_purged":["Strike_R","Strike_R"],"score":411,"play_id":"4dc16d84-0e15-4b3c-a27f-7415084322c7","local_time":"20201224025409","is_ascension_mode":true,"campfire_choices":[{"data":"Armaments","floor":6.0,"key":"SMITH"},{"floor":13.0,"key":"REST"},{"data":"Seeing Red","floor":15.0,"key":"SMITH"},{"floor":23.0,"key":"REST"},{"data":"Barricade","floor":25.0,"key":"SMITH"},{"data":"Body Slam","floor":27.0,"key":"SMITH"},{"data":"1","floor":30.0,"key":"LIFT"},{"floor":32.0,"key":"REST"}],"circlet_count":0,"master_deck":["AscendersBane","Strike_R","Strike_R+1","Strike_R","Defend_R","Defend_R","Defend_R","Defend_R","Bash","Pommel Strike","Shrug It Off+1","Armaments+1","Disarm","Seeing Red+1","Wild Strike","Barricade+1","Shockwave","Body Slam+1","Seeing Red+1"],"relics":["Burning Blood","Bag of Preparation","Golden Idol","Gambling Chip","Sozu","Red Mask","Tiny Chest","Girya","Strawberry","Juzu Bracelet"],"acts_visited":["Exordium","TheCity"],"potions_floor_usage":[33],"damage_taken":[{"damage":7.0,"enemies":"Cultist","floor":1.0,"turns":6.0},{"damage":13.0,"enemies":"Jaw Worm","floor":3.0,"turns":5.0},{"damage":4.0,"enemies":"Small Slimes","floor":5.0,"turns":4.0},{"damage":2.0,"enemies":"3 Louse","floor":8.0,"turns":6.0},{"damage":0.0,"enemies":"Exordium Wildlife","floor":11.0,"turns":4.0},{"damage":35.0,"enemies":"Gremlin Nob","floor":12.0,"turns":5.0},{"damage":0.0,"enemies":"Lots of Slimes","floor":14.0,"turns":6.0},{"damage":21.0,"enemies":"Hexaghost","floor":16.0,"turns":14.0},{"damage":0.0,"enemies":"Shell Parasite","floor":18.0,"turns":6.0},{"damage":22.0,"enemies":"Masked Bandits","floor":19.0,"turns":6.0},{"damage":37.0,"enemies":"Spheric Guardian","floor":20.0,"turns":8.0},{"damage":33.0,"enemies":"Slavers","floor":24.0,"turns":11.0},{"damage":0.0,"enemies":"3 Cultists","floor":29.0,"turns":6.0},{"damage":0.0,"enemies":"Snake Plant","floor":31.0,"turns":4.0},{"damage":34,"enemies":"Collector","floor":33,"turns":5}],"seed_played":"7868320428462872605","potions_obtained":[{"floor":3.0,"key":"Strength Potion"},{"floor":8.0,"key":"Weak Potion"},{"floor":14.0,"key":"LiquidMemories"},{"floor":16.0,"key":"FearPotion"}],"is_trial":false,"path_per_floor":["M","$","M","$","M","R","?","M","T","?","M","E","R","M","R","B",null,"M","?","M","?","$","R","E","R","T","R","$","M","R","M","R","B"],"character_chosen":"IRONCLAD","items_purchased":["Bag of Preparation","Girya"],"campfire_rested":3,"item_purchase_floors":[4,22],"current_hp_per_floor":[71,71,64,64,66,66,48,52,52,38,44,15,36,42,42,27,61,67,51,20,20,20,41,21,21,21,21,21,27,27,33,56,22,22],"gold":166,"neow_bonus":"TWO_FIFTY_GOLD","is_daily":false,"chose_seed":false,"campfire_upgraded":4,"win_rate":0.0,"timestamp":1608746049,"path_taken":["M","?","M","$","M","R","?","M","T","?","M","E","R","M","R","BOSS","M","?","M","?","$","R","E","R","T","R","$","M","R","M","R","BOSS"],"items_purchased_type":["Relic","Relic"],"build_version":"2020-12-22","purchased_purges":2,"victory":false,"max_hp_per_floor":[72,72,72,72,72,72,72,72,72,72,72,72,72,72,72,72,72,72,72,72,72,72,72,79,79,79,79,79,79,79,79,79,79,79],"card_choices":[{"not_picked":["Clothesline","Headbutt"],"picked":"Pommel Strike","floor":1.0},{"not_picked":["Cleave","Headbutt"],"picked":"Shrug It Off","floor":3.0},{"not_picked":["Clash","Heavy Blade"],"picked":"Armaments","floor":5.0},{"not_picked":["Headbutt","Iron Wave","Evolve"],"picked":"SKIP","floor":8.0},{"not_picked":["Armaments","Fiend Fire"],"picked":"Disarm","floor":11.0},{"not_picked":["Feel No Pain","Heavy Blade"],"picked":"Seeing Red","floor":12.0},{"not_picked":["True Grit","Pommel Strike"],"picked":"Wild Strike","floor":14.0},{"not_picked":["Brutality","Reaper"],"picked":"Barricade","floor":16.0},{"not_picked":["Thunderclap+1","Clash+1","Inflame"],"picked":"SKIP","floor":18.0},{"not_picked":["Seeing Red","Burning Pact"],"picked":"Shockwave","floor":20.0},{"not_picked":["Seeing Red+1","Rage"],"picked":"Body Slam","floor":24.0},{"not_picked":["Sword Boomerang+1","Whirlwind"],"picked":"Seeing Red+1","floor":29.0},{"not_picked":["Twin Strike","Perfected Strike","Disarm"],"picked":"SKIP","floor":31.0}],"player_experience":348779,"relics_obtained":[{"floor":12.0,"key":"Gambling Chip"},{"floor":19.0,"key":"Red Mask"},{"floor":21.0,"key":"Tiny Chest"},{"floor":24.0,"key":"Strawberry"},{"floor":26.0,"key":"Juzu Bracelet"}],"event_choices":[{"damage_healed":0.0,"max_hp_gain":0.0,"max_hp_loss":0.0,"gold_gain":0.0,"event_name":"Golden Idol","player_choice":"Take Damage","floor":7.0,"gold_loss":0.0,"damage_taken":18.0,"relics_obtained":["Golden Idol"]},{"damage_healed":0.0,"max_hp_gain":0.0,"max_hp_loss":0.0,"gold_gain":0.0,"event_name":"Shining Light","player_choice":"Entered Light","floor":10.0,"gold_loss":0.0,"damage_taken":14.0,"cards_upgraded":["Strike_R","Shrug It Off"]},{"damage_healed":0.0,"max_hp_gain":0.0,"max_hp_loss":0.0,"gold_gain":0.0,"event_name":"Masked Bandits","player_choice":"Fought Bandits","floor":19.0,"gold_loss":0.0,"damage_taken":0.0},{"damage_healed":0.0,"max_hp_gain":0.0,"max_hp_loss":0.0,"gold_gain":0.0,"event_name":"Wheel of Change","player_choice":"Relic","floor":21.0,"gold_loss":0.0,"damage_taken":0.0}],"is_beta":false,"boss_relics":[{"not_picked":["Ectoplasm","Coffee Dripper"],"picked":"Sozu"}],"items_purged_floors":[4,22],"is_endless":false,"potions_floor_spawned":[3,8,14,16,18,31],"killed_by":"Collector","ascension_level":11}}