{"host":"k653q14gphaoox56","time":1608702497,"event":{"mods":["BaseMod","Colored Map","Conspire","DeckTracker","Hermit","Hubris","Infinite Spire","Minty Spire (QoL Compilation)","Replay The Spire","StSLib","The Construct","The Cursed","The Disciple","The Hierophant","The Necromancer","The Poker Player","The Runesmith","The Servant 0.9.4"],"gold_per_floor":[19,32,43,61,61,61,112,112,112,128,162,174,0,30,30,131,131,144,0,0,0,19,48,48,68,68,68,68,87,87,87,87],"floor_reached":31,"playtime":1894,"items_purged":[],"score":265,"play_id":"53fcc581-a51b-485a-a82b-d9b4805d1523","local_time":"20201223004817","is_ascension_mode":false,"campfire_choices":[{"data":"Heavy Blade","floor":6,"key":"SMITH"},{"data":"Armaments","floor":8,"key":"SMITH"},{"floor":15,"key":"REST"},{"floor":24,"key":"REST"},{"floor":28,"key":"REST"}],"circlet_count":0,"master_deck":["Strike_R","Strike_R","Strike_R","Defend_R","Defend_R","Defend_R","Defend_R+1","Bash","Dropkick","Exhume+1","Armaments+1","Reckless Charge","Heavy Blade+1","Cleave","Heavy Blade","Cleave","Berserk","Twin Strike","Iron Wave","Searing Blow","Limit Break","Sword Boomerang","hubris:SharpeningStone","Rage+1","ReplayTheSpireMod:Stacked","Decay","Shrug It Off+1","ReplayTheSpireMod:??????????????????????"],"relics":["Burning Blood","Shuriken","Question Card","hubris:BottledRain","Blue Doll","infinitespire:Satchel","hubris:HollowSoul","Potion Belt","ReplayTheSpireMod:Spearhead"],"acts_visited":["Exordium","TheCity"],"potions_floor_usage":[4,16,16,16,22,23,23,23,23],"damage_taken":[{"damage":1,"enemies":"Cultist","floor":1,"turns":3},{"damage":2,"enemies":"2 Louse","floor":2,"turns":4},{"damage":2,"enemies":"Jaw Worm","floor":3,"turns":4},{"damage":0,"enemies":"Blue Slaver","floor":4,"turns":3},{"damage":0,"enemies":"Gremlin Gang","floor":10,"turns":3},{"damage":31,"enemies":"Lagavulin","floor":11,"turns":7},{"damage":0,"enemies":"Large Slime","floor":12,"turns":3},{"damage":11,"enemies":"Gremlin Nob","floor":14,"turns":3},{"damage":48,"enemies":"Hexaghost","floor":16,"turns":8},{"damage":22,"enemies":"Shell Parasite","floor":18,"turns":5},{"damage":25,"enemies":"2 Thieves","floor":22,"turns":3},{"damage":37,"enemies":"Nightmare","floor":23,"turns":7},{"damage":42,"enemies":"3 Cultists","floor":25,"turns":5},{"damage":20,"enemies":"Snecko","floor":29,"turns":5},{"damage":19,"enemies":"Snake Plant","floor":31,"turns":2}],"seed_played":"-894510300362284345","potions_obtained":[{"floor":2,"key":"Weak Potion"},{"floor":7,"key":"Block Potion"},{"floor":10,"key":"Explosive Potion"},{"floor":12,"key":"Dexterity Potion"},{"floor":14,"key":"BloodPotion"},{"floor":18,"key":"PowerPotion"},{"floor":22,"key":"EntropicBrew"}],"is_trial":false,"path_per_floor":["M","M","M","M","?","R","?","R","T","M","E","M","$","E","R","B",null,"M","?","?","$","M","NM","R","M","T","?","R","M","AVR","M"],"character_chosen":"IRONCLAD","items_purchased":["Blue Doll","Iron Wave"],"campfire_rested":3,"item_purchase_floors":[13,13],"current_hp_per_floor":[80,80,80,80,64,64,64,64,64,70,45,51,51,46,70,44,80,64,64,64,64,45,29,53,17,17,17,41,27,27,0,0],"gold":87,"neow_bonus":"TRANSFORM_TWO_CARDS","is_daily":false,"chose_seed":false,"campfire_upgraded":2,"win_rate":0.0,"timestamp":1608702497,"path_taken":["M","?","M","M","?","R","?","R","T","M","E","?","$","E","R","BOSS","M","?","?","?","M","NM","R","?","T","?","R","M","AVR","M"],"items_purchased_type":["Relic","Card"],"build_version":"2020-12-22","purchased_purges":0,"victory":false,"max_hp_per_floor":[80,80,80,80,80,80,80,80,80,80,80,80,80,80,80,80,80,80,80,80,80,80,80,80,80,80,80,80,80,80,80,80],"card_choices":[{"not_picked":["Clothesline","ReplayTheSpireMod:Corrosion Curse"],"picked":"Armaments","floor":1},{"not_picked":["Rupture","Second Wind"],"picked":"Reckless Charge","floor":2},{"not_picked":["Pommel Strike","Abandon"],"picked":"Heavy Blade","floor":3},{"not_picked":["Body Slam","Combust"],"picked":"Cleave","floor":4},{"not_picked":["Headbutt","Warcry"],"picked":"Heavy Blade","floor":7},{"not_picked":["Bloodletting","Run Through","Warcry"],"picked":"Cleave","floor":10},{"not_picked":["Shrug It Off","Feel No Pain","Havoc"],"picked":"Berserk","floor":11},{"not_picked":["Sword Boomerang","Run Through","Perfected Strike"],"picked":"Twin Strike","floor":12},{"not_picked":["Clash","Perfected Strike","Cleave"],"picked":"Searing Blow","floor":14},{"not_picked":["Impervious","Eclipse","Double Tap"],"picked":"Limit Break","floor":16},{"not_picked":["Clash","Replay:Undeath\u0027s Touch","Flex+1"],"picked":"Sword Boomerang","floor":18},{"not_picked":["Shockwave","Intimidate","Blood for Blood+1"],"picked":"hubris:SharpeningStone","floor":22},{"not_picked":["ReplayTheSpireMod:Strike From Hell","Clothesline","Replay:Undeath\u0027s Touch"],"picked":"Rage+1","floor":23},{"not_picked":["Bloodletting","Hemokinesis","conspire:Charge"],"picked":"ReplayTheSpireMod:Stacked","floor":25},{"not_picked":["Cleave","Run Through+1","Twin Strike"],"picked":"Shrug It Off+1","floor":29}],"player_experience":89026,"relics_obtained":[{"floor":7,"key":"Shuriken"},{"floor":9,"key":"Question Card"},{"floor":11,"key":"hubris:BottledRain"},{"floor":14,"key":"infinitespire:Satchel"},{"floor":23,"key":"Potion Belt"},{"floor":26,"key":"ReplayTheSpireMod:Spearhead"}],"event_choices":[{"damage_healed":0,"gold_gain":0,"player_choice":"Entered Light","damage_taken":16,"max_hp_gain":0,"max_hp_loss":0,"event_name":"Shining Light","floor":5,"gold_loss":0,"cards_upgraded":["Exhume","Defend_R"]},{"damage_healed":0,"gold_gain":0,"player_choice":"Paid Fearfully","damage_taken":0,"max_hp_gain":0,"max_hp_loss":0,"event_name":"Masked Bandits","floor":19,"gold_loss":144},{"damage_healed":0,"gold_gain":0,"player_choice":"Ignored","damage_taken":0,"max_hp_gain":0,"max_hp_loss":0,"event_name":"Vampires","floor":20,"gold_loss":0},{"damage_healed":0,"gold_gain":0,"player_choice":"Smashed Altar","damage_taken":0,"max_hp_gain":0,"max_hp_loss":0,"event_name":"Forgotten Altar","floor":27,"gold_loss":0,"cards_obtained":["Decay"]}],"is_beta":false,"boss_relics":[{"not_picked":["Snecko Eye","Runic Cube"],"picked":"hubris:HollowSoul"}],"items_purged_floors":[],"is_endless":true,"potions_floor_spawned":[2,10,12,14,18,22],"killed_by":"Snake Plant","ascension_level":0}}