{"host":"88gj1a6q1iuldet9","time":1608687078,"event":{"mods":["Act Like it!","BaseMod","BetterRewards","Conspire","Downfall","Energized Spire","Gensokyo","GungeonMod","Hubris","KomeijiMod","Magitek Elite","Minty Spire (QoL Compilation)","Quick Restart","Reimu??????","Replay The Spire","Robot Space Explorer","Shop Mod","StSLib","The Clintock","The Dragon Tamer","The Hayseed","The Judge","The Mystic","The Necromancer","The Problem Sleuth","The Runesmith","The Sage","The Vixen","TheArtist","Wandering Minibosses"],"gold_per_floor":[117,133,133,8,24,24,24],"floor_reached":6,"playtime":706,"items_purged":[],"score":36,"play_id":"17df128a-0942-45c3-ac45-402660e649eb","local_time":"20201222203118","is_ascension_mode":false,"campfire_choices":[],"circlet_count":0,"master_deck":["TheVixenMod:Strike_TheVixen","TheVixenMod:Strike_TheVixen","TheVixenMod:Strike_TheVixen","TheVixenMod:Defend_TheVixen","TheVixenMod:Defend_TheVixen","TheVixenMod:Defend_TheVixen","TheVixenMod:Defend_TheVixen","TheVixenMod:SunnyDay","TheVixenMod:Ember","TheVixenMod:Psyshock","TheVixenMod:ConfuseRay","TheVixenMod:Blaze","TheVixenMod:Protect","TheVixenMod:FlameBurst"],"relics":["TheVixenMod:BurningStick"],"acts_visited":["Exordium"],"potions_floor_usage":[5,6,6],"damage_taken":[{"damage":2,"enemies":"2 Louse","floor":1,"turns":4},{"damage":0,"enemies":"Cultist","floor":2,"turns":3},{"damage":9,"enemies":"conspire:RoseBush","floor":5,"turns":5},{"damage":12,"enemies":"3 Sentries","floor":6,"turns":3}],"seed_played":"-478157499801015642","potions_obtained":[{"floor":1,"key":"DistilledChaos"},{"floor":2,"key":"champ:CounterPotion"},{"floor":3,"key":"DistilledChaos"}],"is_trial":false,"path_per_floor":["M","M","?","$","M","E"],"character_chosen":"THE_VIXEN","items_purchased":["TheVixenMod:Blaze","TheVixenMod:Protect"],"campfire_rested":0,"item_purchase_floors":[4,4],"current_hp_per_floor":[68,68,68,68,59,47,47],"gold":24,"neow_bonus":"REMOVE_CARD","is_daily":false,"chose_seed":false,"campfire_upgraded":0,"win_rate":0.0,"timestamp":1608687078,"path_taken":["M","M","?","$","M","E"],"items_purchased_type":["Card","Card"],"build_version":"2020-12-13","purchased_purges":0,"victory":false,"max_hp_per_floor":[70,70,70,70,70,70,70],"card_choices":[{"not_picked":["TheVixenMod:Swagger","TheVixenMod:Amnesia"],"picked":"TheVixenMod:Psyshock","floor":1},{"not_picked":["TheVixenMod:FlameBody","TheVixenMod:Curse"],"picked":"TheVixenMod:ConfuseRay","floor":2},{"not_picked":["TheVixenMod:Disable","TheVixenMod:Wish"],"picked":"TheVixenMod:FlameBurst","floor":5}],"player_experience":892480,"relics_obtained":[],"event_choices":[{"damage_healed":0,"gold_gain":0,"player_choice":"Got Potions","damage_taken":0,"max_hp_gain":0,"max_hp_loss":0,"event_name":"Lab","floor":3,"gold_loss":0}],"is_beta":false,"boss_relics":[],"items_purged_floors":[],"is_endless":false,"potions_floor_spawned":[1,2],"killed_by":"3 Sentries","ascension_level":0}}