{"host":"0rnesvkxrqb3qgnn","time":1608699851,"event":{"mods":["BaseMod","Colored Map","Colored Powertips","Highlight Path","Minty Spire (QoL Compilation)","Relic Stats","StSLib"],"gold_per_floor":[115,130,130,144,161,196,212,212,212],"floor_reached":8,"playtime":309,"items_purged":[],"score":60,"play_id":"3f392a77-ed77-4a25-8d9e-150e3cdf6404","local_time":"20201223160411","is_ascension_mode":false,"campfire_choices":[],"circlet_count":0,"master_deck":["Strike_B","Strike_B","Strike_B","Defend_B","Defend_B","Defend_B","Defend_B","Zap","Dualcast","Redo","Redo","Darkness","Self Repair","Defragment","Darkness","BootSequence"],"relics":["Cracked Core","NeowsBlessing","InkBottle"],"acts_visited":["Exordium"],"potions_floor_usage":[8],"damage_taken":[{"damage":0,"enemies":"Jaw Worm","floor":1,"turns":1},{"damage":0,"enemies":"Cultist","floor":2,"turns":1},{"damage":0,"enemies":"Small Slimes","floor":4,"turns":1},{"damage":26,"enemies":"3 Louse","floor":5,"turns":4},{"damage":26,"enemies":"Lagavulin","floor":6,"turns":6},{"damage":18,"enemies":"Red Slaver","floor":7,"turns":4},{"damage":29,"enemies":"Gremlin Nob","floor":8,"turns":3}],"seed_played":"5401808315576901297","potions_obtained":[{"floor":6,"key":"DistilledChaos"},{"floor":7,"key":"CultistPotion"}],"is_trial":false,"path_per_floor":["M","M","?","M","M","E","M","E"],"character_chosen":"DEFECT","items_purchased":[],"campfire_rested":0,"item_purchase_floors":[],"current_hp_per_floor":[75,75,75,75,56,37,26,0,0],"gold":212,"neow_bonus":"THREE_ENEMY_KILL","is_daily":false,"chose_seed":false,"campfire_upgraded":0,"win_rate":0.0,"timestamp":1608699851,"path_taken":["M","M","?","M","?","E","M","E"],"items_purchased_type":[],"build_version":"2020-12-22","purchased_purges":0,"victory":false,"max_hp_per_floor":[75,75,75,75,75,75,75,75,75],"relic_stats":{"counters":[7,20],"obtain_stats":[{"NeowsBlessing":0,"Cracked Core":0,"InkBottle":6},{"NeowsBlessing":0,"Cracked Core":0,"InkBottle":5},{"NeowsBlessing":0,"Cracked Core":0,"InkBottle":13}],"InkBottle":[1]},"card_choices":[{"not_picked":["Steam","Steam Power"],"picked":"Redo","floor":1},{"not_picked":["Cold Snap","Melter"],"picked":"Redo","floor":2},{"not_picked":["Barrage","Auto Shields"],"picked":"Self Repair","floor":4},{"not_picked":["Barrage","Skim"],"picked":"Defragment","floor":5},{"not_picked":["Amplify","Stack"],"picked":"Darkness","floor":6},{"not_picked":["Gash","Turbo"],"picked":"BootSequence","floor":7}],"player_experience":89206,"relics_obtained":[{"floor":6,"key":"InkBottle"}],"event_choices":[{"damage_healed":0,"gold_gain":0,"cards_transformed":["Strike_B"],"player_choice":"Transformed","damage_taken":0,"max_hp_gain":0,"max_hp_loss":0,"event_name":"Transmorgrifier","floor":3,"gold_loss":0,"cards_obtained":["Darkness"]}],"is_beta":false,"boss_relics":[],"items_purged_floors":[],"is_endless":false,"potions_floor_spawned":[6,7],"killed_by":"Gremlin Nob","ascension_level":0}}