{"host":"h8l1uc7c2i19r904","time":1608687328,"event":{"mods":["AchievementEnabler","BaseMod","Colored Map","Colored Powertips","Downfall","Minty Spire (QoL Compilation)","Quick Restart","Replay The Spire","StSLib","SuperFastMode"],"gold_per_floor":[118,128,144,219,233,261,276,276,276],"floor_reached":8,"playtime":485,"items_purged":[],"score":60,"play_id":"95c77648-ab91-4fb8-8adc-ccdca48bcd31","local_time":"20201222173528","is_ascension_mode":false,"campfire_choices":[],"circlet_count":0,"master_deck":["Strike_P","Strike_P","Strike_P","Strike_P","Defend_P","Defend_P","Defend_P","Defend_P","Eruption+1","Vigilance","FlyingSleeves","Judgement","Halt"],"relics":["PureWater","Bag of Preparation"],"acts_visited":["Exordium"],"potions_floor_usage":[6],"damage_taken":[{"damage":0,"enemies":"Cultist","floor":1,"turns":2},{"damage":0,"enemies":"Small Slimes","floor":2,"turns":1},{"damage":0,"enemies":"2 Louse","floor":3,"turns":2},{"damage":7,"enemies":"Exordium Wildlife","floor":5,"turns":2},{"damage":31,"enemies":"Lagavulin","floor":6,"turns":4},{"damage":4,"enemies":"Blue Slaver","floor":7,"turns":2},{"damage":24,"enemies":"Gremlin Nob","floor":8,"turns":2}],"seed_played":"3827328948460109756","potions_obtained":[{"floor":3,"key":"champ:CounterPotion"},{"floor":6,"key":"Strength Potion"},{"floor":7,"key":"GamblersBrew"}],"is_trial":false,"path_per_floor":["M","M","M","?","M","E","M","E"],"character_chosen":"WATCHER","items_purchased":[],"campfire_rested":0,"item_purchase_floors":[],"current_hp_per_floor":[72,72,72,61,54,23,19,0,0],"gold":276,"neow_bonus":"UPGRADE_CARD","is_daily":false,"chose_seed":false,"campfire_upgraded":0,"win_rate":0.0,"timestamp":1608687328,"path_taken":["M","M","M","?","M","E","M","E"],"items_purchased_type":[],"build_version":"2020-12-13","purchased_purges":0,"victory":false,"max_hp_per_floor":[72,72,72,72,72,72,72,72,72],"card_choices":[{"not_picked":["FlyingSleeves","Replay:ManipulateFuture","Replay:Battleflow"],"picked":"SKIP","floor":1},{"not_picked":["Replay:ManipulateFuture","Replay:Battleflow"],"picked":"FlyingSleeves","floor":1},{"not_picked":["Adaptation","Evaluate","SignatureMove"],"picked":"SKIP","floor":2},{"not_picked":["Prostrate","Replay:Battleflow","Replay:Anticipation"],"picked":"SKIP","floor":3},{"not_picked":["FlurryOfBlows","FlyingSleeves","WheelKick"],"picked":"SKIP","floor":5},{"not_picked":["Fasting2","Study"],"picked":"Judgement","floor":6},{"not_picked":["JustLucky","ClearTheMind"],"picked":"Halt","floor":7}],"player_experience":104957,"relics_obtained":[{"floor":6,"key":"Bag of Preparation"}],"event_choices":[{"damage_healed":0,"gold_gain":75,"player_choice":"Gather Gold","damage_taken":11,"max_hp_gain":0,"max_hp_loss":0,"event_name":"World of Goop","floor":4,"gold_loss":0}],"is_beta":false,"boss_relics":[],"items_purged_floors":[],"is_endless":false,"potions_floor_spawned":[3,6,7],"killed_by":"Gremlin Nob","ascension_level":0}}