{"host":"hksh7f5443926s0d","time":1608695175,"event":{"mods":["BaseMod","Minty Spire (QoL Compilation)","Replay The Spire","StSLib","The Judge"],"gold_per_floor":[113,64,239,239,259,285,285,304,353,353,369,369,220,245,245,371,371,281,281],"floor_reached":18,"playtime":377,"items_purged":["Doubt"],"score":185,"play_id":"3f0c547f-6cdb-45f5-ba0b-2b81cbd076b4","local_time":"20201223044615","is_ascension_mode":false,"campfire_choices":[{"data":"Zap","floor":7,"key":"SMITH"},{"floor":12,"key":"REST"},{"data":"ReplayTheSpireMod:Calculation Training","floor":15,"key":"SMITH"}],"circlet_count":0,"master_deck":["Strike_B","Strike_B","Strike_B","Strike_B","Defend_B","Defend_B","Defend_B","Defend_B","Zap+1","Dualcast","Gash","Gash","Capacitor","Ball Lightning","Injury","ReplayRNGCard","ReplayTheSpireMod:Calculation Training+1","AbeCurse"],"relics":["Cracked Core","NeowsBlessing","Replay:Antivirus Software","Bronze Scales","Golden Idol","Replay:Grab Bag","Abe\u0027s Treasure","Cursed Key","Nuclear Battery","Inserter"],"acts_visited":["Exordium","TheCity"],"potions_floor_usage":[],"damage_taken":[{"damage":0,"enemies":"2 Louse","floor":1,"turns":1},{"damage":0,"enemies":"Jaw Worm","floor":5,"turns":1},{"damage":0,"enemies":"3 Sentries","floor":6,"turns":1},{"damage":0,"enemies":"Small Slimes","floor":8,"turns":2},{"damage":35,"enemies":"Exordium Thugs","floor":11,"turns":4},{"damage":7,"enemies":"Blue Slaver","floor":14,"turns":3},{"damage":32,"enemies":"Hexaghost","floor":16,"turns":7},{"damage":45,"enemies":"2 Thieves","floor":18,"turns":4}],"seed_played":"2754488165728038409","potions_obtained":[{"floor":1,"key":"Swift Potion"},{"floor":11,"key":"Energy Potion"},{"floor":16,"key":"DistilledChaos"}],"is_trial":false,"path_per_floor":["M","$","?","?","M","E","R","M","T","?","M","R","$","M","R","B",null,"M"],"character_chosen":"DEFECT","items_purchased":["Gash","ReplayTheSpireMod:Calculation Training"],"campfire_rested":1,"item_purchase_floors":[2,13],"current_hp_per_floor":[75,75,75,80,80,80,80,80,80,80,45,69,69,62,62,30,80,35,35],"gold":281,"neow_bonus":"THREE_ENEMY_KILL","is_daily":false,"chose_seed":false,"campfire_upgraded":2,"win_rate":0.0,"timestamp":1608695175,"path_taken":["M","$","?","?","M","E","R","M","T","?","M","R","$","M","R","BOSS","M"],"items_purchased_type":["Card","Card"],"build_version":"2020-12-13","purchased_purges":1,"victory":false,"max_hp_per_floor":[75,75,75,80,80,80,80,80,80,80,80,80,80,80,80,80,80,80,80],"card_choices":[{"not_picked":["Melter","Rebound"],"picked":"Gash","floor":1},{"not_picked":["Steam","Streamline","Panic Button"],"picked":"SKIP","floor":5},{"not_picked":["Sweeping Beam","FTL"],"picked":"Capacitor","floor":6},{"not_picked":["Capacitor","Conserve Battery"],"picked":"Ball Lightning","floor":8},{"not_picked":["ReplayTheSpireMod:Reroute Power","Gash"],"picked":"ReplayRNGCard","floor":11},{"not_picked":["Self Repair","Redo","Beam Cell"],"picked":"SKIP","floor":14}],"player_experience":113951,"relics_obtained":[{"floor":6,"key":"Replay:Antivirus Software"},{"floor":9,"key":"Bronze Scales"}],"event_choices":[{"damage_healed":0,"gold_gain":175,"player_choice":"AGREE","damage_taken":0,"max_hp_gain":0,"max_hp_loss":0,"event_name":"Liars Game","floor":3,"gold_loss":0,"cards_obtained":["Doubt"]},{"damage_healed":0,"gold_gain":0,"player_choice":"Donut","damage_taken":0,"max_hp_gain":5,"max_hp_loss":0,"event_name":"Big Fish","floor":4,"gold_loss":0},{"damage_healed":0,"gold_gain":0,"player_choice":"Take Wound","damage_taken":0,"relics_obtained":["Golden Idol"],"max_hp_gain":0,"max_hp_loss":0,"event_name":"Golden Idol","floor":10,"gold_loss":0,"cards_obtained":["Injury"]}],"is_beta":false,"boss_relics":[{"not_picked":["Ring of Chaos","Painkiller Herb"],"picked":"Replay:Grab Bag"},{"not_picked":["Sozu","Busted Crown"],"picked":"Abe\u0027s Treasure"},{"not_picked":["Replay:Wanted Poster","Runic Dome"],"picked":"Cursed Key"},{"not_picked":["Pandora\u0027s Box","SlaversCollar"],"picked":"Nuclear Battery"},{"not_picked":["FrozenCore","Black Star"],"picked":"Inserter"}],"items_purged_floors":[13],"is_endless":false,"potions_floor_spawned":[1,11,16],"killed_by":"2 Thieves","ascension_level":0}}