{"host":"52jmisti11ysmja4","time":1608749618,"event":{"mods":["Aspiration","BaseMod","Better Third Choice","Hermit","Koishi","Minty Spire (QoL Compilation)","Remove Card Discount Mod","Shade Mod","StSLib","The Cursed","The Servant 0.9.4","The Vixen"],"gold_per_floor":[117,107,121,139,157,189,339,339,339],"floor_reached":8,"playtime":461,"items_purged":["Defend_R","Defend_R","Strike_R","Strike_R","Strike_R"],"score":116,"play_id":"09c6bb89-79d4-4153-a979-58fc170467c9","local_time":"20201223105338","is_ascension_mode":true,"campfire_choices":[],"circlet_count":0,"master_deck":["AscendersBane","Strike_R","Strike_R","Defend_R","Defend_R","Bash","Iron Wave","Inflame","Anger","Rampage","Limit Break","Doubt"],"relics":["Burning Blood","Pantograph"],"acts_visited":["Exordium"],"potions_floor_usage":[8,8],"damage_taken":[{"damage":11,"enemies":"Small Slimes","floor":1,"turns":4},{"damage":7,"enemies":"Jaw Worm","floor":3,"turns":3},{"damage":2,"enemies":"2 Louse","floor":4,"turns":3},{"damage":7,"enemies":"Looter","floor":5,"turns":3},{"damage":45,"enemies":"3 Sentries","floor":6,"turns":8},{"damage":20,"enemies":"Lagavulin","floor":8,"turns":3}],"seed_played":"5558319793049952090","potions_obtained":[{"floor":3,"key":"Regen Potion"},{"floor":6,"key":"LiquidBronze"}],"is_trial":false,"path_per_floor":["M","$","M","M","M","E","?","E"],"character_chosen":"IRONCLAD","items_purchased":[],"campfire_rested":0,"item_purchase_floors":[],"current_hp_per_floor":[70,70,69,73,72,33,33,22,22],"gold":339,"neow_bonus":"TEN_PERCENT_HP_BONUS","is_daily":false,"chose_seed":false,"campfire_upgraded":0,"win_rate":0.0,"timestamp":1608749618,"path_taken":["M","$","M","M","M","E","?","E"],"items_purchased_type":[],"build_version":"2020-12-22","purchased_purges":5,"victory":false,"max_hp_per_floor":[82,82,82,82,82,82,82,82,82],"card_choices":[{"not_picked":["Clash","Entrench"],"picked":"Iron Wave","floor":1},{"not_picked":["Spot Weakness","Pommel Strike"],"picked":"Inflame","floor":3},{"not_picked":["Dual Wield","Flex"],"picked":"Anger","floor":4},{"not_picked":["Dropkick","Perfected Strike"],"picked":"Rampage","floor":5},{"not_picked":["Wild Strike","Flex"],"picked":"Limit Break","floor":6}],"player_experience":603416,"relics_obtained":[{"floor":6,"key":"Pantograph"}],"event_choices":[{"damage_healed":0,"gold_gain":150,"player_choice":"AGREE","damage_taken":189,"max_hp_gain":0,"max_hp_loss":0,"event_name":"betterThird:BetterSerpent","floor":7,"gold_loss":0}],"is_beta":false,"boss_relics":[],"items_purged_floors":[2,2,2,2,2],"is_endless":false,"potions_floor_spawned":[3,6],"killed_by":"Lagavulin","ascension_level":20}}