{"host":"qmmd8zc7eqgl2j9h","time":1608775440,"event":{"mods":["AchievementEnabler","Aspiration","BaseMod","Better Altar","Better Note","Better Sensory Stone","Better Skull","BetterRewards","Colored Map","Conspire","Googly Eyes","Hermit","Highlight Path","Infinite Spire","Marisa????????","Minty Spire (QoL Compilation)","Permanent Neow","Replay The Spire","StSLib","The Hierophant","The Necromancer","The Servant 0.9.4","Unceasing Turn Reminder","everything is the same but u backflip on backflip","slay the spire mod where everything is the same but ironclad has a cowboy hat"],"gold_per_floor":[110,165,165,178,178,178,43,72,72,72,85,85,99,99,99,194,194],"floor_reached":16,"playtime":751,"items_purged":[],"score":148,"play_id":"09693da1-e123-4c5d-8e39-d20fb5d5efbf","local_time":"20201223180400","daily_mods":["Chimera","Diverse","Heirloom"],"is_ascension_mode":false,"campfire_choices":[{"floor":6,"key":"REST"},{"floor":10,"key":"REST"},{"data":"Adrenaline","floor":15,"key":"SMITH"}],"circlet_count":0,"master_deck":["Bash","Zap+1","Eruption","Strike_R","Strike_G+1","Strike_B","Defend_R+1","Defend_G","Defend_P","Ball Lightning","Finger_Of_Death+1","Singularity","Acid_Javelin","ReplayTheSpireMod:IOU","FlyingSleeves","Adrenaline+1","EmptyBody","PowerUp","Jack Of All Trades","Replay:Undeath\u0027s Touch","m_Survivalism"],"relics":["Snecko Eye","replay:Trail_Library","Incense Burner","Replay:Wax Seal","TwistedFunnel","Simple Rune","White Beast Statue"],"acts_visited":["Exordium"],"potions_floor_usage":[],"damage_taken":[{"damage":1,"enemies":"Cultist","floor":1,"turns":4},{"damage":5,"enemies":"Small Slimes","floor":4,"turns":3},{"damage":21,"enemies":"Lagavulin","floor":8,"turns":4},{"damage":0,"enemies":"Jaw Worm","floor":11,"turns":3},{"damage":0,"enemies":"2 Fungi Beasts","floor":13,"turns":2},{"damage":5,"enemies":"Slime Boss","floor":16,"turns":6}],"seed_played":"9008552727125203010","potions_obtained":[{"floor":8,"key":"Dexterity Potion"},{"floor":11,"key":"Languid Potion"},{"floor":13,"key":"SteroidPotion"}],"is_trial":true,"path_per_floor":["M","T","?","M","?","R","$","E","T","R","M","?","M","?","R","B"],"character_chosen":"THE_SILENT","items_purchased":["Acid_Javelin","TwistedFunnel","FlyingSleeves"],"campfire_rested":2,"item_purchase_floors":[7,7,7],"current_hp_per_floor":[69,69,55,50,50,70,70,49,49,70,70,70,70,70,70,65,65],"gold":194,"neow_bonus":"","is_daily":false,"chose_seed":false,"campfire_upgraded":1,"win_rate":0.0,"timestamp":1608775440,"path_taken":["M","?","?","M","?","R","$","E","T","R","M","?","?","?","R","BOSS"],"items_purchased_type":["Card","Relic","Card"],"build_version":"2020-12-22","purchased_purges":0,"victory":false,"max_hp_per_floor":[70,70,70,70,70,70,70,70,70,70,70,70,70,70,70,70,70],"card_choices":[{"not_picked":["Ricochet","GasGiant"],"picked":"Ball Lightning","floor":1},{"not_picked":["ShatteredReality","Leap"],"picked":"Singularity","floor":4},{"not_picked":["hierophant:DisplayOfPower","Abandon"],"picked":"Adrenaline","floor":8},{"not_picked":["hierophant:Refuge","Cold Snap"],"picked":"PowerUp","floor":11},{"not_picked":["Panacea","Enlightenment"],"picked":"Jack Of All Trades","floor":12},{"not_picked":["hierophant:PassingBell","Second Wind"],"picked":"Replay:Undeath\u0027s Touch","floor":13}],"player_experience":216724,"relics_obtained":[{"floor":2,"key":"Replay:Wax Seal"},{"floor":8,"key":"Simple Rune"},{"floor":9,"key":"White Beast Statue"}],"event_choices":[{"damage_healed":0,"gold_gain":0,"player_choice":"Entered Light","damage_taken":14,"max_hp_gain":0,"max_hp_loss":0,"event_name":"Shining Light","floor":3,"gold_loss":0,"cards_upgraded":["Zap","Finger_Of_Death"]},{"damage_healed":0,"gold_gain":1,"player_choice":"1","damage_taken":0,"max_hp_gain":0,"max_hp_loss":0,"event_name":"betterStone:BetterStone","floor":12,"gold_loss":0}],"is_beta":false,"boss_relics":[],"items_purged_floors":[],"is_endless":false,"potions_floor_spawned":[8,11,13,16],"killed_by":"Slime Boss","ascension_level":0}}