{"host":"na09lpbrez4gbfiz","time":1608717641,"event":{"mods":["Act Like it!","BaseMod","BetterRewards","Colored Map","Colored Powertips","DeckTracker","Googly Eyes","Highlight Path","Minty Spire (QoL Compilation)","Quick Restart","Spicy Shops","StSLib","SuperFastMode","Synergy Search"],"gold_per_floor":[109,109,127,142,142,142,175,175,222,0,13,28,28,40,40,40,40],"floor_reached":16,"playtime":278,"items_purged":["Strike_R"],"score":153,"play_id":"79c04ab2-5c31-48a1-8c42-8443712e83ff","local_time":"20201223110041","is_ascension_mode":true,"campfire_choices":[{"data":"Bash","floor":6,"key":"SMITH"},{"data":"Clothesline","floor":8,"key":"SMITH"},{"data":"Ghostly Armor","floor":13,"key":"SMITH"},{"floor":15,"key":"REST"}],"circlet_count":0,"master_deck":["AscendersBane","Strike_R","Strike_R","Strike_R","Strike_R","Defend_R","Defend_R","Defend_R","Defend_R","Bash+1","Sentinel","Clothesline+1","Pommel Strike","Inflame","Ghostly Armor+1","Flame Barrier"],"relics":["Burning Blood","NeowsBlessing","Pen Nib","CultistMask","Tiny Chest","Art of War"],"acts_visited":["Exordium"],"potions_floor_usage":[7,7],"damage_taken":[{"damage":0,"enemies":"2 Louse","floor":1,"turns":1},{"damage":0,"enemies":"Jaw Worm","floor":3,"turns":1},{"damage":0,"enemies":"Cultist","floor":4,"turns":1},{"damage":16,"enemies":"Gremlin Nob","floor":7,"turns":3},{"damage":3,"enemies":"Blue Slaver","floor":11,"turns":2},{"damage":13,"enemies":"Large Slime","floor":12,"turns":4},{"damage":28,"enemies":"Exordium Thugs","floor":14,"turns":5},{"damage":75,"enemies":"Hexaghost","floor":16,"turns":10}],"seed_played":"9141700179156025650","potions_obtained":[{"floor":3,"key":"DuplicationPotion"},{"floor":4,"key":"SteroidPotion"}],"is_trial":false,"path_per_floor":["M","?","M","M","?","R","E","R","T","$","M","M","R","M","R","B"],"character_chosen":"IRONCLAD","items_purchased":["Pommel Strike"],"campfire_rested":1,"item_purchase_floors":[10],"current_hp_per_floor":[78,71,77,80,80,80,70,70,70,70,73,66,66,44,68,0,0],"gold":40,"neow_bonus":"THREE_ENEMY_KILL","is_daily":false,"chose_seed":false,"campfire_upgraded":3,"win_rate":0.0,"timestamp":1608717641,"path_taken":["M","?","M","M","?","R","E","R","T","$","M","M","R","M","R","BOSS"],"items_purchased_type":["Card"],"build_version":"2020-12-22","purchased_purges":1,"victory":false,"max_hp_per_floor":[80,80,80,80,80,80,80,80,80,80,80,80,80,80,80,80,80],"card_choices":[{"not_picked":["Sword Boomerang","Clash","Warcry"],"picked":"SKIP","floor":1},{"not_picked":["Body Slam","Sword Boomerang"],"picked":"Sentinel","floor":3},{"not_picked":["Infernal Blade","Havoc"],"picked":"Clothesline","floor":4},{"not_picked":["Heavy Blade","Twin Strike","Dual Wield"],"picked":"SKIP","floor":7},{"not_picked":["Havoc","Wild Strike"],"picked":"Inflame","floor":11},{"not_picked":["Hemokinesis","Shrug It Off"],"picked":"Ghostly Armor","floor":12},{"not_picked":["Twin Strike","Clash"],"picked":"Flame Barrier","floor":14}],"player_experience":241325,"relics_obtained":[{"floor":7,"key":"Tiny Chest"},{"floor":9,"key":"Art of War"}],"event_choices":[{"damage_healed":0,"gold_gain":0,"player_choice":"Success","damage_taken":7,"relics_obtained":["Pen Nib"],"max_hp_gain":0,"max_hp_loss":0,"event_name":"Scrap Ooze","floor":2,"gold_loss":0},{"damage_healed":0,"gold_gain":0,"player_choice":"Trade","damage_taken":0,"relics_obtained":["CultistMask"],"max_hp_gain":0,"max_hp_loss":0,"event_name":"FaceTrader","floor":5,"gold_loss":0}],"is_beta":false,"boss_relics":[],"items_purged_floors":[10],"is_endless":false,"potions_floor_spawned":[3,4],"killed_by":"Hexaghost","ascension_level":10}}