{"host":"j06fkfseroga8i8e","time":1608760194,"event":{"mods":["BaseMod","Bestiary","Colored Map","Colored Powertips","Minty Spire (QoL Compilation)","Relic Stats","StSLib","everything is the same but u backflip on backflip"],"gold_per_floor":[109,123,13,23,23,57,57,84,84,84,7,25,43,85,85,198,270,293,338,51,60,60,60,80,119,167,167,167,167],"floor_reached":28,"playtime":775,"items_purged":["Injury"],"score":419,"play_id":"b9a10601-bb97-4976-b588-6b079fa669da","local_time":"20201223164954","is_ascension_mode":true,"campfire_choices":[{"data":"Darkness","floor":7,"key":"SMITH"},{"data":"Hyperbeam","floor":10,"key":"SMITH"},{"data":"Double Energy","floor":15,"key":"SMITH"},{"data":"Darkness","floor":23,"key":"SMITH"},{"data":"Darkness","floor":27,"key":"SMITH"}],"circlet_count":0,"master_deck":["AscendersBane","Zap","Dualcast","Hyperbeam+1","Scrape","Darkness+1","FTL","Defragment","Aggregate","Self Repair","Ball Lightning","Defragment","Doom and Gloom","Double Energy+1","Self Repair","Core Surge","Darkness+1","Auto Shields","Cold Snap","Reprogram","Gash","Electrodynamics","Glacier","Tempest","Melter","Bite","Bite","Bite","Bite","Bite","Shame","Compile Driver","Darkness+1"],"relics":["Cracked Core","HornCleat","Boot","CeramicFish","Pandora\u0027s Box","Runic Capacitor","Strawberry","Oddly Smooth Stone","Cables","Frozen Egg 2","Tiny Chest"],"acts_visited":["Exordium","TheCity"],"potions_floor_usage":[8,14,28],"damage_taken":[{"damage":0,"enemies":"2 Louse","floor":1,"turns":1},{"damage":0,"enemies":"Cultist","floor":2,"turns":4},{"damage":7,"enemies":"Jaw Worm","floor":4,"turns":2},{"damage":20,"enemies":"Lagavulin","floor":6,"turns":6},{"damage":35,"enemies":"3 Sentries","floor":8,"turns":5},{"damage":1,"enemies":"Looter","floor":12,"turns":3},{"damage":6,"enemies":"Exordium Thugs","floor":13,"turns":3},{"damage":2,"enemies":"Gremlin Nob","floor":14,"turns":3},{"damage":37,"enemies":"Hexaghost","floor":16,"turns":9},{"damage":17,"enemies":"Shell Parasite","floor":18,"turns":3},{"damage":36,"enemies":"Chosen","floor":24,"turns":5},{"damage":18,"enemies":"Gremlin Leader","floor":25,"turns":5},{"damage":61,"enemies":"Shelled Parasite and Fungi","floor":28,"turns":6}],"seed_played":"3596503860661981738","potions_obtained":[{"floor":6,"key":"Regen Potion"},{"floor":8,"key":"LiquidMemories"},{"floor":12,"key":"GamblersBrew"},{"floor":24,"key":"Dexterity Potion"}],"is_trial":false,"path_per_floor":["M","M","$","M","?","E","R","E","T","R","$","M","M","E","R","B",null,"M","?","$","?","T","R","M","E","T","R","M"],"character_chosen":"DEFECT","items_purchased":["FTL","Defragment","Runic Capacitor","Strawberry"],"campfire_rested":0,"item_purchase_floors":[3,11,20,20],"current_hp_per_floor":[68,68,68,61,61,41,41,29,29,29,29,37,40,47,47,26,63,62,62,69,69,69,69,53,50,50,50,0,0],"gold":167,"neow_bonus":"THREE_RARE_CARDS","is_daily":false,"chose_seed":false,"campfire_upgraded":5,"win_rate":0.0,"timestamp":1608760194,"path_taken":["M","M","$","M","?","E","R","E","T","R","?","?","M","E","R","BOSS","M","?","$","?","?","R","?","E","T","R","M"],"items_purchased_type":["Card","Card","Relic","Relic"],"build_version":"2020-12-22","purchased_purges":1,"victory":false,"max_hp_per_floor":[75,75,75,75,75,75,75,75,75,75,75,75,75,75,75,75,75,75,75,82,82,82,82,82,82,82,82,82,82],"relic_stats":{"counters":[13,55],"CeramicFish":171,"Pandora\u0027s Box":["Darkness","Auto Shields","Cold Snap","Reprogram","Gash","Electrodynamics","Glacier","Tempest"],"Tiny Chest":0,"Boot":[10],"obtain_stats":[{"Blood Vial":6,"HornCleat":8,"CeramicFish":14,"Strawberry":20,"Oddly Smooth Stone":21,"Pandora\u0027s Box":17,"Tiny Chest":26,"Runic Capacitor":20,"Frozen Egg 2":25,"Cracked Core":0,"Boot":9,"Cables":22},{"Blood Vial":4,"HornCleat":5,"CeramicFish":8,"Strawberry":10,"Oddly Smooth Stone":10,"Pandora\u0027s Box":9,"Tiny Chest":12,"Runic Capacitor":10,"Frozen Egg 2":12,"Cracked Core":0,"Boot":5,"Cables":10},{"Blood Vial":13,"HornCleat":18,"CeramicFish":27,"Strawberry":39,"Oddly Smooth Stone":39,"Pandora\u0027s Box":36,"Tiny Chest":49,"Runic Capacitor":39,"Frozen Egg 2":49,"Cracked Core":0,"Boot":18,"Cables":39}],"Cables":[15,12,0,3,0]},"card_choices":[{"not_picked":["Multi-Cast","Fission"],"picked":"Hyperbeam","floor":0},{"not_picked":["Beam Cell","Conserve Battery"],"picked":"Scrape","floor":1},{"not_picked":["Double Energy","Leap"],"picked":"Darkness","floor":2},{"not_picked":["Undo","Barrage"],"picked":"Defragment","floor":4},{"not_picked":["Rip and Tear","Buffer"],"picked":"Self Repair","floor":6},{"not_picked":["Chaos","Stack"],"picked":"Ball Lightning","floor":8},{"not_picked":["Sweeping Beam","Stack"],"picked":"Doom and Gloom","floor":12},{"not_picked":["Tempest","Sweeping Beam"],"picked":"Double Energy","floor":13},{"not_picked":["Beam Cell","Sweeping Beam"],"picked":"Self Repair","floor":14},{"not_picked":["Creative AI","Thunder Strike"],"picked":"Core Surge","floor":16},{"not_picked":["Heatsinks","Rebound"],"picked":"Melter","floor":18},{"not_picked":["Ball Lightning","Rebound+1"],"picked":"Compile Driver","floor":24},{"not_picked":["Coolheaded+1","Gash+1"],"picked":"Darkness","floor":25}],"player_experience":556549,"relics_obtained":[{"floor":6,"key":"Blood Vial"},{"floor":8,"key":"HornCleat"},{"floor":9,"key":"Boot"},{"floor":14,"key":"CeramicFish"},{"floor":22,"key":"Cables"},{"floor":25,"key":"Frozen Egg 2"},{"floor":26,"key":"Tiny Chest"}],"event_choices":[{"damage_healed":0,"gold_gain":0,"player_choice":"1 cards matched","damage_taken":0,"max_hp_gain":0,"max_hp_loss":0,"event_name":"Match and Keep!","floor":5,"gold_loss":0,"cards_obtained":["Aggregate"]},{"damage_healed":0,"gold_gain":0,"player_choice":"Became a vampire (Vial)","damage_taken":0,"max_hp_gain":0,"max_hp_loss":0,"event_name":"Vampires","floor":19,"relics_lost":["Blood Vial"],"gold_loss":0,"cards_obtained":["Bite","Bite","Bite","Bite","Bite"]},{"damage_healed":0,"gold_gain":0,"player_choice":"Stole Relic","damage_taken":0,"relics_obtained":["Oddly Smooth Stone"],"max_hp_gain":0,"max_hp_loss":0,"event_name":"Addict","floor":21,"gold_loss":0,"cards_obtained":["Shame"]}],"is_beta":false,"boss_relics":[{"not_picked":["Philosopher\u0027s Stone","Fusion Hammer"],"picked":"Pandora\u0027s Box"}],"items_purged_floors":[3],"is_endless":false,"potions_floor_spawned":[6,8,12,13,24],"killed_by":"Shelled Parasite and Fungi","ascension_level":11}}