{"host":"2ikxgthhm1pqb5gz","time":1608735350,"event":{"mods":["BaseMod","Colored Map","Minty Spire (QoL Compilation)","StSLib","SuperFastMode","slay the spire mod where everything is the same but ironclad has a cowboy hat"],"gold_per_floor":[114,164,174,3,20,20,99,125,137,180,192,269,331,376,388,495,507,534,563,642,101,115,155,174,210,210,210,260,302,292,334,334,444,444,473,523,227,251,301,335,335,433,486,536,579,595,645,668,668,668,668,668,25,53,53],"floor_reached":56,"playtime":2698,"items_purged":["Strike_P","Defend_P","Strike_P","Strike_P+1","Defend_P+1"],"score":2168,"play_id":"800ca17d-8786-4bf3-a499-23304f6ac19a","local_time":"20201223235550","is_ascension_mode":true,"campfire_choices":[{"data":"1","floor":6.0,"key":"LIFT"},{"data":"2","floor":11.0,"key":"LIFT"},{"data":"3","floor":15.0,"key":"LIFT"},{"floor":27.0,"key":"RECALL"},{"data":"Prostrate","floor":32.0,"key":"SMITH"},{"data":"Adaptation","floor":41.0,"key":"SMITH"},{"data":"Vault","floor":49.0,"key":"SMITH"},{"data":"Master of Strategy","floor":52,"key":"SMITH"}],"circlet_count":0,"master_deck":["Strike_P+1","Defend_P+1","Eruption+1","Vigilance+1","FlurryOfBlows+1","MentalFortress+1","Conclude+1","LessonLearned+1","Master of Strategy+1","Halt+1","Scrawl+1","Tantrum+1","TalkToTheHand+1","MentalFortress+1","Prostrate+1","InnerPeace+1","Vault+1","Prostrate","Adaptation+1","Adaptation+1","WreathOfFlame","Devotion+1","InnerPeace","Master of Strategy"],"relics":["PureWater","Bronze Scales","The Courier","Membership Card","SsserpentHead","TeardropLocket","Girya","Happy Flower","Bag of Marbles","Omamori","Tiny Chest","Bag of Preparation","MawBank","Blood Vial","Thread and Needle","Strawberry","Runic Pyramid","PreservedInsect","Melange","Vajra","Potion Belt","Damaru","CeramicFish","Incense Burner","Matryoshka","Juzu Bracelet","Toy Ornithopter","Lantern","StoneCalendar","Singing Bowl","Whetstone","Calling Bell","Smiling Mask","Darkstone Periapt","Prayer Wheel","Pear","Blue Candle","CaptainsWheel","Nunchaku","Regal Pillow","Gambling Chip","White Beast Statue","InkBottle","Sling","Oddly Smooth Stone","Anchor","Akabeko","Mummified Hand","Letter Opener","Eternal Feather"],"acts_visited":["Exordium","TheCity","TheBeyond","TheEnding"],"potions_floor_usage":[],"damage_taken":[{"damage":0.0,"enemies":"2 Louse","floor":1.0,"turns":1.0},{"damage":0.0,"enemies":"Cultist","floor":5.0,"turns":2.0},{"damage":14.0,"enemies":"Gremlin Nob","floor":8.0,"turns":3.0},{"damage":9.0,"enemies":"3 Sentries","floor":10.0,"turns":4.0},{"damage":0.0,"enemies":"Small Slimes","floor":12.0,"turns":1.0},{"damage":1.0,"enemies":"Lagavulin","floor":14.0,"turns":3.0},{"damage":0.0,"enemies":"Slime Boss","floor":16.0,"turns":2.0},{"damage":0.0,"enemies":"Shell Parasite","floor":18.0,"turns":1.0},{"damage":0.0,"enemies":"3 Byrds","floor":19.0,"turns":1.0},{"damage":0.0,"enemies":"Centurion and Healer","floor":20.0,"turns":1.0},{"damage":0.0,"enemies":"Shelled Parasite and Fungi","floor":22.0,"turns":2.0},{"damage":0.0,"enemies":"Gremlin Leader","floor":23.0,"turns":2.0},{"damage":0.0,"enemies":"Snecko","floor":24.0,"turns":3.0},{"damage":0.0,"enemies":"Book of Stabbing","floor":25.0,"turns":1.0},{"damage":0.0,"enemies":"Gremlin Leader","floor":29.0,"turns":1.0},{"damage":0.0,"enemies":"Book of Stabbing","floor":31.0,"turns":1.0},{"damage":0.0,"enemies":"Collector","floor":33.0,"turns":2.0},{"damage":0.0,"enemies":"3 Shapes","floor":35.0,"turns":1.0},{"damage":0.0,"enemies":"3 Darklings","floor":38.0,"turns":3.0},{"damage":0.0,"enemies":"Nemesis","floor":40.0,"turns":1.0},{"damage":0.0,"enemies":"Reptomancer","floor":45.0,"turns":2.0},{"damage":0.0,"enemies":"Transient","floor":46.0,"turns":4.0},{"damage":0.0,"enemies":"Spire Growth","floor":48.0,"turns":1.0},{"damage":0,"enemies":"Donu and Deca","floor":50,"turns":2},{"damage":0,"enemies":"Shield and Spear","floor":54,"turns":1},{"damage":46,"enemies":"The Heart","floor":55,"turns":5}],"seed_played":"-1002555584210382231","potions_obtained":[{"floor":3.0,"key":"BlessingOfTheForge"},{"floor":3.0,"key":"AttackPotion"},{"floor":3.0,"key":"FearPotion"},{"floor":12.0,"key":"PowerPotion"},{"floor":14.0,"key":"Explosive Potion"},{"floor":22.0,"key":"AttackPotion"},{"floor":23.0,"key":"FearPotion"},{"floor":29.0,"key":"Fire Potion"},{"floor":35.0,"key":"Fruit Juice"},{"floor":45.0,"key":"LiquidBronze"}],"is_trial":false,"path_per_floor":["M","?","?","$","M","R","$","E","T","E","R","M","?","E","R","B",null,"M","M","M","$","M","E","M","E","T","R","T","E","?","E","R","B",null,"M","?","$","M","?","E","R","T","T","?","E","M","T","M","R","B",null,"R","$","E","B",null],"character_chosen":"WATCHER","items_purchased":["MentalFortress","TeardropLocket","Girya","Happy Flower","Conclude","LessonLearned","Master of Strategy","Bag of Marbles","Omamori","Tiny Chest","Bag of Preparation","PreservedInsect","JustLucky","Melange","Vajra","Potion Belt","Damaru","CeramicFish","Incense Burner","Adaptation","Adaptation","Pear","Blue Candle","InkBottle","Master of Strategy","Sling","Oddly Smooth Stone","Anchor","Akabeko","Mummified Hand","Letter Opener"],"campfire_rested":0,"item_purchase_floors":[4,4,4,4,4,7,7,7,7,7,7,21,21,21,21,21,21,21,21,37,37,37,37,53,53,53,53,53,53,53,53],"current_hp_per_floor":[72,72,72,72,72,72,72,58,58,51,51,53,53,61,61,63,75,77,79,79,79,79,79,79,79,79,79,79,79,79,79,79,79,79,86,82,92,94,94,96,96,96,96,96,96,100,100,102,102,102,102,102,102,104,58],"gold":53,"neow_bonus":"RANDOM_COMMON_RELIC","is_daily":false,"chose_seed":false,"campfire_upgraded":4,"win_rate":0.0,"timestamp":1608735350,"path_taken":["M","?","?","$","M","R","$","E","T","E","R","?","?","E","R","BOSS","M","M","?","$","M","E","M","E","T","R","?","E","?","E","R","BOSS","M","?","$","M","?","E","R","?","T","?","E","M","?","M","R","BOSS","R","$","E","BOSS"],"items_purchased_type":["Card","Relic","Relic","Relic","Card","Card","Card","Relic","Relic","Relic","Relic","Relic","Card","Relic","Relic","Relic","Relic","Relic","Relic","Card","Card","Relic","Relic","Relic","Card","Relic","Relic","Relic","Relic","Relic","Relic"],"build_version":"2020-12-22","purchased_purges":5,"victory":true,"max_hp_per_floor":[72,72,72,72,72,72,72,72,72,72,72,72,72,79,79,79,79,79,79,79,79,79,79,79,79,79,79,79,79,79,79,79,79,79,86,82,92,94,94,96,96,96,96,96,96,100,100,102,102,102,102,102,102,104,104],"card_choices":[{"not_picked":["Evaluate","FlyingSleeves"],"picked":"FlurryOfBlows","floor":1.0},{"not_picked":["FlurryOfBlows","ForeignInfluence","ClearTheMind"],"picked":"SKIP","floor":5.0},{"not_picked":["Evaluate","FollowUp","Nirvana"],"picked":"SKIP","floor":8.0},{"not_picked":["Perseverance","ConjureBlade","WaveOfTheHand"],"picked":"SKIP","floor":10.0},{"not_picked":["DeceiveReality","SashWhip"],"picked":"Halt","floor":12.0},{"not_picked":["MasterReality","Consecrate"],"picked":"Scrawl","floor":14.0},{"not_picked":["InnerPeace","Evaluate"],"picked":"Tantrum+1","floor":18.0},{"not_picked":["Evaluate","FollowUp","EmptyBody"],"picked":"SKIP","floor":19.0},{"not_picked":["Evaluate","FollowUp","EmptyBody"],"picked":"SKIP","floor":19.0},{"not_picked":["Vengeance","Sanctity","Prostrate"],"picked":"SKIP","floor":20.0},{"not_picked":["CutThroughFate","Worship","Halt+1"],"picked":"SKIP","floor":22.0},{"not_picked":["Judgement","Sanctity"],"picked":"TalkToTheHand","floor":23.0},{"not_picked":["Worship","FollowUp+1","JustLucky"],"picked":"SKIP","floor":24.0},{"not_picked":["Judgement","LikeWater"],"picked":"MentalFortress+1","floor":25.0},{"not_picked":["BattleHymn","Swivel"],"picked":"Prostrate","floor":29.0},{"not_picked":["EmptyBody","JustLucky+1"],"picked":"InnerPeace","floor":31.0},{"not_picked":["Omniscience","Brilliance"],"picked":"Vault","floor":33.0},{"not_picked":["FollowUp","EmptyFist"],"picked":"Prostrate","floor":35.0},{"not_picked":["CrushJoints","PathToVictory+1","Halt"],"picked":"Singing Bowl","floor":35.0},{"not_picked":["FlyingSleeves","BowlingBash+1"],"picked":"WreathOfFlame","floor":38.0},{"not_picked":["Swivel+1","EmptyFist","SpiritShield"],"picked":"SKIP","floor":38.0},{"not_picked":["Swivel+1","EmptyFist","SpiritShield"],"picked":"Singing Bowl","floor":38.0},{"not_picked":["Crescendo+1","WheelKick","LikeWater+1"],"picked":"Singing Bowl","floor":40.0},{"not_picked":["Protect+1","ThirdEye+1"],"picked":"Devotion","floor":45.0},{"not_picked":["Tantrum","Halt","SashWhip+1"],"picked":"Singing Bowl","floor":46.0},{"not_picked":["Collect","Consecrate+1","ThirdEye+1"],"picked":"Singing Bowl","floor":46.0},{"not_picked":["PathToVictory+1","WindmillStrike+1"],"picked":"InnerPeace","floor":48.0},{"not_picked":["Protect","PathToVictory","WaveOfTheHand"],"picked":"Singing Bowl","floor":48.0},{"not_picked":["Wallop+1","WreathOfFlame","CarveReality+1"],"picked":"Singing Bowl","floor":54}],"player_experience":908568,"relics_obtained":[{"floor":8.0,"key":"MawBank"},{"floor":9.0,"key":"Blood Vial"},{"floor":10.0,"key":"Thread and Needle"},{"floor":14.0,"key":"Strawberry"},{"floor":23.0,"key":"Matryoshka"},{"floor":25.0,"key":"Juzu Bracelet"},{"floor":26.0,"key":"Toy Ornithopter"},{"floor":28.0,"key":"Lantern"},{"floor":28.0,"key":"StoneCalendar"},{"floor":29.0,"key":"Singing Bowl"},{"floor":31.0,"key":"Whetstone"},{"floor":34.0,"key":"Smiling Mask"},{"floor":34.0,"key":"Darkstone Periapt"},{"floor":34.0,"key":"Prayer Wheel"},{"floor":40.0,"key":"CaptainsWheel"},{"floor":42.0,"key":"Nunchaku"},{"floor":43.0,"key":"Regal Pillow"},{"floor":45.0,"key":"Gambling Chip"},{"floor":47.0,"key":"White Beast Statue"},{"floor":54,"key":"Eternal Feather"}],"event_choices":[{"damage_healed":0.0,"max_hp_gain":0.0,"max_hp_loss":0.0,"gold_gain":0.0,"event_name":"Living Wall","player_choice":"Grow","floor":2.0,"gold_loss":0.0,"damage_taken":0.0,"cards_upgraded":["Eruption"]},{"damage_healed":0.0,"max_hp_gain":0.0,"max_hp_loss":0.0,"gold_gain":0.0,"event_name":"The Woman in Blue","player_choice":"Bought 3 Potions","floor":3.0,"gold_loss":0.0,"damage_taken":0.0},{"damage_healed":0.0,"max_hp_gain":0.0,"max_hp_loss":0.0,"gold_gain":0.0,"event_name":"Accursed Blacksmith","player_choice":"Forge","floor":13.0,"gold_loss":0.0,"damage_taken":0.0,"cards_upgraded":["FlurryOfBlows"]},{"cards_removed":["Defend_P"],"damage_healed":0.0,"max_hp_gain":0.0,"max_hp_loss":0.0,"gold_gain":0.0,"event_name":"Designer","player_choice":"Single Remove","floor":30.0,"gold_loss":60.0,"damage_taken":0.0},{"damage_healed":0.0,"max_hp_gain":0.0,"max_hp_loss":4.0,"gold_gain":0.0,"event_name":"Winding Halls","player_choice":"Max HP","floor":36.0,"gold_loss":0.0,"damage_taken":0.0},{"cards_removed":["JustLucky"],"damage_healed":0.0,"max_hp_gain":0.0,"max_hp_loss":0.0,"gold_gain":0.0,"event_name":"Falling","player_choice":"Removed Attack","floor":39.0,"gold_loss":0.0,"damage_taken":0.0},{"damage_healed":0.0,"max_hp_gain":0.0,"max_hp_loss":0.0,"gold_gain":0.0,"event_name":"Tomb of Lord Red Mask","player_choice":"Ignored","floor":44.0,"gold_loss":0.0,"damage_taken":0.0}],"is_beta":false,"boss_relics":[{"not_picked":["Black Star","VioletLotus"],"picked":"Runic Pyramid"},{"not_picked":["Astrolabe","Philosopher\u0027s Stone"],"picked":"Calling Bell"}],"items_purged_floors":[4,7,21,37,53],"is_endless":false,"potions_floor_spawned":[12,14,16,19,22,23,25,29,35,45,48,54],"ascension_level":5}}