{"host":"3a1ypf1irl30q4k8","time":1608760805,"event":{"mods":["AchievementEnabler","BaseMod","Bestiary","Colored Map","Minty Spire (QoL Compilation)","Relic Stats"],"gold_per_floor":[167,183,199,214,179,179,454,454,478,492,492,73,73,84,84,182,182,200,211,226,37,136,136,51,67,149,10,10,10,28,28,28,124,124,144,162,162,24,24,24,24,24],"floor_reached":41,"playtime":1906,"items_purged":["Regret","Compile Driver","Tempest"],"score":641,"play_id":"4bb1dead-e9f0-4acf-916b-8f1ba5f964f9","local_time":"20201223220005","is_ascension_mode":true,"campfire_choices":[{"data":"Cold Snap","floor":6,"key":"SMITH"},{"data":"Cold Snap","floor":8,"key":"SMITH"},{"data":"Dualcast","floor":11,"key":"SMITH"},{"data":"All For One","floor":13,"key":"SMITH"},{"data":"Barrage","floor":15,"key":"SMITH"},{"data":"Defragment","floor":23,"key":"SMITH"},{"data":"Creative AI","floor":29,"key":"SMITH"},{"floor":32,"key":"REST"},{"floor":40,"key":"REST"}],"circlet_count":0,"master_deck":["AscendersBane","Zap+1","Dualcast+1","Heatsinks","Cold Snap+1","Cold Snap+1","Steam","All For One+1","Loop","Barrage+1","Creative AI+1","Doom and Gloom","Tempest","Storm","Defragment+1","Multi-Cast","Rebound","Conserve Battery","Coolheaded","BootSequence","Loop","Undo","Heatsinks","Reinforced Body+1","Machine Learning","Barrage+1","Turbo"],"relics":["Tiny House","Vajra","Runic Capacitor","Bronze Scales","Pandora\u0027s Box","Lee\u0027s Waffle","Happy Flower","The Courier","SlaversCollar"],"acts_visited":["Exordium","TheCity","TheBeyond"],"potions_floor_usage":[4,14,18,25],"damage_taken":[{"damage":5,"enemies":"Cultist","floor":1,"turns":4},{"damage":17,"enemies":"2 Louse","floor":2,"turns":3},{"damage":5,"enemies":"Jaw Worm","floor":3,"turns":3},{"damage":0,"enemies":"Large Slime","floor":4,"turns":5},{"damage":7,"enemies":"Blue Slaver","floor":10,"turns":3},{"damage":10,"enemies":"Exordium Thugs","floor":14,"turns":5},{"damage":29,"enemies":"Hexaghost","floor":16,"turns":9},{"damage":30,"enemies":"2 Thieves","floor":18,"turns":4},{"damage":30,"enemies":"Chosen","floor":19,"turns":5},{"damage":32,"enemies":"Shelled Parasite and Fungi","floor":20,"turns":4},{"damage":21,"enemies":"Centurion and Healer","floor":25,"turns":7},{"damage":6,"enemies":"Sentry and Sphere","floor":30,"turns":6},{"damage":72,"enemies":"Collector","floor":33,"turns":9},{"damage":40,"enemies":"3 Darklings","floor":35,"turns":6},{"damage":8,"enemies":"Orb Walker","floor":36,"turns":4},{"damage":66,"enemies":"Reptomancer","floor":41,"turns":5}],"seed_played":"-7048527812621120331","potions_obtained":[{"floor":0,"key":"Fruit Juice"},{"floor":3,"key":"FocusPotion"},{"floor":4,"key":"FairyPotion"},{"floor":14,"key":"GamblersBrew"},{"floor":16,"key":"Block Potion"},{"floor":20,"key":"AttackPotion"},{"floor":33,"key":"SpeedPotion"},{"floor":36,"key":"Weak Potion"}],"is_trial":false,"path_per_floor":["M","M","M","M","?","R","?","R","T","M","R","$","R","M","R","B",null,"M","M","M","$","?","R","?","M","T","$","?","R","M","?","R","B",null,"M","M","?","$","$","R","E"],"character_chosen":"DEFECT","items_purchased":["Runic Capacitor","Loop","Bronze Scales","Lee\u0027s Waffle","Loop","Heatsinks","Turbo"],"campfire_rested":2,"item_purchase_floors":[12,12,12,21,21,27,38],"current_hp_per_floor":[68,51,46,51,72,72,72,72,72,65,65,65,65,55,55,26,70,40,10,5,92,92,92,92,71,71,71,71,71,65,59,86,14,73,33,25,25,25,25,52,0,0],"gold":24,"neow_bonus":"BOSS_RELIC","is_daily":false,"chose_seed":false,"campfire_upgraded":7,"win_rate":0.0,"timestamp":1608760805,"path_taken":["M","M","M","M","?","R","?","R","T","M","R","$","R","M","R","BOSS","M","?","M","$","?","R","?","M","T","$","?","R","?","?","R","BOSS","M","?","?","?","$","R","E"],"items_purchased_type":["Relic","Card","Relic","Relic","Card","Card","Card"],"build_version":"2020-12-22","purchased_purges":3,"victory":false,"max_hp_per_floor":[80,80,80,85,85,85,85,85,85,85,85,85,85,85,85,85,85,85,85,85,92,92,92,92,92,92,92,92,92,92,92,92,92,92,92,92,92,92,92,92,92,92],"relic_stats":{"Lee\u0027s Waffle":87,"Happy Flower":[12],"counters":[16,82],"Bronze Scales":[190],"Pandora\u0027s Box":["Doom and Gloom","Tempest","Storm","Defragment","Multi-Cast","Sweeping Beam","Rebound","Tempest"],"obtain_stats":[{"SlaversCollar":34,"Lee\u0027s Waffle":21,"Tiny House":0,"Happy Flower":24,"Bronze Scales":12,"Vajra":9,"Pandora\u0027s Box":17,"The Courier":26,"Runic Capacitor":12,"Cracked Core":0},{"SlaversCollar":13,"Lee\u0027s Waffle":10,"Tiny House":0,"Happy Flower":10,"Bronze Scales":5,"Vajra":4,"Pandora\u0027s Box":7,"The Courier":11,"Runic Capacitor":5,"Cracked Core":0},{"SlaversCollar":67,"Lee\u0027s Waffle":45,"Tiny House":0,"Happy Flower":45,"Bronze Scales":18,"Vajra":15,"Pandora\u0027s Box":32,"The Courier":52,"Runic Capacitor":18,"Cracked Core":0}]},"card_choices":[{"not_picked":["Conserve Battery","Loop"],"picked":"Heatsinks","floor":0},{"not_picked":["Consume","Hello World"],"picked":"Cold Snap","floor":1},{"not_picked":["Streamline","Sweeping Beam"],"picked":"Cold Snap","floor":2},{"not_picked":["FTL","Redo"],"picked":"Compile Driver","floor":3},{"not_picked":["Reinforced Body","Compile Driver"],"picked":"Steam","floor":4},{"not_picked":["Barrage","Hologram"],"picked":"All For One","floor":10},{"not_picked":["Chaos","Go for the Eyes"],"picked":"Barrage","floor":14},{"not_picked":["Reboot","Multi-Cast"],"picked":"Creative AI","floor":16},{"not_picked":["Ball Lightning","Barrage"],"picked":"Conserve Battery","floor":18},{"not_picked":["Go for the Eyes","Barrage"],"picked":"Coolheaded","floor":19},{"not_picked":["Beam Cell","Rebound"],"picked":"BootSequence","floor":20},{"not_picked":["Turbo","Double Energy+1"],"picked":"Undo","floor":25},{"not_picked":["Ball Lightning+1","Storm"],"picked":"Reinforced Body+1","floor":30},{"not_picked":["Reboot","Meteor Strike"],"picked":"Machine Learning","floor":33},{"not_picked":["Compile Driver+1","Capacitor+1"],"picked":"Barrage+1","floor":35},{"not_picked":["Undo","Streamline+1","Compile Driver+1"],"picked":"SKIP","floor":36}],"player_experience":873341,"relics_obtained":[{"floor":9,"key":"Vajra"},{"floor":26,"key":"The Courier"}],"event_choices":[{"damage_healed":21,"gold_gain":0,"player_choice":"Healed","damage_taken":0,"max_hp_gain":0,"max_hp_loss":0,"event_name":"The Cleric","floor":5,"gold_loss":35},{"damage_healed":0,"gold_gain":275,"player_choice":"Desecrate","damage_taken":0,"max_hp_gain":0,"max_hp_loss":0,"event_name":"Golden Shrine","floor":7,"gold_loss":0,"cards_obtained":["Regret"]},{"damage_healed":0,"gold_gain":99,"player_choice":"Stole From Cult","damage_taken":0,"max_hp_gain":0,"max_hp_loss":0,"event_name":"Nest","floor":22,"gold_loss":0},{"damage_healed":0,"gold_gain":0,"player_choice":"Obtained Relic","damage_taken":0,"relics_obtained":["Happy Flower"],"max_hp_gain":0,"max_hp_loss":0,"event_name":"Addict","floor":24,"gold_loss":85},{"cards_removed":["Sweeping Beam"],"damage_healed":0,"gold_gain":0,"player_choice":"Purged","damage_taken":0,"max_hp_gain":0,"max_hp_loss":0,"event_name":"Purifier","floor":28,"gold_loss":0},{"damage_healed":0,"gold_gain":0,"player_choice":"","damage_taken":6,"max_hp_gain":0,"max_hp_loss":0,"event_name":"Knowing Skull","floor":31,"potions_obtained":[],"gold_loss":0,"cards_obtained":[]},{"damage_healed":0,"gold_gain":0,"player_choice":"Bought 0 Potions","damage_taken":0,"max_hp_gain":0,"max_hp_loss":0,"event_name":"The Woman in Blue","floor":37,"gold_loss":0}],"is_beta":false,"boss_relics":[{"not_picked":["Busted Crown","Fusion Hammer"],"picked":"Pandora\u0027s Box"},{"not_picked":["Empty Cage","Astrolabe"],"picked":"SlaversCollar"}],"items_purged_floors":[12,27,38],"is_endless":false,"potions_floor_spawned":[3,4,14,16,20,33,36],"killed_by":"Reptomancer","ascension_level":11}}