{"host":"1p8eqzpvl5sxeu5t","time":1608735309,"event":{"mods":["BaseMod","Bestiary","Block Reminder","Colored Map","Colored Powertips","Downfall","Highlight Path","Minty Spire (QoL Compilation)","Relic Stats","StSLib","The IronCluck","Waifu the Spire","everything is the same but u backflip on backflip","slay the spire mod where everything is the same but ironclad has a cowboy hat"],"gold_per_floor":[99,116,132,117,217,229,229,246,281,431,281,315,345,345,365,365,365,365],"floor_reached":16,"playtime":641,"items_purged":[],"score":127,"play_id":"05b840a7-21cf-432f-b9d6-32dedd59c931","local_time":"20201223225509","is_ascension_mode":true,"campfire_choices":[{"floor":1,"key":"RECALL"},{"floor":11,"key":"REST"}],"circlet_count":0,"master_deck":["champ:Strike+1","champ:Strike","champ:Strike","champ:Strike","champ:Defend","champ:Defend+1","champ:Defend","champ:Defend","champ:Execute","champ:Taunt","champ:FaceSlap","champ:StanceDance","champ:ShieldSigil","champ:ShieldWall","champ:HoldFirm","Slimebound:Icky","champ:HeartStrike+1","Regret","champ:Balance"],"relics":["Fusion Hammer","Ornamental Fan","downfall:HeartBlessingRed","downfall:HeartBlessingBlue","InkBottle"],"acts_visited":["Exordium"],"potions_floor_usage":[9,16],"damage_taken":[{"damage":12,"enemies":"Small Slimes","floor":2,"turns":4},{"damage":14,"enemies":"Jaw Worm","floor":3,"turns":3},{"damage":13,"enemies":"downfall:FleeingMerchant","floor":4,"turns":4},{"damage":5,"enemies":"2 Louse","floor":6,"turns":2},{"damage":24,"enemies":"Exordium Wildlife","floor":8,"turns":4},{"damage":35,"enemies":"3 Sentries","floor":9,"turns":8},{"damage":36,"enemies":"Gremlin Nob","floor":12,"turns":5},{"damage":1,"enemies":"Blue Slaver","floor":15,"turns":3},{"damage":54,"enemies":"downfall:Defect","floor":16,"turns":6}],"seed_played":"3185549085865917809","potions_obtained":[{"floor":6,"key":"EssenceOfSteel"},{"floor":9,"key":"FearPotion"},{"floor":15,"key":"champ:CounterPotion"}],"is_trial":false,"path_per_floor":["R","M","M","$","?","M","T","M","E","?","R","E","?","?","M","B"],"character_chosen":"THE_CHAMP","items_purchased":[],"campfire_rested":1,"item_purchase_floors":[],"current_hp_per_floor":[90,88,79,79,79,79,79,65,45,45,82,46,46,46,45,0,0,0],"gold":365,"neow_bonus":"BOSS_RELIC","is_daily":false,"chose_seed":false,"campfire_upgraded":0,"win_rate":0.0,"timestamp":1608735309,"path_taken":["R","M","M","$","?","M","T","M","E","?","R","E","?","?","M","BOSS"],"items_purchased_type":[],"build_version":"2020-12-22","purchased_purges":0,"victory":false,"max_hp_per_floor":[90,90,90,90,90,90,90,90,90,90,100,100,100,100,100,100,100,100],"relic_stats":{"counters":[9,39],"Ornamental Fan":[12],"obtain_stats":[{"downfall:HeartBlessingRed":11,"Ornamental Fan":9,"downfall:HeartBlessingBlue":11,"champ:ChampionCrown":0,"Fusion Hammer":0,"InkBottle":12},{"downfall:HeartBlessingRed":6,"Ornamental Fan":6,"downfall:HeartBlessingBlue":6,"champ:ChampionCrown":0,"Fusion Hammer":0,"InkBottle":7},{"downfall:HeartBlessingRed":25,"Ornamental Fan":25,"downfall:HeartBlessingBlue":25,"champ:ChampionCrown":0,"Fusion Hammer":0,"InkBottle":30}],"InkBottle":[3]},"card_choices":[{"not_picked":["champ:Encircle","champ:FanOfKnives"],"picked":"champ:FaceSlap","floor":2},{"not_picked":["champ:ViciousMockery","champ:TornadoPunch"],"picked":"champ:StanceDance","floor":3},{"not_picked":["champ:FanOfKnives","champ:ArenaPreparation"],"picked":"champ:ShieldSigil","floor":4},{"not_picked":["champ:FalseCounter","champ:StanceDance"],"picked":"champ:ShieldWall","floor":6},{"not_picked":["champ:FaceSlap","champ:GladiatorsShout","champ:RapidStrikes"],"picked":"SKIP","floor":8},{"not_picked":["champ:PerfectedStrike","champ:StanceDance"],"picked":"champ:HoldFirm","floor":9},{"not_picked":["champ:PerfectedStrike","champ:Haymaker","champ:HeartStrike"],"picked":"SKIP","floor":12},{"not_picked":["champ:PerfectedStrike","champ:Haymaker"],"picked":"champ:HeartStrike","floor":12},{"not_picked":["champ:PerfectedStrike","champ:ViciousMockery"],"picked":"champ:Balance","floor":15}],"player_experience":824068,"relics_obtained":[{"floor":9,"key":"Ornamental Fan"},{"floor":12,"key":"InkBottle"}],"event_choices":[],"is_beta":false,"boss_relics":[],"items_purged_floors":[],"is_endless":false,"potions_floor_spawned":[6,9,15],"killed_by":"downfall:Defect","ascension_level":3}}