{"host":"9i65z0zqo49crzwy","time":1608698112,"event":{"mods":["AchievementEnabler","Aspiration","Bard","BaseMod","Beaked The Cultist","Bestiary","Better Altar","Better Match","Better Note","Better Sensory Stone","Better Skull","Better Third Choice","BetterRewards","CCEM","Clawfect","Colored Map","Conspire","Downfall","GifTheSpireLib","Halation","Hermit","Highlight Path","Hubris","Hunter ??","Infinite Spire","Jedi Mod","Jorbs\u0027s Wanderer Trilogy","Mad Scientist","Marisa????????","Mimic Mod","Minty Spire (QoL Compilation)","Permanent Neow","Replay The Spire","Shade Mod","Shop Mod","Spicy Shops","StSLib","Stuff the Spire","The Administrix","The Alterego","The Blackbeard","The Bug Knight","The Construct","The Cursed","The Disciple","The Gatherer","The Hierophant","The IronCluck","The Jungle","The Mystic","The Necromancer","The Problem Sleuth","The Runesmith","The Servant 0.9.4","The Spell Scribe","The Witch","TheHero","Unceasing Turn Reminder"],"gold_per_floor":[119,119,134,151,151,183,195,195,244,279,279,279,32,46,46,143,143,154,5,16,16,16,16,48,59,59,59,94,94,94,111,111,214,214,228,246,246,171,24,24,42,55,89,109,135,152,152,162,162,162,162],"floor_reached":50,"playtime":3944,"items_purged":[],"score":597,"play_id":"fa4eb0ab-28dd-406f-9b2c-843012b7f101","local_time":"20201222203512","is_ascension_mode":false,"campfire_choices":[{"data":"alterego_mod:Weigh","floor":8.0,"key":"SMITH"},{"data":"alterego_mod:Impale","floor":11.0,"key":"SMITH"},{"floor":15.0,"key":"RECALL"},{"floor":23.0,"key":"REST"},{"data":"alterego_mod:ClassAdvantage","floor":27.0,"key":"SMITH"},{"floor":32.0,"key":"REST"},{"data":"alterego_mod:Belle","floor":40.0,"key":"SMITH"},{"data":"alterego_mod:AlterEgo","floor":47,"key":"SMITH"},{"data":"alterego_mod:BigMeatyClaws","floor":49,"key":"SMITH"}],"circlet_count":0,"master_deck":["alterego_mod:Strike+1","alterego_mod:Strike+1","alterego_mod:Strike","alterego_mod:Defend+1","alterego_mod:Defend","alterego_mod:Defend","alterego_mod:Defend","alterego_mod:Impale+1","alterego_mod:BigMeatyClaws+1","alterego_mod:BrynhildrsRune+1","alterego_mod:Weigh+1","alterego_mod:Mirror+1","alterego_mod:Birthday+1","alterego_mod:Bounce","alterego_mod:BoobPocket","alterego_mod:DiscoLights","StuffTheSpire:Innocence","alterego_mod:BrynhildrRomantia+1","alterego_mod:DiscoLights","infinitespire:Menacing","alterego_mod:ClassAdvantage+1","alterego_mod:IndependentAction+1","alterego_mod:Palingenesis","alterego_mod:Punishment+1","Replay:SS_forest_5+1","alterego_mod:HighServant+1","alterego_mod:Birthday+1","alterego_mod:AlterEgo+1","alterego_mod:Santa+1","alterego_mod:BusterCard+1","alterego_mod:GachaTicket","alterego_mod:MagicResistance+1"],"relics":["alterego_mod:MasochisticConstitution","StuffTheSpire:PointBlank","Boot","Whetstone","infinitespire:BottledMercury","aspiration:MobileForge","Gremlin Food","construct:WeddingRing","StuffTheSpire:Experiment12","halation:PromiseList","CCEMRelics:Barrel","Bag of Marbles","Blood Vial","Coffee Dripper","hubris:Towel","aspiration:EmptySkull","CCEMRelics:OldTooth","conspire:GiftBox","hubris:CuriousFeather"],"acts_visited":["Exordium","TheCity","TheBeyond"],"potions_floor_usage":[45,50,50,50],"damage_taken":[{"damage":8.0,"enemies":"Jaw Worm","floor":1.0,"turns":3.0},{"damage":1.0,"enemies":"Cultist","floor":3.0,"turns":4.0},{"damage":18.0,"enemies":"infinitespire:Voidling","floor":4.0,"turns":3.0},{"damage":24.0,"enemies":"Gremlin Nob","floor":6.0,"turns":4.0},{"damage":21.0,"enemies":"conspire:2 RoseBushes","floor":7.0,"turns":7.0},{"damage":0.0,"enemies":"HollowMod:MossKnight","floor":10.0,"turns":10.0},{"damage":0.0,"enemies":"Blue Slaver","floor":14.0,"turns":1.0},{"damage":19.0,"enemies":"Hexaghost","floor":16.0,"turns":14.0},{"damage":32.0,"enemies":"Chosen","floor":18.0,"turns":8.0},{"damage":5.0,"enemies":"3 Byrds","floor":20.0,"turns":5.0},{"damage":11.0,"enemies":"Replay:Snechameleon","floor":24.0,"turns":5.0},{"damage":0.0,"enemies":"Snake Plant","floor":25.0,"turns":1.0},{"damage":19.0,"enemies":"Gremlin Leader","floor":28.0,"turns":6.0},{"damage":11.0,"enemies":"3 Cultists","floor":31.0,"turns":5.0},{"damage":40.0,"enemies":"Collector","floor":33.0,"turns":10.0},{"damage":84.0,"enemies":"3 Shapes","floor":35.0,"turns":12.0},{"damage":7.0,"enemies":"3 Darklings","floor":36.0,"turns":7.0},{"damage":41.0,"enemies":"4 Shapes","floor":41.0,"turns":6.0},{"damage":0,"enemies":"Maw","floor":42,"turns":5},{"damage":3,"enemies":"Writhing Mass","floor":43,"turns":5},{"damage":16,"enemies":"Writhing Mass","floor":44,"turns":4},{"damage":32,"enemies":"Giant Head","floor":45,"turns":9},{"damage":34,"enemies":"3 Darklings","floor":46,"turns":7},{"damage":34,"enemies":"Transient","floor":48,"turns":5},{"damage":27,"enemies":"hubris:GrandSnecko","floor":50,"turns":3}],"seed_played":"6386536956591311774","potions_obtained":[{"floor":3.0,"key":"Regen Potion"},{"floor":7.0,"key":"Swift Potion"},{"floor":14.0,"key":"SpeedPotion"},{"floor":16.0,"key":"Regen Potion"},{"floor":18.0,"key":"Strength Potion"},{"floor":20.0,"key":"LiquidMemories"},{"floor":29.0,"key":"CultistPotion"},{"floor":29.0,"key":"Milkshake"},{"floor":35.0,"key":"champ:CounterPotion"},{"floor":42,"key":"PowerPotion"},{"floor":48,"key":"jedi:holywater"}],"is_trial":false,"path_per_floor":["M","?","M","M","?","E","M","R","T","E","R","?","$","M","R","B",null,"M","$","M","AVR","?","R","E","M","T","R","E","?","?","M","R_BF","B",null,"M","M","?","?","$","R","M","M","MIM","M","E","M","R","M","R","B"],"character_chosen":"The_Alterego","items_purchased":["infinitespire:BottledMercury","Gremlin Food","aspiration:EmptySkull"],"campfire_rested":2,"item_purchase_floors":[13,19,39],"current_hp_per_floor":[63,63,70,62,62,41,23,23,23,25,25,18,18,20,20,18,76,58,58,66,66,5,30,42,50,50,50,70,70,70,87,100,84,101,46,70,70,70,70,70,61,74,80,73,61,36,36,18,18,0,0],"gold":162,"neow_bonus":"ONE_RANDOM_RARE_CARD","is_daily":false,"chose_seed":false,"campfire_upgraded":6,"win_rate":0.0,"timestamp":1608698112,"path_taken":["M","?","?","M","?","E","?","R","T","E","R","?","?","?","R","BOSS","M","$","M","AVR","?","R","E","M","T","R","E","?","?","?","R_BF","BOSS","M","M","?","?","$","R","M","M","MIM","?","E","M","R","M","R","BOSS"],"items_purchased_type":["Relic","Relic","Relic"],"build_version":"2020-12-13","purchased_purges":0,"victory":false,"max_hp_per_floor":[71,71,72,73,73,74,75,75,75,75,75,75,75,75,75,76,76,81,81,85,85,85,85,90,90,90,90,91,91,91,100,100,101,101,106,111,111,111,111,111,116,116,117,118,123,124,124,125,125,125,125],"card_choices":[{"not_picked":["alterego_mod:Cooking","alterego_mod:MaintainEyeContact"],"picked":"alterego_mod:Mirror","floor":1.0},{"not_picked":["alterego_mod:Maid","alterego_mod:TrashNCrash"],"picked":"alterego_mod:Birthday","floor":3.0},{"not_picked":["alterego_mod:Cooking","alterego_mod:Clones"],"picked":"alterego_mod:Bounce","floor":4.0},{"not_picked":["alterego_mod:Rip","alterego_mod:DestructionOfProperty"],"picked":"alterego_mod:DiscoLights","floor":6.0},{"not_picked":["alterego_mod:Rip","alterego_mod:MagicResistance","alterego_mod:Smother"],"picked":"SKIP","floor":7.0},{"not_picked":["alterego_mod:Jiggle","alterego_mod:BreastValley","alterego_mod:1TonWallop"],"picked":"SKIP","floor":10.0},{"not_picked":["alterego_mod:Mirror","alterego_mod:PerceptionDisorder","alterego_mod:Vow"],"picked":"SKIP","floor":14.0},{"not_picked":["alterego_mod:Alter","alterego_mod:VirginLaserPalladion"],"picked":"alterego_mod:BrynhildrRomantia","floor":16.0},{"not_picked":["alterego_mod:Skirt","alterego_mod:DestructionOfProperty"],"picked":"alterego_mod:DiscoLights","floor":18.0},{"not_picked":["alterego_mod:Mirror+1","alterego_mod:MagicResistance","alterego_mod:Exercise"],"picked":"SKIP","floor":20.0},{"not_picked":["alterego_mod:Bounce","alterego_mod:BeGentle"],"picked":"alterego_mod:ClassAdvantage","floor":24.0},{"not_picked":["alterego_mod:Mirror","alterego_mod:Smother","alterego_mod:BoobPocket"],"picked":"SKIP","floor":25.0},{"not_picked":["alterego_mod:Jiggle","alterego_mod:PerceptionDisorder","alterego_mod:Pet+1"],"picked":"SKIP","floor":28.0},{"not_picked":["alterego_mod:HighServant","alterego_mod:PerceptionDisorder"],"picked":"alterego_mod:IndependentAction+1","floor":31.0},{"not_picked":["alterego_mod:VirginLaserPalladion","alterego_mod:GIGAMILK"],"picked":"alterego_mod:Palingenesis","floor":33.0},{"not_picked":["alterego_mod:Cycle","alterego_mod:Jiggle"],"picked":"alterego_mod:Punishment+1","floor":35.0},{"not_picked":["alterego_mod:PerceptionDisorder+1","alterego_mod:Rip+1"],"picked":"alterego_mod:Belle","floor":36.0},{"not_picked":["expansioncontent:HyperBeam+1","Replay:Parry+1"],"picked":"Replay:SS_forest_5+1","floor":38.0},{"not_picked":["alterego_mod:Swimsuit+1","alterego_mod:Skirt+1"],"picked":"alterego_mod:HighServant+1","floor":41.0},{"not_picked":["alterego_mod:Cooking","alterego_mod:Table+1"],"picked":"alterego_mod:Birthday+1","floor":42},{"not_picked":["alterego_mod:Vow","alterego_mod:Venus"],"picked":"alterego_mod:AlterEgo","floor":43},{"not_picked":["alterego_mod:Undulate","alterego_mod:Skirt"],"picked":"alterego_mod:Santa+1","floor":44},{"not_picked":["alterego_mod:Belts","alterego_mod:VirginLaserPalladion"],"picked":"alterego_mod:BusterCard+1","floor":45},{"not_picked":["alterego_mod:SuperDuperMasochism","alterego_mod:Smother+1"],"picked":"alterego_mod:GachaTicket","floor":46},{"not_picked":["alterego_mod:Cycle+1","alterego_mod:HighServant"],"picked":"alterego_mod:MagicResistance+1","floor":48}],"player_experience":123435,"relics_obtained":[{"floor":6.0,"key":"StuffTheSpire:PointBlank"},{"floor":9.0,"key":"Boot"},{"floor":10.0,"key":"Whetstone"},{"floor":24.0,"key":"Bag of Marbles"},{"floor":28.0,"key":"Blood Vial"},{"floor":43,"key":"CCEMRelics:OldTooth"},{"floor":43,"key":"conspire:GiftBox"},{"floor":45,"key":"hubris:CuriousFeather"}],"event_choices":[{"damage_healed":0.0,"max_hp_gain":0.0,"max_hp_loss":0.0,"gold_gain":0.0,"event_name":"Accursed Blacksmith","player_choice":"Forge","floor":2.0,"gold_loss":0.0,"damage_taken":0.0,"cards_upgraded":["alterego_mod:BrynhildrsRune"]},{"damage_healed":0.0,"max_hp_gain":0.0,"max_hp_loss":0.0,"gold_gain":0.0,"cards_transformed":["alterego_mod:Strike"],"event_name":"Transmorgrifier","player_choice":"Transformed","floor":5.0,"gold_loss":0.0,"damage_taken":0.0,"cards_obtained":["alterego_mod:BoobPocket"]},{"damage_healed":0.0,"max_hp_gain":0.0,"max_hp_loss":0.0,"gold_gain":0.0,"event_name":"betterSkull:BetterSkull","player_choice":"RE RE UP UP ","floor":22.0,"gold_loss":0.0,"damage_taken":69.0,"cards_upgraded":["alterego_mod:Mirror","alterego_mod:BrynhildrRomantia"],"relics_obtained":["halation:PromiseList","CCEMRelics:Barrel"]},{"damage_healed":0.0,"max_hp_gain":0.0,"max_hp_loss":0.0,"gold_gain":0.0,"event_name":"Lab","player_choice":"Got Potions","floor":29.0,"gold_loss":0.0,"damage_taken":0.0},{"cards_removed":["alterego_mod:BrynhildrRomantia"],"damage_healed":0.0,"max_hp_gain":0.0,"max_hp_loss":0.0,"gold_gain":0.0,"event_name":"betterNote:BetterNote","player_choice":"Give","floor":30.0,"gold_loss":0.0,"damage_taken":0.0,"cards_obtained":["None"]},{"damage_healed":0.0,"max_hp_gain":0.0,"max_hp_loss":0.0,"gold_gain":0.0,"event_name":"betterMatch:BetterMatch","player_choice":"2","floor":38.0,"gold_loss":0.0,"damage_taken":0.0,"cards_obtained":["betterMatch:ColorlessUncommonCard"]}],"is_beta":false,"boss_relics":[{"not_picked":["halation:MonkeysPaw","Cursed Key"],"picked":"aspiration:MobileForge"},{"not_picked":["halation:PinkAlligatorPlush","halation:CatFaceCupcake"],"picked":"Coffee Dripper"}],"items_purged_floors":[],"is_endless":false,"potions_floor_spawned":[3,7,14,16,18,20,25,35,42,44,48],"killed_by":"hubris:GrandSnecko","ascension_level":0}}