{"host":"3y2rtlgteqp2nuo3","time":1608742741,"event":{"mods":["2.2 Compatiblity","AchievementEnabler","BaseMod","Colored Map","DeckTracker","Highlight Path","Keyboard Shortcuts","Minty Spire (QoL Compilation)","Permanent Neow","Quick Restart","StSLib","SuperFastMode","everything is the same but u backflip on backflip"],"gold_per_floor":[112,112,132,147,163,194,210,210,210,210,210,228,238,249,249,350,350,365,365,381,35,52,52,81,81,81,81,108,108,124,49,49,152,152,165,177,177,196,50,50,50,81,105,125,125,142,152,152,152,152],"floor_reached":51,"playtime":1336,"items_purged":[],"score":721,"play_id":"71482204-6f52-4342-8f45-0132a799bba2","local_time":"20201224015901","is_ascension_mode":false,"campfire_choices":[{"data":"Beam Cell","floor":8.0,"key":"SMITH"},{"data":"Streamline","floor":11.0,"key":"SMITH"},{"data":"Darkness","floor":15.0,"key":"SMITH"},{"data":"RitualDagger","floor":23.0,"key":"SMITH"},{"floor":25.0,"key":"REST"},{"floor":27.0,"key":"REST"},{"data":"Biased Cognition","floor":29.0,"key":"SMITH"},{"data":"Coolheaded","floor":32.0,"key":"SMITH"},{"data":"Skim","floor":40,"key":"SMITH"},{"data":"Dualcast","floor":45,"key":"SMITH"},{"data":"Turbo","floor":49,"key":"SMITH"}],"circlet_count":0,"master_deck":["Strike_B","Strike_B","Defend_B","Defend_B","Defend_B","Defend_B","Zap+1","Dualcast+1","Streamline+1","Rebound","Beam Cell+1","Doom and Gloom","Core Surge","Compile Driver","Darkness+1","Coolheaded+1","Biased Cognition+1","RitualDagger+1","BootSequence+1","Turbo+1","Coolheaded+1","Skim+1","Glacier","Compile Driver+1","Machine Learning","The Bomb","Glacier"],"relics":["Cracked Core","Pear","Kunai","Black Star","ClockworkSouvenir","Happy Flower","Emotion Chip","Meat on the Bone","HornCleat","MealTicket","Ginger","Busted Crown","Bag of Marbles","Eternal Feather","PreservedInsect","Lantern"],"acts_visited":["Exordium","TheCity","TheBeyond"],"potions_floor_usage":[33,44],"damage_taken":[{"damage":0.0,"enemies":"Cultist","floor":1.0,"turns":3.0},{"damage":6.0,"enemies":"Jaw Worm","floor":3.0,"turns":2.0},{"damage":0.0,"enemies":"Small Slimes","floor":4.0,"turns":2.0},{"damage":14.0,"enemies":"Exordium Wildlife","floor":5.0,"turns":5.0},{"damage":25.0,"enemies":"3 Sentries","floor":6.0,"turns":5.0},{"damage":8.0,"enemies":"3 Louse","floor":7.0,"turns":2.0},{"damage":0.0,"enemies":"Looter","floor":12.0,"turns":2.0},{"damage":0.0,"enemies":"Large Slime","floor":13.0,"turns":2.0},{"damage":0.0,"enemies":"Blue Slaver","floor":14.0,"turns":1.0},{"damage":24.0,"enemies":"Hexaghost","floor":16.0,"turns":6.0},{"damage":6.0,"enemies":"3 Byrds","floor":18.0,"turns":3.0},{"damage":20.0,"enemies":"Spheric Guardian","floor":20.0,"turns":4.0},{"damage":13.0,"enemies":"Snake Plant","floor":22.0,"turns":4.0},{"damage":5.0,"enemies":"Gremlin Leader","floor":24.0,"turns":6.0},{"damage":17.0,"enemies":"Slavers","floor":28.0,"turns":6.0},{"damage":4.0,"enemies":"Centurion and Healer","floor":30.0,"turns":6.0},{"damage":11,"enemies":"Champ","floor":33,"turns":8},{"damage":0,"enemies":"Orb Walker","floor":35,"turns":3},{"damage":0,"enemies":"3 Shapes","floor":36,"turns":5},{"damage":7,"enemies":"Spire Growth","floor":38,"turns":5},{"damage":20,"enemies":"Nemesis","floor":42,"turns":6},{"damage":5,"enemies":"Jaw Worm Horde","floor":44,"turns":5},{"damage":3,"enemies":"Sphere and 2 Shapes","floor":46,"turns":4},{"damage":0,"enemies":"Writhing Mass","floor":47,"turns":5},{"damage":45,"enemies":"Donu and Deca","floor":50,"turns":8}],"seed_played":"-12034439612132859","potions_obtained":[{"floor":4.0,"key":"LiquidMemories"},{"floor":7.0,"key":"SteroidPotion"},{"floor":12.0,"key":"Dexterity Potion"},{"floor":16.0,"key":"PowerPotion"},{"floor":22.0,"key":"Explosive Potion"},{"floor":24.0,"key":"SneckoOil"},{"floor":30.0,"key":"Explosive Potion"},{"floor":38,"key":"SteroidPotion"},{"floor":46,"key":"PotionOfCapacity"},{"floor":47,"key":"Regen Potion"}],"is_trial":false,"path_per_floor":["M","?","M","M","M","E","M","R","T","T","R","M","M","M","R","B",null,"M","?","M","$","M","R","E","R","T","R","E","R","M","?","R","B",null,"M","M","?","M","$","R","?","E","T","M","R","M","M","?","R","B",null],"character_chosen":"DEFECT","items_purchased":["ClockworkSouvenir","Turbo","Happy Flower","Bag of Marbles"],"campfire_rested":2,"item_purchase_floors":[21,21,21,39],"current_hp_per_floor":[75,75,69,69,55,40,32,32,32,32,32,32,32,32,32,8,85,79,73,53,53,40,40,35,60,60,85,68,68,64,64,64,53,85,85,85,81,74,81,81,71,51,51,46,61,58,58,58,73,40],"gold":152,"neow_bonus":"REMOVE_CARD","is_daily":false,"chose_seed":false,"campfire_upgraded":9,"win_rate":0.0,"timestamp":1608742741,"path_taken":["M","?","M","M","M","E","M","R","T","?","R","M","?","M","R","BOSS","M","?","M","$","M","R","E","R","T","R","E","R","M","?","R","BOSS","M","M","?","M","$","R","?","E","T","M","R","M","M","?","R","BOSS"],"items_purchased_type":["Relic","Card","Relic","Relic"],"build_version":"2020-12-22","purchased_purges":0,"victory":true,"max_hp_per_floor":[75,75,75,75,75,85,85,85,85,85,85,85,85,85,85,85,85,85,85,85,85,85,85,85,85,85,85,85,85,85,85,85,85,85,85,85,81,81,81,81,81,81,81,81,81,81,81,81,81,81],"card_choices":[{"not_picked":["Stack","Double Energy"],"picked":"Streamline","floor":1.0},{"not_picked":["Steam","Chill"],"picked":"Rebound","floor":3.0},{"not_picked":["Redo","Multi-Cast"],"picked":"Beam Cell","floor":4.0},{"not_picked":["Aggregate","Redo"],"picked":"Doom and Gloom","floor":5.0},{"not_picked":["Rebound","Consume"],"picked":"Core Surge","floor":6.0},{"not_picked":["Undo","Loop"],"picked":"Compile Driver","floor":7.0},{"not_picked":["Blizzard","Recycle"],"picked":"Darkness","floor":12.0},{"not_picked":["Compile Driver","Static Discharge"],"picked":"Conserve Battery","floor":13.0},{"not_picked":["Conserve Battery","Go for the Eyes"],"picked":"Coolheaded","floor":14.0},{"not_picked":["Core Surge","Echo Form"],"picked":"Biased Cognition","floor":16.0},{"not_picked":["Rebound","Auto Shields","Streamline"],"picked":"SKIP","floor":18.0},{"not_picked":["Cold Snap","Conserve Battery"],"picked":"BootSequence+1","floor":20.0},{"not_picked":["Stack","Consume"],"picked":"Coolheaded+1","floor":22.0},{"not_picked":["Force Field","Conserve Battery"],"picked":"Skim","floor":24.0},{"not_picked":["Self Repair+1","Beam Cell+1"],"picked":"Glacier","floor":28.0},{"not_picked":["Streamline","Hyperbeam"],"picked":"Compile Driver+1","floor":30.0},{"not_picked":["Buffer","Creative AI"],"picked":"Machine Learning","floor":33},{"not_picked":["Gash+1"],"picked":"SKIP","floor":35},{"not_picked":["Compile Driver+1"],"picked":"SKIP","floor":36},{"not_picked":["Melter"],"picked":"SKIP","floor":38},{"not_picked":[],"picked":"The Bomb","floor":41},{"not_picked":["Rebound+1"],"picked":"SKIP","floor":42},{"not_picked":["Go for the Eyes"],"picked":"SKIP","floor":44},{"not_picked":["Glacier"],"picked":"SKIP","floor":46},{"not_picked":[],"picked":"Glacier","floor":46},{"not_picked":["Conserve Battery"],"picked":"SKIP","floor":47},{"not_picked":["Conserve Battery"],"picked":"SKIP","floor":47}],"player_experience":637168,"relics_obtained":[{"floor":6.0,"key":"Pear"},{"floor":10.0,"key":"Kunai"},{"floor":24.0,"key":"Emotion Chip"},{"floor":24.0,"key":"Meat on the Bone"},{"floor":26.0,"key":"HornCleat"},{"floor":28.0,"key":"MealTicket"},{"floor":28.0,"key":"Ginger"},{"floor":42,"key":"Eternal Feather"},{"floor":42,"key":"PreservedInsect"},{"floor":43,"key":"Lantern"}],"event_choices":[{"damage_healed":0.0,"max_hp_gain":0.0,"max_hp_loss":0.0,"gold_gain":0.0,"event_name":"Living Wall","player_choice":"Grow","floor":2.0,"gold_loss":0.0,"damage_taken":0.0,"cards_upgraded":["Zap"]},{"damage_healed":0.0,"max_hp_gain":0.0,"max_hp_loss":0.0,"gold_gain":0.0,"event_name":"Nest","player_choice":"Joined the Cult","floor":19.0,"gold_loss":0.0,"damage_taken":6.0,"cards_obtained":["RitualDagger"]},{"cards_removed":["Strike_B"],"damage_healed":0.0,"max_hp_gain":0.0,"max_hp_loss":0.0,"gold_gain":0.0,"event_name":"Beggar","player_choice":"Gave Gold","floor":31.0,"gold_loss":75.0,"damage_taken":0.0},{"damage_healed":0,"gold_gain":0,"player_choice":"Max HP","damage_taken":0,"max_hp_gain":0,"max_hp_loss":4,"event_name":"Winding Halls","floor":37,"gold_loss":0},{"damage_healed":0,"gold_gain":0,"player_choice":"Memory 3","damage_taken":10,"max_hp_gain":0,"max_hp_loss":0,"event_name":"SensoryStone","floor":41,"gold_loss":0},{"cards_removed":["Conserve Battery"],"damage_healed":0,"gold_gain":0,"player_choice":"Removed Skill","damage_taken":0,"max_hp_gain":0,"max_hp_loss":0,"event_name":"Falling","floor":48,"gold_loss":0}],"is_beta":false,"boss_relics":[{"not_picked":["Inserter","Ectoplasm"],"picked":"Black Star"},{"not_picked":["Nuclear Battery","Philosopher\u0027s Stone"],"picked":"Busted Crown"}],"items_purged_floors":[],"is_endless":false,"potions_floor_spawned":[4,7,12,16,22,24,30,38,46,47],"ascension_level":0}}