{"host":"v4tuy5ykrbdcm9o9","time":1608763873,"event":{"mods":["BaseMod","Duelist Mod","Minty Spire (QoL Compilation)","Replay The Spire","StSLib"],"gold_per_floor":[109,122,122,141,157,187,187,217,217,217,31,31,44,59,59,164,164,183,123,140,158,208,208,208,208],"floor_reached":24,"playtime":2710,"items_purged":[],"score":250,"play_id":"b3b0ebb9-d473-4672-a264-e52ecf4318be","local_time":"20201223175113","is_ascension_mode":true,"campfire_choices":[{"floor":7,"key":"REST"},{"floor":10,"key":"REST"},{"floor":15,"key":"REST"},{"floor":23,"key":"REST"}],"circlet_count":0,"master_deck":["Strike_R","Strike_R","Strike_R","Strike_R","Strike_R","Defend_R","Defend_R","Defend_R","Defend_R","Bash","Shrug It Off","Spot Weakness","Juggernaut","Cleave","Headbutt","Bloodletting","Perfected Strike","Apotheosis","Feed","Inflame","Limit Break","Wild Strike+1","Headbutt","Body Slam+1","Hallucinations"],"relics":["Burning Blood","Sundial","Potion Belt","ReplayTheSpireMod:Lightbulb","Philosopher\u0027s Stone","Ring of Greed","Blue Doll","Smiling Mask"],"acts_visited":["Exordium","TheCity"],"potions_floor_usage":[6,8,20,20],"damage_taken":[{"damage":9,"enemies":"2 Louse","floor":1,"turns":3},{"damage":11,"enemies":"Cultist","floor":2,"turns":5},{"damage":10,"enemies":"Jaw Worm","floor":4,"turns":4},{"damage":20,"enemies":"Exordium Wildlife","floor":5,"turns":4},{"damage":35,"enemies":"Lagavulin","floor":6,"turns":5},{"damage":36,"enemies":"Gremlin Nob","floor":8,"turns":4},{"damage":21,"enemies":"Large Slime","floor":13,"turns":5},{"damage":11,"enemies":"Blue Slaver","floor":14,"turns":3},{"damage":30,"enemies":"Slime Boss","floor":16,"turns":8},{"damage":44,"enemies":"2 Thieves","floor":18,"turns":5},{"damage":0,"enemies":"3 Byrds","floor":20,"turns":2},{"damage":54,"enemies":"Snake Plant","floor":21,"turns":4},{"damage":0,"enemies":"Gremlin Leader","floor":24,"turns":1}],"seed_played":"-1725069570975528020","potions_obtained":[{"floor":2,"key":"PowerPotion"},{"floor":6,"key":"Block Potion"},{"floor":13,"key":"Cursed Concoction"},{"floor":14,"key":"Explosive Potion"},{"floor":18,"key":"Explosive Potion"},{"floor":21,"key":"SkillPotion"}],"is_trial":false,"path_per_floor":["M","M","?","M","M","E","R","E","T","R","$","?","M","M","R","B",null,"M","?","M","M","?","R","E"],"character_chosen":"IRONCLAD","items_purchased":["Apotheosis"],"campfire_rested":4,"item_purchase_floors":[11],"current_hp_per_floor":[85,80,80,76,62,33,59,29,29,55,55,55,40,38,65,41,91,53,53,62,14,14,42,42,42],"gold":208,"neow_bonus":"TEN_PERCENT_HP_BONUS","is_daily":false,"chose_seed":false,"campfire_upgraded":0,"win_rate":0.0,"timestamp":1608763873,"path_taken":["M","M","?","?","M","E","R","E","T","R","$","?","?","M","R","BOSS","M","?","M","M","?","R","E"],"items_purchased_type":["Card"],"build_version":"2020-12-22","purchased_purges":0,"victory":false,"max_hp_per_floor":[88,88,88,88,88,88,88,88,88,88,88,88,88,91,91,91,91,91,91,94,94,94,94,94,94],"card_choices":[{"not_picked":["Sentinel","Replay:Undeath\u0027s Touch"],"picked":"Shrug It Off","floor":1},{"not_picked":["Havoc","ReplayTheSpireMod:Limb From Limb"],"picked":"Spot Weakness","floor":2},{"not_picked":["Run Through","Sentinel"],"picked":"Cleave","floor":4},{"not_picked":["ReplayTheSpireMod:Corrosion Curse","Blood for Blood"],"picked":"Headbutt","floor":5},{"not_picked":["Headbutt","Rupture"],"picked":"Bloodletting","floor":6},{"not_picked":["Replay:Undeath\u0027s Touch","Searing Blow"],"picked":"Perfected Strike","floor":8},{"not_picked":["Wild Strike","True Grit"],"picked":"Feed","floor":13},{"not_picked":["Headbutt","ReplayTheSpireMod:Strike From Hell"],"picked":"Inflame","floor":14},{"not_picked":["Eclipse","Juggernaut"],"picked":"Limit Break","floor":16},{"not_picked":["Whirlwind","ReplayTheSpireMod:Strike From Hell+1"],"picked":"Wild Strike+1","floor":18},{"not_picked":["Perfected Strike","Defy Death"],"picked":"Headbutt","floor":20},{"not_picked":["Perfected Strike","Run Through"],"picked":"Body Slam+1","floor":21}],"player_experience":441248,"relics_obtained":[{"floor":6,"key":"Sundial"},{"floor":8,"key":"Potion Belt"},{"floor":9,"key":"ReplayTheSpireMod:Lightbulb"},{"floor":22,"key":"Ring of Greed"},{"floor":22,"key":"Blue Doll"},{"floor":22,"key":"Smiling Mask"}],"event_choices":[{"damage_healed":0,"gold_gain":0,"player_choice":"1 cards matched","damage_taken":0,"max_hp_gain":0,"max_hp_loss":0,"event_name":"Match and Keep!","floor":3,"gold_loss":0,"cards_obtained":["Juggernaut"]},{"damage_healed":0,"gold_gain":0,"player_choice":"Ignored","damage_taken":0,"max_hp_gain":0,"max_hp_loss":0,"event_name":"WeMeetAgain","floor":12,"gold_loss":0}],"is_beta":false,"boss_relics":[{"not_picked":["ReplayTheSpireMod:DimensionalGlitch","Runic Pyramid"],"picked":"Philosopher\u0027s Stone"}],"items_purged_floors":[],"is_endless":false,"potions_floor_spawned":[2,6,13,14,18,21],"killed_by":"Gremlin Leader","ascension_level":4}}