{"host":"fne7yx97fnz7kq05","time":1608764933,"event":{"mods":["BaseMod","Colored Map","Colored Powertips","Highlight Path","Minty Spire (QoL Compilation)","Relic Stats"],"gold_per_floor":[166,181,199,274,120,120,149,165,165,165,200,211,211,226,226,321,321,334,334,367,385,130,177,193,221,221,221,252,264,264,280,280,375,375,388,388,404,414,432,432,467,486,486,511,87,97,319,319,319,319,319,319,81,107,107],"floor_reached":56,"playtime":4006,"items_purged":["Strike_G","Strike_G","Decay","Strike_G+1"],"score":1853,"play_id":"d19c198c-f2a3-4052-a371-3a7b4cd909dd","local_time":"20201223170853","is_ascension_mode":true,"campfire_choices":[{"data":"Deadly Poison","floor":6,"key":"SMITH"},{"data":"Catalyst","floor":10,"key":"SMITH"},{"data":"Catalyst","floor":13,"key":"SMITH"},{"data":"Dodge and Roll","floor":15,"key":"SMITH"},{"floor":30,"key":"REST"},{"floor":32,"key":"REST"},{"data":"Well Laid Plans","floor":40,"key":"SMITH"},{"floor":49,"key":"RECALL"},{"data":"Night Terror","floor":52,"key":"SMITH"}],"circlet_count":0,"master_deck":["Defend_G","Defend_G","Defend_G","Defend_G","Defend_G","Survivor","Neutralize","Deadly Poison+1","Catalyst+1","Blade Dance+1","Acrobatics","Catalyst+1","Dodge and Roll+1","Poisoned Stab","Backflip","Night Terror+1","Well Laid Plans+1","Escape Plan+1","Acrobatics","Cloak And Dagger+1","PiercingWail","Clumsy","PiercingWail","Leg Sweep","Deadly Poison+1","Bouncing Flask","Bullet Time","CurseOfTheBell","Tactician+1","PiercingWail+1","Crippling Poison+1","Acrobatics+1","Leg Sweep","Thinking Ahead","Secret Technique","Backflip+1"],"relics":["Tiny House","InkBottle","The Specimen","Mango","Cursed Key","Red Mask","Bag of Preparation","CaptainsWheel","Art of War","Gremlin Horn","Dream Catcher","Calling Bell","Blood Vial","Ninja Scroll","FossilizedHelix","Smiling Mask","Bronze Scales","War Paint","Nunchaku","Lantern"],"acts_visited":["Exordium","TheCity","TheBeyond","TheEnding"],"potions_floor_usage":[12,12,18,23,25,28,41,41,46,55],"damage_taken":[{"damage":1,"enemies":"Small Slimes","floor":1,"turns":3},{"damage":0,"enemies":"2 Louse","floor":2,"turns":3},{"damage":0,"enemies":"Jaw Worm","floor":3,"turns":3},{"damage":15,"enemies":"Gremlin Nob","floor":7,"turns":3},{"damage":9,"enemies":"Large Slime","floor":8,"turns":6},{"damage":21,"enemies":"Lagavulin","floor":11,"turns":5},{"damage":0,"enemies":"Gremlin Gang","floor":12,"turns":5},{"damage":0,"enemies":"Exordium Thugs","floor":14,"turns":2},{"damage":5,"enemies":"The Guardian","floor":16,"turns":5},{"damage":3,"enemies":"Chosen","floor":18,"turns":3},{"damage":24,"enemies":"Masked Bandits","floor":20,"turns":4},{"damage":1,"enemies":"3 Byrds","floor":21,"turns":5},{"damage":19,"enemies":"Gremlin Leader","floor":23,"turns":4},{"damage":16,"enemies":"Centurion and Healer","floor":24,"turns":5},{"damage":4,"enemies":"Book of Stabbing","floor":25,"turns":5},{"damage":0,"enemies":"Slavers","floor":28,"turns":5},{"damage":0,"enemies":"Shelled Parasite and Fungi","floor":29,"turns":6},{"damage":7,"enemies":"Snake Plant","floor":31,"turns":4},{"damage":25,"enemies":"Automaton","floor":33,"turns":8},{"damage":0,"enemies":"Orb Walker","floor":35,"turns":3},{"damage":0,"enemies":"3 Darklings","floor":37,"turns":5},{"damage":0,"enemies":"Transient","floor":38,"turns":4},{"damage":10,"enemies":"Writhing Mass","floor":39,"turns":3},{"damage":0,"enemies":"Reptomancer","floor":41,"turns":4},{"damage":0,"enemies":"Maw","floor":42,"turns":5},{"damage":0,"enemies":"Giant Head","floor":44,"turns":5},{"damage":0,"enemies":"3 Darklings","floor":46,"turns":4},{"damage":14,"enemies":"Time Eater","floor":50,"turns":5},{"damage":23,"enemies":"Shield and Spear","floor":54,"turns":4},{"damage":50,"enemies":"The Heart","floor":55,"turns":5}],"seed_played":"4908942416469882412","potions_obtained":[{"floor":0,"key":"Regen Potion"},{"floor":2,"key":"ColorlessPotion"},{"floor":3,"key":"LiquidBronze"},{"floor":11,"key":"Explosive Potion"},{"floor":14,"key":"SpeedPotion"},{"floor":16,"key":"EssenceOfSteel"},{"floor":20,"key":"SteroidPotion"},{"floor":24,"key":"SkillPotion"},{"floor":29,"key":"Strength Potion"},{"floor":33,"key":"FearPotion"},{"floor":35,"key":"CunningPotion"},{"floor":38,"key":"LiquidMemories"},{"floor":39,"key":"Dexterity Potion"},{"floor":41,"key":"Block Potion"},{"floor":54,"key":"CunningPotion"}],"is_trial":false,"path_per_floor":["M","M","M","?","$","R","E","M","T","R","E","M","R","M","R","B",null,"M","?","?","M","$","E","M","E","T","?","E","M","R","M","R","B",null,"M","?","M","M","M","R","E","M","T","E","$","M","?","?","R","B",null,"R","$","E","B",null],"character_chosen":"THE_SILENT","items_purchased":["Catalyst","Bag of Preparation","War Paint","Nunchaku","Leg Sweep","Secret Technique"],"campfire_rested":2,"item_purchase_floors":[5,22,45,45,45,53],"current_hp_per_floor":[67,67,67,56,56,56,41,32,32,32,25,40,40,40,40,35,76,73,73,49,48,48,29,13,9,9,9,9,9,35,28,54,29,74,76,76,78,80,72,72,74,76,76,78,78,80,80,70,70,58,81,81,81,60,12],"gold":107,"neow_bonus":"BOSS_RELIC","is_daily":false,"chose_seed":false,"campfire_upgraded":6,"win_rate":0.0,"timestamp":1608764933,"path_taken":["M","M","M","?","$","R","E","M","T","R","E","M","R","M","R","BOSS","M","?","?","M","$","E","M","E","T","?","E","M","R","M","R","BOSS","M","?","M","M","M","R","E","M","T","E","$","M","?","?","R","BOSS","R","$","E","BOSS"],"items_purchased_type":["Card","Relic","Relic","Relic","Card","Card"],"build_version":"2020-12-22","purchased_purges":4,"victory":true,"max_hp_per_floor":[75,75,75,75,75,75,75,75,75,75,89,89,89,89,89,89,89,89,89,89,89,89,89,89,89,89,89,89,89,89,89,89,89,89,89,89,89,89,89,89,89,89,89,89,89,89,89,89,89,89,89,89,89,89,89],"relic_stats":{"Gremlin Horn":[12,12],"counters":[30,131],"Bag of Preparation":[36],"War Paint":["Deadly Poison","Blade Dance"],"Cursed Key":2,"Smiling Mask":175,"Blood Vial":22,"Dream Catcher":2,"Nunchaku":[2],"Bronze Scales":[48],"Art of War":[21],"obtain_stats":[{"Lantern":54,"Tiny House":0,"The Specimen":9,"Gremlin Horn":26,"Mango":11,"Bag of Preparation":22,"War Paint":45,"Cursed Key":17,"Smiling Mask":41,"Calling Bell":34,"Blood Vial":34,"CaptainsWheel":23,"Dream Catcher":28,"Nunchaku":45,"Ninja Scroll":34,"Bronze Scales":44,"Red Mask":20,"Art of War":25,"InkBottle":7,"FossilizedHelix":34,"Ring of the Snake":0},{"Lantern":29,"Tiny House":0,"The Specimen":5,"Gremlin Horn":15,"Mango":6,"Bag of Preparation":12,"War Paint":26,"Cursed Key":9,"Smiling Mask":24,"Calling Bell":19,"Blood Vial":19,"CaptainsWheel":13,"Dream Catcher":16,"Nunchaku":26,"Ninja Scroll":19,"Bronze Scales":26,"Red Mask":11,"Art of War":15,"InkBottle":4,"FossilizedHelix":19,"Ring of the Snake":0},{"Lantern":126,"Tiny House":0,"The Specimen":18,"Gremlin Horn":61,"Mango":23,"Bag of Preparation":47,"War Paint":113,"Cursed Key":35,"Smiling Mask":103,"Calling Bell":84,"Blood Vial":84,"CaptainsWheel":51,"Dream Catcher":66,"Nunchaku":113,"Ninja Scroll":84,"Bronze Scales":113,"Red Mask":42,"Art of War":61,"InkBottle":12,"FossilizedHelix":84,"Ring of the Snake":0}],"InkBottle":[59]},"card_choices":[{"not_picked":["Well Laid Plans","Choke"],"picked":"Deadly Poison","floor":0},{"not_picked":["Cloak And Dagger","Sucker Punch"],"picked":"Catalyst","floor":1},{"not_picked":["Prepared","Dodge and Roll"],"picked":"Blade Dance","floor":2},{"not_picked":["Skewer","Backstab"],"picked":"Acrobatics","floor":3},{"not_picked":["Sucker Punch","Storm of Steel"],"picked":"Dodge and Roll","floor":7},{"not_picked":["Eviscerate","Slice"],"picked":"Poisoned Stab","floor":8},{"not_picked":["Caltrops","Flying Knee"],"picked":"Backflip","floor":11},{"not_picked":["Outmaneuver","Expertise","Reflex"],"picked":"SKIP","floor":12},{"not_picked":["Poisoned Stab","Accuracy","Eviscerate"],"picked":"SKIP","floor":14},{"not_picked":["After Image","Unload"],"picked":"Night Terror","floor":16},{"not_picked":["Poisoned Stab","Finisher"],"picked":"Well Laid Plans","floor":18},{"not_picked":["Dagger Spray","Blade Dance"],"picked":"Escape Plan+1","floor":20},{"not_picked":["Backflip","Well Laid Plans+1"],"picked":"Acrobatics","floor":21},{"not_picked":["Sucker Punch","Dash+1"],"picked":"Cloak And Dagger+1","floor":23},{"not_picked":["Accuracy","Slice"],"picked":"PiercingWail","floor":24},{"not_picked":["Backflip","Slice+1","Catalyst"],"picked":"SKIP","floor":25},{"not_picked":["Storm of Steel","Blade Dance+1","Cloak And Dagger"],"picked":"SKIP","floor":28},{"not_picked":["Prepared+1","Bane","Choke"],"picked":"SKIP","floor":29},{"not_picked":["Outmaneuver","Cloak And Dagger"],"picked":"Leg Sweep","floor":30},{"not_picked":["Riddle With Holes","Backstab"],"picked":"Deadly Poison","floor":31},{"not_picked":["PiercingWail+1","Blur+1"],"picked":"Bouncing Flask","floor":32},{"not_picked":["Venomology","Envenom"],"picked":"Bullet Time","floor":33},{"not_picked":["Poisoned Stab+1","Accuracy+1"],"picked":"Tactician+1","floor":35},{"not_picked":["Flying Knee+1","Bane"],"picked":"PiercingWail+1","floor":37},{"not_picked":["Endless Agony","Flying Knee","Concentrate"],"picked":"SKIP","floor":38},{"not_picked":["Sucker Punch+1","Well Laid Plans+1"],"picked":"Crippling Poison+1","floor":39},{"not_picked":["Sucker Punch","Grand Finale"],"picked":"Acrobatics+1","floor":41},{"not_picked":["Bane","Expertise+1","Blade Dance+1"],"picked":"SKIP","floor":42},{"not_picked":["Bullet Time","PiercingWail","Envenom"],"picked":"SKIP","floor":44},{"not_picked":["Concentrate","Deflect+1","Terror"],"picked":"SKIP","floor":46},{"not_picked":["Swift Strike","Forethought"],"picked":"Thinking Ahead","floor":48},{"not_picked":["Flying Knee+1","Bouncing Flask+1"],"picked":"Backflip+1","floor":54}],"player_experience":155244,"relics_obtained":[{"floor":7,"key":"InkBottle"},{"floor":9,"key":"The Specimen"},{"floor":11,"key":"Mango"},{"floor":20,"key":"Red Mask"},{"floor":23,"key":"CaptainsWheel"},{"floor":25,"key":"Art of War"},{"floor":26,"key":"Gremlin Horn"},{"floor":28,"key":"Dream Catcher"},{"floor":34,"key":"Blood Vial"},{"floor":34,"key":"Ninja Scroll"},{"floor":34,"key":"FossilizedHelix"},{"floor":41,"key":"Smiling Mask"},{"floor":44,"key":"Bronze Scales"},{"floor":54,"key":"Lantern"}],"event_choices":[{"damage_healed":0,"gold_gain":75,"player_choice":"Gather Gold","damage_taken":11,"max_hp_gain":0,"max_hp_loss":0,"event_name":"World of Goop","floor":4,"gold_loss":0},{"damage_healed":0,"gold_gain":0,"player_choice":"Ignored","damage_taken":0,"max_hp_gain":0,"max_hp_loss":0,"event_name":"Ghosts","floor":19,"gold_loss":0},{"damage_healed":0,"gold_gain":0,"player_choice":"Fought Bandits","damage_taken":0,"max_hp_gain":0,"max_hp_loss":0,"event_name":"Masked Bandits","floor":20,"gold_loss":0},{"damage_healed":0,"gold_gain":0,"cards_transformed":["Strike_G","Strike_G"],"player_choice":"Became Test Subject","damage_taken":0,"max_hp_gain":0,"max_hp_loss":0,"event_name":"Drug Dealer","floor":27,"gold_loss":0,"cards_obtained":["PiercingWail","Finisher"]},{"cards_removed":["Finisher"],"damage_healed":0,"gold_gain":0,"player_choice":"Removed Attack","damage_taken":0,"max_hp_gain":0,"max_hp_loss":0,"event_name":"Falling","floor":36,"gold_loss":0},{"damage_healed":0,"gold_gain":222,"player_choice":"Wore Mask","damage_taken":0,"max_hp_gain":0,"max_hp_loss":0,"event_name":"Tomb of Lord Red Mask","floor":47,"gold_loss":0},{"damage_healed":0,"gold_gain":0,"player_choice":"Memory 3","damage_taken":10,"max_hp_gain":0,"max_hp_loss":0,"event_name":"SensoryStone","floor":48,"gold_loss":0}],"is_beta":false,"boss_relics":[{"not_picked":["Coffee Dripper","Ectoplasm"],"picked":"Cursed Key"},{"not_picked":["Velvet Choker","HoveringKite"],"picked":"Calling Bell"}],"items_purged_floors":[5,22,45,53],"is_endless":false,"potions_floor_spawned":[2,3,11,14,16,20,24,29,33,35,38,39,41,54],"ascension_level":9}}