{"host":"of0s4io1nhspfcuu","time":1608754645,"event":{"mods":["ATMod(阿瑾Mod)","Act Like it!","Ascension Reborn","BaseMod","CapriCore","Gensokyo","Minty Spire (QoL Compilation)","MostiFishMod","Pale of the Ancients","Remilia_Scarlet Moed（蕾米莉亚・斯卡雷特）3.3.5","RumiaBox-露米娅的神秘盒子","Ryuuou龙王","StSLib","Waifu the Spire","noobMod","【遗物卡牌】REMEMod","篝火指南"],"gold_per_floor":[118,218,218,218,71,102,138,63,117,117,177,198,233,258,52,173,173,191,191,191,106,106,147,147,147,147,171,270,270,290,330,212,332,332,353,353,353,353,416,450,450,450,450,333,333,333,2352,70,70,83,2100,4121,4121,60,60,2133,161,161,161,2210],"floor_reached":61,"playtime":1722,"items_purged":["RemiliaMod:CPXRNL","MostiFishMod:GrandStart"],"score":1922,"play_id":"3142eb7f-73b7-4ca2-8c50-48a44617c712","local_time":"20201224041725","daily_mods":["Heirloom","Time Dilation","Flight"],"is_ascension_mode":true,"campfire_choices":[{"data":"RemiliaMod:CBYZLC+1","floor":49,"key":"SMITH"},{"data":"RemiliaMod:CBYZLC+2","floor":55,"key":"SMITH"}],"circlet_count":0,"master_deck":["RemiliaMod:CNLCSZL+1","AT_FamilyPortrait+1","RemiliaMod:CPXRNL+1","RemiliaMod:CJNJQFY+1","RemiliaMod:CFHGJ+1","RemiliaMod:CXXSJ+1","RemiliaMod:CPYSGJ+1","RemiliaMod:CPZQ+1","RemiliaMod:CBYZLC+3","RemiliaMod:CPJHZZ+1","Bite+1","Bite+1","Bite+1","Bite+1","Bite+1","RemiliaMod:CPHwYb+1","RemiliaMod:CPFWZL+1","RemiliaMod:CPQHZZ+1","RemiliaMod:CJNWYXD3+1","Madness+1","Ryuuou:NotRegret+1","RemiliaMod:CPFWZL+1","AT_LightSaberMaster","RemiliaMod:CBYZLC+1","RemiliaMod:CFTAttack+2","RemiliaMod:CPXsg+1"],"relics":["RemiliaMod:RXiangDui","RemiliaMod:RFkXt","RemiliaMod:RWYXT","Juzu Bracelet","DaveBox","ice","REME_ComplimentaryCards","AT_ATBox","ShadowXiaoBlade","FossilizedHelix","SynthV:TestCard","Golden Idol","AT_BellDemon","REME_HandOfSuture","ArrowTower","MagicDraw1","AT_SunfireAegis","Strawberry","Smiling Mask","Lantern","Orichalcum","Whetstone","TungstenRod","MagicDraw4","AT_BladeRuinedKing","RemiliaMod:RLLDDJ","HaiYi:Twilight","Boot","Ccalipers","StoneCalendar","Singing Bowl","The Courier","AT_PhaseBoots","Baka2","CombinedTypeHook","Anchor","Incense Burner","Bronze Scales","ChiLing","Chi","Ling","GodSword4","FeatherPendant","LastBattle","Toy Ornithopter","Mango","GodSword6","Art of War","Ancient Tea Set","Mummified Hand","Dodecahedron","Oddly Smooth Stone","AT_ImmortalShieldbow","TheAbacus","AT_ChloranthyRing","Happy Flower","DianDianMeat","SSSystem","ZombieArmy","REME_PuzzleBoxRelic","Omamori","Nunchaku","War Paint","Ginger","HornCleat","Toxic Egg 2","Akabeko","paleoftheancients:Timepiece","Gremlin Horn","CultistMask","AT_ArchangelStaff","PreservedInsect","REME_HourglassOfDeath","Pantograph","Letter Opener","Vajra","Lee\u0027s Waffle","DaCapo","REME_ArchaeologicalTools","Centennial Puzzle","Pear","Ornamental Fan","AT_Kusabimaru","Mercury Hourglass","Kunai","BionicSphere","GodSword1","AT_SilvercatRing","StrikeDummy","ThornShield","Blood Vial","SumBook","GodSword3","REME_LimitBreaker","MagicDraw3","AT_RedNoBalance","ClockworkSouvenir","AT_BellowingDragoncrestRing","Bottled Lightning","AT_TimeSand","Calipers","AT_GuinsooRageblade","Ice Cream","White Beast Statue"],"acts_visited":["Exordium","TheCity","TheBeyond","paleoftheancients:PaleOfTheAncients"],"potions_floor_usage":[],"damage_taken":[{"damage":0,"enemies":"Small Slimes","floor":1,"turns":2},{"damage":0,"enemies":"Gremlin Nob","floor":6,"turns":2},{"damage":0,"enemies":"Lagavulin","floor":7,"turns":3},{"damage":0,"enemies":"Cultist","floor":12,"turns":2},{"damage":0,"enemies":"Gremlin Nob","floor":13,"turns":2},{"damage":0,"enemies":"Jaw Worm","floor":14,"turns":2},{"damage":0,"enemies":"The Guardian","floor":16,"turns":2},{"damage":0,"enemies":"2 Thieves","floor":18,"turns":1},{"damage":0,"enemies":"REME_1_Revenger","floor":23,"turns":2},{"damage":0,"enemies":"Chosen","floor":27,"turns":1},{"damage":41,"enemies":"Snecko","floor":30,"turns":4},{"damage":0,"enemies":"Book of Stabbing","floor":31,"turns":2},{"damage":0,"enemies":"Champ","floor":33,"turns":2},{"damage":0,"enemies":"3 Shapes","floor":35,"turns":2},{"damage":0,"enemies":"Mind Bloom Boss Battle","floor":39,"turns":2},{"damage":0,"enemies":"Giant Head","floor":40,"turns":2},{"damage":0,"enemies":"3 Darklings","floor":47,"turns":1},{"damage":0,"enemies":"Donu and Deca","floor":50,"turns":2},{"damage":16,"enemies":"Donu and Deca","floor":51,"turns":1},{"damage":0,"enemies":"Donu and Deca","floor":52,"turns":2},{"damage":0,"enemies":"Donu and Deca","floor":56,"turns":1},{"damage":0,"enemies":"paleoftheancients:N","floor":60,"turns":2}],"seed_played":"-4416826030257129161","potions_obtained":[{"floor":12,"key":"LiquidMemories"}],"is_trial":true,"path_per_floor":["M","?","?","?","$","E","E","$","T","?","?","M","E","M","R","B",null,"M","?","?","?","?","E","?","$","T","M","?","?","M","E","R","B",null,"M","$","?","$","?","E","?","$","T","R","?","?","M","$","R","B","M","M","?","$","R","M","R","T","?","B",null],"character_chosen":"Remilia_Scarlet_Modee","items_purchased":["AT_BellDemon","AT_BladeRuinedKing","ChiLing","Dodecahedron","AT_ImmortalShieldbow","TheAbacus","AT_ChloranthyRing","Happy Flower","DianDianMeat","SSSystem","ZombieArmy","REME_PuzzleBoxRelic","Omamori","Nunchaku","War Paint","Ginger","HornCleat","Toxic Egg 2","Akabeko","REME_HourglassOfDeath","Pantograph","Letter Opener","Vajra","Lee\u0027s Waffle","DaCapo","REME_ArchaeologicalTools","Centennial Puzzle","Pear","Ornamental Fan","AT_Kusabimaru","Mercury Hourglass","Kunai","BionicSphere","GodSword1","AT_SilvercatRing","StrikeDummy","ThornShield","Blood Vial","SumBook","GodSword3","MagicDraw3","AT_SilverBalance","ClockworkSouvenir","AT_BellowingDragoncrestRing","Bottled Lightning","AT_TimeSand","Calipers","AT_GuinsooRageblade","Ice Cream","White Beast Statue"],"campfire_rested":0,"item_purchase_floors":[5,15,32,44,48,48,48,48,48,48,48,48,48,48,48,48,48,48,48,54,54,54,54,54,54,54,54,54,54,54,54,54,54,54,54,54,54,54,54,54,57,57,57,57,57,57,57,57,57,57],"current_hp_per_floor":[75,75,57,57,57,58,66,66,66,54,54,56,56,58,58,72,82,82,82,57,57,57,65,65,65,65,67,67,67,34,3,3,71,71,73,73,73,73,89,89,79,79,79,79,89,89,91,91,91,93,91,94,96,125,125,127,127,127,127,114],"gold":2210,"neow_bonus":"","is_daily":false,"chose_seed":false,"campfire_upgraded":2,"win_rate":0.0,"timestamp":1608754645,"path_taken":["M","?","?","?","$","E","E","$","T","?","?","M","E","M","R","BOSS","M","?","?","?","?","E","?","?","T","M","?","?","M","E","R","BOSS","M","$","?","$","?","E","?","?","T","R","?","?","M","?","R","BOSS","M","M","?","$","R","M","R","T","?","BOSS"],"items_purchased_type":["Relic","Relic","Relic","Relic","Relic","Relic","Relic","Relic","Relic","Relic","Relic","Relic","Relic","Relic","Relic","Relic","Relic","Relic","Relic","Relic","Relic","Relic","Relic","Relic","Relic","Relic","Relic","Relic","Relic","Relic","Relic","Relic","Relic","Relic","Relic","Relic","Relic","Relic","Relic","Relic","Relic","Relic","Relic","Relic","Relic","Relic","Relic","Relic","Relic","Relic"],"build_version":"2020-12-22","purchased_purges":2,"victory":true,"max_hp_per_floor":[75,75,75,75,75,75,82,82,82,82,82,82,82,82,82,82,82,82,82,57,57,57,65,65,65,65,67,67,67,69,71,71,71,71,73,73,73,73,89,89,89,89,89,89,89,89,91,91,91,93,93,94,96,125,125,127,127,127,127,127],"card_choices":[{"not_picked":["RemiliaMod:CFPMJ","RemiliaMod:CJNGSYD"],"picked":"RemiliaMod:CPXRNL","floor":1},{"not_picked":["RemiliaMod:CPFPDLL","RemiliaMod:CJNWYXD","RemiliaMod:CPFWZL","RemiliaMod:CD6B"],"picked":"RemiliaMod:CPXRNL","floor":6},{"not_picked":["RemiliaMod:CFPDMJ","RemiliaMod:CZXSJ","RemiliaMod:CHQS","RemiliaMod:CJNLLFZ"],"picked":"RemiliaMod:CFHGJ","floor":7},{"not_picked":["RemiliaMod:CPFWZL","RemiliaMod:CJNYSFZ","RemiliaMod:CD6B","RemiliaMod:CFPLL"],"picked":"RemiliaMod:CXXSJ","floor":12},{"not_picked":["RemiliaMod:CZXSJ","RemiliaMod:CJNSP","RemiliaMod:CFHFY","RemiliaMod:CMPC"],"picked":"RemiliaMod:CPYSGJ","floor":13},{"not_picked":["RemiliaMod:CJNWYXD","RemiliaMod:CJNXRFZ","RemiliaMod:CFPLL","RemiliaMod:CPYSNL"],"picked":"RemiliaMod:CPZQ","floor":14},{"not_picked":["RemiliaMod:CJNFWZL","RemiliaMod:CPYSGJ","RemiliaMod:CJNCJFJ","RemiliaMod:CFHFY"],"picked":"RemiliaMod:CBYZLC","floor":16},{"not_picked":["RemiliaMod:CDB","RemiliaMod:CPZQ+1","RemiliaMod:CMABianfuzhen","RemiliaMod:CFPLL"],"picked":"RemiliaMod:CPJHZZ","floor":18},{"not_picked":["RemiliaMod:CD6B","RemiliaMod:CJNLLFZ","RemiliaMod:CJNGSYD","RemiliaMod:CPFWZL","RemiliaMod:CJNWYXD"],"picked":"Singing Bowl","floor":23},{"not_picked":["RemiliaMod:CFHGJ","RemiliaMod:CDB","RemiliaMod:CFPLL","RemiliaMod:CFPMJ","RemiliaMod:CJNLLFZ"],"picked":"Singing Bowl","floor":27},{"not_picked":["RemiliaMod:CFHGJ","RemiliaMod:CMODSq","RemiliaMod:CFPMJ","RemiliaMod:CFPLL","RemiliaMod:CJNYSFZ"],"picked":"Singing Bowl","floor":30},{"not_picked":["RemiliaMod:CHQS","RemiliaMod:CJNSP","RemiliaMod:CFPDMJ","RemiliaMod:CFPLL","RemiliaMod:CJNXRFZ"],"picked":"Singing Bowl","floor":31},{"not_picked":["RemiliaMod:CJNWYXD3","RemiliaMod:CJNNPSJ","RemiliaMod:CGJM","RemiliaMod:CJNCJFJ"],"picked":"RemiliaMod:CPHwYb","floor":33},{"not_picked":["RemiliaMod:CMADc","RemiliaMod:CDB","RemiliaMod:CFxAttack","RemiliaMod:CSlAttack+1","RemiliaMod:CJNLLFZ+1"],"picked":"Singing Bowl","floor":35},{"not_picked":["RemiliaMod:CPYSNL+1","RemiliaMod:CPXRNL+1","RemiliaMod:CJNWYXD+1","RemiliaMod:CMABianfuzhen"],"picked":"RemiliaMod:CPFWZL+1","floor":35},{"not_picked":["RemiliaMod:CJDB+1","RemiliaMod:CPYSNL+1","RemiliaMod:CFxAttack","RemiliaMod:CJNGSYD"],"picked":"RemiliaMod:CMPB+1","floor":35},{"not_picked":["RemiliaMod:CPXRNL+1","RemiliaMod:CPJHZZ","RemiliaMod:CD6B+1","RemiliaMod:CSlAttack+1"],"picked":"RemiliaMod:CPQHZZ","floor":35},{"not_picked":["RemiliaMod:CFPLL+1","RemiliaMod:CJNJQFY","RemiliaMod:CFxAttack","RemiliaMod:CZXSJ","RemiliaMod:CJNMJFZ"],"picked":"Singing Bowl","floor":39},{"not_picked":["RemiliaMod:CSlAttack+1","RemiliaMod:CJNLLFZ","RemiliaMod:CD6B+1","RemiliaMod:CJNJQFY"],"picked":"RemiliaMod:CJNWYXD3","floor":40},{"not_picked":["RemiliaMod:CDB","RemiliaMod:CPJHZZ","RemiliaMod:CSlAttack+1","RemiliaMod:CD6B","RemiliaMod:CJNXRFZ+1"],"picked":"Singing Bowl","floor":47},{"not_picked":["RemiliaMod:CJNXRFZ+1","RemiliaMod:CSlAttack+1","RemiliaMod:CJNSJDF+1","RemiliaMod:CFxAttack+1","RemiliaMod:CPFPDLL"],"picked":"SKIP","floor":51},{"not_picked":["RemiliaMod:CSlAttack+1","RemiliaMod:CJNMJFZ+1","RemiliaMod:CFPMJ","RemiliaMod:CJNLLFZ+1"],"picked":"RemiliaMod:CPFWZL+1","floor":52},{"not_picked":["RemiliaMod:CSlAttack","RemiliaMod:CMPC","RemiliaMod:CJNYSFZ+1","RemiliaMod:CPJHZZ","RemiliaMod:CMABianfuzhen+1"],"picked":"Singing Bowl","floor":56}],"player_experience":49441,"relics_obtained":[{"floor":1,"key":"SynthV:TestCard"},{"floor":1,"key":"Baka"},{"floor":6,"key":"REME_HandOfSuture"},{"floor":6,"key":"ArrowTower"},{"floor":6,"key":"MagicDraw1"},{"floor":7,"key":"AT_SunfireAegis"},{"floor":7,"key":"Strawberry"},{"floor":9,"key":"Smiling Mask"},{"floor":12,"key":"Orichalcum"},{"floor":13,"key":"Whetstone"},{"floor":13,"key":"TungstenRod"},{"floor":14,"key":"MagicDraw4"},{"floor":16,"key":"RemiliaMod:RLLDDJ"},{"floor":18,"key":"Boot"},{"floor":23,"key":"StoneCalendar"},{"floor":23,"key":"Singing Bowl"},{"floor":26,"key":"The Courier"},{"floor":27,"key":"AT_SpeedBoots"},{"floor":27,"key":"Baka2"},{"floor":30,"key":"Anchor"},{"floor":31,"key":"Incense Burner"},{"floor":31,"key":"Bronze Scales"},{"floor":33,"key":"GodSword4"},{"floor":35,"key":"LastBattle"},{"floor":39,"key":"Mango"},{"floor":39,"key":"GodSword6"},{"floor":40,"key":"Art of War"},{"floor":40,"key":"Ancient Tea Set"},{"floor":43,"key":"Mummified Hand"},{"floor":47,"key":"Oddly Smooth Stone"},{"floor":51,"key":"AT_ArchangelStaff"},{"floor":52,"key":"PreservedInsect"},{"floor":56,"key":"REME_LimitBreaker"}],"event_choices":[{"damage_healed":0,"gold_gain":100,"player_choice":"Gold","damage_taken":0,"max_hp_gain":0,"max_hp_loss":0,"event_name":"Wheel of Change","floor":2,"gold_loss":0},{"damage_healed":0,"gold_gain":0,"player_choice":"Take Damage","damage_taken":18,"relics_obtained":["Golden Idol"],"max_hp_gain":0,"max_hp_loss":0,"event_name":"Golden Idol","floor":3,"gold_loss":0},{"damage_healed":0,"gold_gain":0,"cards_transformed":["RemiliaMod:Defend"],"player_choice":"Transformed","damage_taken":0,"max_hp_gain":0,"max_hp_loss":0,"event_name":"Transmorgrifier","floor":4,"gold_loss":0,"cards_obtained":["RemiliaMod:CJNJQFY"]},{"damage_healed":0,"gold_gain":0,"player_choice":"Success","damage_taken":12,"relics_obtained":["Lantern"],"max_hp_gain":0,"max_hp_loss":0,"event_name":"Scrap Ooze","floor":10,"gold_loss":0},{"damage_healed":0,"gold_gain":60,"player_choice":"Gained Gold","damage_taken":0,"max_hp_gain":0,"max_hp_loss":0,"event_name":"Golden Wing","floor":11,"gold_loss":0},{"damage_healed":0,"gold_gain":0,"player_choice":"Ignored","damage_taken":0,"max_hp_gain":0,"max_hp_loss":0,"event_name":"Ghosts","floor":19,"gold_loss":0},{"damage_healed":0,"gold_gain":0,"player_choice":"Became a vampire","damage_taken":0,"max_hp_gain":0,"max_hp_loss":25,"event_name":"Vampires","floor":20,"gold_loss":0,"cards_obtained":["Bite","Bite","Bite","Bite","Bite"]},{"damage_healed":0,"gold_gain":0,"player_choice":"Obtained Relic","damage_taken":0,"relics_obtained":["Ccalipers"],"max_hp_gain":0,"max_hp_loss":0,"event_name":"Addict","floor":21,"gold_loss":85},{"damage_healed":0,"gold_gain":0,"player_choice":"Ignored","damage_taken":0,"max_hp_gain":0,"max_hp_loss":0,"event_name":"Beggar","floor":22,"gold_loss":0},{"damage_healed":0,"gold_gain":0,"player_choice":"Forge","damage_taken":0,"max_hp_gain":0,"max_hp_loss":0,"event_name":"Accursed Blacksmith","floor":24,"gold_loss":0,"cards_upgraded":["AT_FamilyPortrait"]},{"damage_healed":0,"gold_gain":99,"player_choice":"Stole From Cult","damage_taken":0,"max_hp_gain":0,"max_hp_loss":0,"event_name":"Nest","floor":28,"gold_loss":0},{"damage_healed":0,"gold_gain":0,"player_choice":"Opened","damage_taken":0,"relics_obtained":["CombinedTypeHook"],"max_hp_gain":0,"max_hp_loss":0,"event_name":"The Mausoleum","floor":29,"gold_loss":0},{"damage_healed":0,"gold_gain":0,"player_choice":"Gave Potion","damage_taken":0,"relics_obtained":["Toy Ornithopter"],"max_hp_gain":0,"max_hp_loss":0,"event_name":"WeMeetAgain","floor":37,"gold_loss":0},{"damage_healed":0,"gold_gain":0,"player_choice":"Fight","damage_taken":0,"max_hp_gain":0,"max_hp_loss":0,"event_name":"MindBloom","floor":39,"gold_loss":0},{"damage_healed":0,"gold_gain":0,"player_choice":"Embrace Madness","damage_taken":11,"max_hp_gain":0,"max_hp_loss":0,"event_name":"Winding Halls","floor":41,"gold_loss":0,"cards_obtained":["Madness","Madness"]},{"damage_healed":0,"gold_gain":0,"player_choice":"Got Potions","damage_taken":0,"max_hp_gain":0,"max_hp_loss":0,"event_name":"Lab","floor":46,"gold_loss":0},{"damage_healed":0,"gold_gain":0,"cards_transformed":["Madness"],"player_choice":"Transformed","damage_taken":0,"max_hp_gain":0,"max_hp_loss":0,"event_name":"Transmorgrifier","floor":53,"gold_loss":0,"cards_obtained":["AT_LightSaberMaster"]}],"is_beta":false,"boss_relics":[{"not_picked":["Calling Bell","ExusiaiGun"],"picked":"HaiYi:Twilight"},{"not_picked":["Black Star","SlaversCollar"],"picked":"FeatherPendant"}],"items_purged_floors":[8,15],"is_endless":false,"potions_floor_spawned":[7,12,14,23,30,39,40,47],"ascension_level":0}}