{"host":"is2s59edl8twrhoj","time":1608681998,"event":{"mods":["BaseMod","Colored Map","Colored Powertips","DeckTracker","Downfall","Minty Spire (QoL Compilation)","StSLib"],"gold_per_floor":[99,112,127,36,36,56,80,65,65,83,103,103,114,131,145,242,242,242,255,273,44,44,44,44],"floor_reached":22,"playtime":1521,"items_purged":["hexamod:Strike"],"score":180,"play_id":"b094ce42-ccdf-43f1-8e74-a6573cb8ea12","local_time":"20201223000638","is_ascension_mode":false,"campfire_choices":[{"data":"hexamod:Float","floor":1,"key":"SMITH"},{"data":"hexamod:HeatMetal","floor":9,"key":"SMITH"},{"data":"hexamod:Hexaguard","floor":12,"key":"SMITH"},{"data":"hexamod:DynamicBlow","floor":18,"key":"SMITH"}],"circlet_count":0,"master_deck":["hexamod:Defend","hexamod:Defend","hexamod:Defend","hexamod:Defend","hexamod:Sear","hexamod:Float+1","hexamod:FastForward","hexamod:FirstSeal","hexamod:HauntingEcho+1","hexamod:StepThrough","hexamod:ThirdSeal","hexamod:HeatMetal+1","hexamod:Hexaguard+1","hexamod:DynamicBlow+1","hexamod:FastForward+1","hexamod:ChargedBarrage","hexamod:SixthSeal","hexamod:FifthSeal","hexamod:SecondSeal","hexamod:FourthSeal","hexamod:GhostOfSpireFuture+1","hexamod:GhostflameBarrier","hexamod:TimeOfNeed"],"relics":["Philosopher\u0027s Stone","Blood Vial","Empty Cage"],"acts_visited":["Exordium","TheCity"],"potions_floor_usage":[22,22],"damage_taken":[{"damage":0,"enemies":"Cultist","floor":2,"turns":3},{"damage":3,"enemies":"2 Louse","floor":3,"turns":2},{"damage":0,"enemies":"downfall:FleeingMerchant","floor":4,"turns":4},{"damage":0,"enemies":"Small Slimes","floor":6,"turns":3},{"damage":11,"enemies":"downfall:FleeingMerchant","floor":8,"turns":4},{"damage":11,"enemies":"Exordium Wildlife","floor":10,"turns":4},{"damage":2,"enemies":"Red Slaver","floor":11,"turns":3},{"damage":6,"enemies":"3 Louse","floor":13,"turns":3},{"damage":9,"enemies":"Large Slime","floor":14,"turns":3},{"damage":14,"enemies":"2 Fungi Beasts","floor":15,"turns":4},{"damage":37,"enemies":"downfall:Watcher","floor":16,"turns":6},{"damage":21,"enemies":"Spheric Guardian","floor":19,"turns":4},{"damage":30,"enemies":"Shell Parasite","floor":20,"turns":7},{"damage":32,"enemies":"downfall:FleeingMerchant","floor":21,"turns":4},{"damage":27,"enemies":"3 Cultists","floor":22,"turns":4}],"seed_played":"-4968963459579666647","potions_obtained":[{"floor":6,"key":"Fire Potion"},{"floor":10,"key":"FairyPotion"},{"floor":11,"key":"Dexterity Potion"},{"floor":13,"key":"Regen Potion"},{"floor":19,"key":"LiquidBronze"},{"floor":21,"key":"EntropicBrew"}],"is_trial":false,"path_per_floor":["R","M","M","$","?","M","T","$","R","M","M","R","M","M","M","B",null,"R","M","M","$","M"],"character_chosen":"THE_SPIRIT","items_purchased":["hexamod:StepThrough","hexamod:TimeOfNeed"],"campfire_rested":0,"item_purchase_floors":[4,21],"current_hp_per_floor":[70,70,67,70,70,70,70,66,66,64,70,70,70,68,63,35,70,70,56,35,12,11,11,11],"gold":44,"neow_bonus":"BOSS_RELIC","is_daily":false,"chose_seed":false,"campfire_upgraded":4,"win_rate":0.0,"timestamp":1608681998,"path_taken":["R","M","M","?","?","M","T","$","R","M","M","R","?","M","M","BOSS","R","M","?","$","M"],"items_purchased_type":["Card","Card"],"build_version":"2020-12-13","purchased_purges":1,"victory":false,"max_hp_per_floor":[70,70,70,70,70,70,70,70,70,70,70,70,70,70,70,70,70,70,70,70,70,70,70,70],"card_choices":[{"not_picked":["hexamod:GhostLash","hexamod:SpectralSpark"],"picked":"hexamod:FastForward","floor":2},{"not_picked":["hexamod:SkipABeat","hexamod:AdvancingGuard"],"picked":"hexamod:FirstSeal","floor":3},{"not_picked":["hexamod:ExtraCrispy","hexamod:BurningTouch"],"picked":"hexamod:HauntingEcho","floor":4},{"not_picked":["hexamod:Firestarter","hexamod:SpectralSpark"],"picked":"hexamod:ThirdSeal","floor":6},{"not_picked":["hexamod:ThermalTransfer","hexamod:Hexaguard"],"picked":"hexamod:HeatMetal","floor":8},{"not_picked":["hexamod:SpectersWail","hexamod:NightmareGuise","hexamod:SkipABeat"],"picked":"SKIP","floor":8},{"not_picked":["hexamod:PhantomFireball","hexamod:BacktrackSmack"],"picked":"hexamod:Hexaguard","floor":10},{"not_picked":["hexamod:TurnItUp","hexamod:PowerFromBeyond"],"picked":"hexamod:DynamicBlow","floor":10},{"not_picked":["hexamod:SwordOfDarkness","hexamod:PowerFromBeyond"],"picked":"hexamod:FastForward","floor":11},{"not_picked":["hexamod:FlamesFromBeyond","hexamod:RetreatToShadows","hexamod:NecessarySacrifice"],"picked":"SKIP","floor":11},{"not_picked":["hexamod:NightmareStrike","hexamod:StepThrough"],"picked":"hexamod:ChargedBarrage","floor":13},{"not_picked":["hexamod:SwordOfDarkness","hexamod:NightmareGuise","hexamod:NightmareStrike"],"picked":"SKIP","floor":13},{"not_picked":["hexamod:Incineration","hexamod:UnleashSpirits","hexamod:EtherealExpedition"],"picked":"SKIP","floor":14},{"not_picked":["hexamod:InspiringFlames","hexamod:BurningTouch","hexamod:Haunt"],"picked":"SKIP","floor":15},{"not_picked":["hexamod:GiftsFromTheDead","hexamod:CrushingStance"],"picked":"hexamod:SixthSeal","floor":16},{"not_picked":["hexamod:SearingWound","hexamod:EmpoweringStance"],"picked":"hexamod:FifthSeal","floor":16},{"not_picked":["hexamod:FourthSeal","hexamod:FirstSeal"],"picked":"hexamod:SecondSeal","floor":19},{"not_picked":["hexamod:HauntingEcho","hexamod:AdvancingGuard"],"picked":"hexamod:FourthSeal","floor":19},{"not_picked":["hexamod:Firestarter","hexamod:NecessarySacrifice","hexamod:SpectersWail"],"picked":"SKIP","floor":19},{"not_picked":["hexamod:SpectersWail","hexamod:EmpoweredFlame"],"picked":"hexamod:GhostOfSpireFuture+1","floor":20},{"not_picked":["hexamod:InspiringFlames+1","hexamod:StepThrough","hexamod:BacktrackSmack"],"picked":"SKIP","floor":20},{"not_picked":["hexamod:GhostOfSpirePast","hexamod:HauntingEcho"],"picked":"hexamod:GhostflameBarrier","floor":21},{"not_picked":["hexamod:HauntingEcho+1","hexamod:ExtraCrispy","hexamod:Hexaguard"],"picked":"SKIP","floor":21}],"player_experience":673444,"relics_obtained":[{"floor":7,"key":"Blood Vial"}],"event_choices":[{"cards_removed":["hexamod:Strike"],"damage_healed":0,"gold_gain":0,"player_choice":"Purged","damage_taken":0,"max_hp_gain":0,"max_hp_loss":0,"event_name":"Purifier","floor":5,"gold_loss":0}],"is_beta":false,"boss_relics":[{"not_picked":["Runic Dome","Velvet Choker"],"picked":"Empty Cage"}],"items_purged_floors":[21],"is_endless":false,"potions_floor_spawned":[6,10,11,13,14,15,19],"killed_by":"3 Cultists","ascension_level":0}}