{"host":"3srbdas3e7jgqz5l","time":1608733650,"event":{"mods":["BaseMod","Downfall","Minty Spire (QoL Compilation)","StSLib"],"gold_per_floor":[117,133,152,152,166,166,201,217,268,301,331,5,18,62,62,192,192,213,246,6,6,26,61,61,84,84,84,84],"floor_reached":27,"playtime":1158,"items_purged":["Strike_G"],"score":371,"play_id":"75444820-1ca6-4923-b80c-32ae0f74704f","local_time":"20201223142730","is_ascension_mode":true,"campfire_choices":[{"data":"Crippling Poison","floor":6.0,"key":"SMITH"},{"floor":15.0,"key":"REST"},{"floor":24,"key":"REST"}],"circlet_count":0,"master_deck":["AscendersBane","Strike_G","Strike_G","Strike_G","Defend_G","Defend_G","Defend_G","Defend_G","Defend_G","Survivor","Neutralize","Crippling Poison+1","Blade Dance","Dash","Dagger Spray","Poisoned Stab","Backstab","Die Die Die","Corpse Explosion","Blade Dance","Bouncing Flask","Burst","PiercingWail","Distraction","Crippling Poison+1"],"relics":["Ring of the Snake","Golden Idol","Kunai","MawBank","OrangePellets","The Courier","Snecko Eye","Red Mask","Incense Burner","Toy Ornithopter"],"acts_visited":["Exordium","TheCity"],"potions_floor_usage":[16,16,19,19],"damage_taken":[{"damage":2.0,"enemies":"Cultist","floor":1.0,"turns":5.0},{"damage":5.0,"enemies":"2 Louse","floor":2.0,"turns":2.0},{"damage":0.0,"enemies":"Small Slimes","floor":3.0,"turns":3.0},{"damage":5.0,"enemies":"Gremlin Gang","floor":5.0,"turns":4.0},{"damage":26.0,"enemies":"3 Sentries","floor":7.0,"turns":14.0},{"damage":0.0,"enemies":"2 Fungi Beasts","floor":8.0,"turns":3.0},{"damage":0.0,"enemies":"Red Slaver","floor":10.0,"turns":4.0},{"damage":0.0,"enemies":"Blue Slaver","floor":11.0,"turns":3.0},{"damage":0.0,"enemies":"Large Slime","floor":13.0,"turns":3.0},{"damage":21.0,"enemies":"Lagavulin","floor":14.0,"turns":7.0},{"damage":22,"enemies":"Slime Boss","floor":16,"turns":5},{"damage":18,"enemies":"2 Thieves","floor":18,"turns":3},{"damage":2,"enemies":"Masked Bandits","floor":19,"turns":3},{"damage":0,"enemies":"3 Byrds","floor":22,"turns":2},{"damage":18,"enemies":"Book of Stabbing","floor":23,"turns":5},{"damage":28,"enemies":"Sentry and Sphere","floor":25,"turns":7},{"damage":0,"enemies":"Centurion and Healer","floor":27,"turns":2}],"seed_played":"-682300590035747734","potions_obtained":[{"floor":2.0,"key":"CunningPotion"},{"floor":8.0,"key":"sneckomod:MuddlingPotion"},{"floor":10.0,"key":"CultistPotion"},{"floor":11.0,"key":"Energy Potion"},{"floor":13.0,"key":"Dexterity Potion"},{"floor":16,"key":"BlessingOfTheForge"},{"floor":18,"key":"Block Potion"},{"floor":23,"key":"SteroidPotion"},{"floor":25,"key":"Weak Potion"}],"is_trial":false,"path_per_floor":["M","M","M","?","M","R","E","M","T","M","M","$","M","E","R","B",null,"M","?","$","?","M","E","R","M","T","M"],"character_chosen":"THE_SILENT","items_purchased":["Corpse Explosion","OrangePellets","Blade Dance","Incense Burner"],"campfire_rested":2,"item_purchase_floors":[12,12,12,20],"current_hp_per_floor":[61,56,56,56,51,51,25,25,25,25,25,25,25,4,23,1,49,31,29,29,29,29,11,30,2,2,2,2],"gold":84,"neow_bonus":"THREE_CARDS","is_daily":false,"chose_seed":false,"campfire_upgraded":1,"win_rate":0.0,"timestamp":1608733650,"path_taken":["M","M","M","?","M","R","E","M","T","M","M","$","M","E","R","BOSS","M","?","$","?","M","E","R","M","T","?"],"items_purchased_type":["Card","Relic","Card","Relic"],"build_version":"2020-12-13","purchased_purges":1,"victory":false,"max_hp_per_floor":[70,70,70,65,65,65,65,65,65,65,65,65,65,65,65,65,65,65,65,65,65,65,65,65,65,65,65,65],"card_choices":[{"not_picked":["Outmaneuver","Flying Knee"],"picked":"Crippling Poison","floor":0.0},{"not_picked":["Deflect","Slice"],"picked":"Blade Dance","floor":1.0},{"not_picked":["Flying Knee","Eviscerate","Sucker Punch"],"picked":"SKIP","floor":2.0},{"not_picked":["Outmaneuver","Acrobatics","Prepared"],"picked":"SKIP","floor":3.0},{"not_picked":["Tactician","Reflex"],"picked":"Dash","floor":5.0},{"not_picked":["A Thousand Cuts","Bane"],"picked":"Dagger Spray","floor":7.0},{"not_picked":["Riddle With Holes","PiercingWail"],"picked":"Poisoned Stab","floor":8.0},{"not_picked":["Choke","Backflip"],"picked":"Backstab","floor":10.0},{"not_picked":["Flying Knee","Dodge and Roll"],"picked":"Die Die Die","floor":11.0},{"not_picked":["Expertise","Reflex","Quick Slash"],"picked":"SKIP","floor":13.0},{"not_picked":["Reflex","Dagger Spray"],"picked":"Bouncing Flask","floor":14.0},{"not_picked":["Corpse Explosion","Unload"],"picked":"Burst","floor":16},{"not_picked":["Outmaneuver+1","Accuracy"],"picked":"PiercingWail","floor":18},{"not_picked":["Outmaneuver","Underhanded Strike","Endless Agony"],"picked":"SKIP","floor":22},{"not_picked":["Backstab","Prepared+1","Heel Hook"],"picked":"SKIP","floor":23},{"not_picked":["Eviscerate","Poisoned Stab"],"picked":"Crippling Poison+1","floor":25}],"player_experience":500364,"relics_obtained":[{"floor":7.0,"key":"Kunai"},{"floor":9.0,"key":"MawBank"},{"floor":14.0,"key":"The Courier"},{"floor":19,"key":"Red Mask"},{"floor":23,"key":"Toy Ornithopter"}],"event_choices":[{"damage_healed":0.0,"max_hp_gain":0.0,"max_hp_loss":5.0,"gold_gain":0.0,"event_name":"Golden Idol","player_choice":"Lose Max HP","floor":4.0,"gold_loss":0.0,"damage_taken":0.0,"relics_obtained":["Golden Idol"]},{"damage_healed":0,"gold_gain":0,"player_choice":"Fought Bandits","damage_taken":0,"max_hp_gain":0,"max_hp_loss":0,"event_name":"Masked Bandits","floor":19,"gold_loss":0},{"damage_healed":0,"gold_gain":0,"cards_transformed":["Strike_G"],"player_choice":"Transformed","damage_taken":0,"max_hp_gain":0,"max_hp_loss":0,"event_name":"Transmorgrifier","floor":21,"gold_loss":0,"cards_obtained":["Distraction"]}],"is_beta":false,"boss_relics":[{"not_picked":["Ectoplasm","Calling Bell"],"picked":"Snecko Eye"}],"items_purged_floors":[12],"is_endless":false,"potions_floor_spawned":[2,8,10,11,13,16,18,23,25],"killed_by":"Centurion and Healer","ascension_level":10}}