{"host":"sum4dy402bbv9y4o","time":1608748365,"event":{"mods":["Aspiration","BaseMod","Conspire","Highlight Path","Minty Spire (QoL Compilation)","StSLib"],"gold_per_floor":[109,14,114,124,139,139,170,170,170,197,208,208,238,256,256,329,379,389,389,32,49,67,67,101,115,115,115,115,135,135,135,135,135,135],"floor_reached":33,"playtime":1642,"items_purged":["Shame"],"score":620,"play_id":"f7ca3ea4-e4f5-479d-86a2-edacbee11625","local_time":"20201223213245","is_ascension_mode":true,"campfire_choices":[{"data":"Eruption","floor":6,"key":"SMITH"},{"floor":8,"key":"REST"},{"data":"BowlingBash","floor":12,"key":"SMITH"},{"data":"CrushJoints","floor":15,"key":"SMITH"},{"floor":23,"key":"REST"},{"data":"MentalFortress","floor":28,"key":"SMITH"},{"floor":30,"key":"REST"},{"data":"MentalFortress","floor":32,"key":"SMITH"}],"circlet_count":0,"master_deck":["AscendersBane","Strike_P","Strike_P","Defend_P","Defend_P","Defend_P","Eruption+1","Vigilance+1","EmptyFist","ReachHeaven","BowlingBash+1","CrushJoints+1","EmptyMind","FollowUp","SandsOfTime","InnerPeace","Consecrate","Consecrate","FlurryOfBlows","TalkToTheHand+1","Tantrum","WaveOfTheHand","Conclude+1","MentalFortress+1","FlurryOfBlows","WheelKick","MentalFortress+1","Flechettes","Neutralize","Deadly Poison"],"relics":["PureWater","aspiration:Nostalgia","Burning Blood","conspire:Dentures","Eternal Feather","Ginger","Ancient Tea Set","Tiny House","aspiration:Lifesprig","MealTicket","conspire:Flyswatter"],"acts_visited":["Exordium","TheCity"],"potions_floor_usage":[10,10,16,16,21,24,25,29],"damage_taken":[{"damage":10,"enemies":"Small Slimes","floor":1,"turns":3},{"damage":0,"enemies":"Cultist","floor":4,"turns":2},{"damage":0,"enemies":"2 Louse","floor":5,"turns":1},{"damage":44,"enemies":"3 Sentries","floor":7,"turns":10},{"damage":0,"enemies":"Gremlin Nob","floor":10,"turns":2},{"damage":5,"enemies":"2 Fungi Beasts","floor":11,"turns":3},{"damage":22,"enemies":"3 Sentries","floor":13,"turns":5},{"damage":9,"enemies":"Red Slaver","floor":14,"turns":2},{"damage":50,"enemies":"Hexaghost","floor":16,"turns":5},{"damage":25,"enemies":"Spheric Guardian","floor":18,"turns":4},{"damage":26,"enemies":"2 Thieves","floor":21,"turns":4},{"damage":20,"enemies":"Snake Plant","floor":22,"turns":4},{"damage":43,"enemies":"Gremlin Leader","floor":24,"turns":4},{"damage":19,"enemies":"Chosen and Byrds","floor":25,"turns":4},{"damage":27,"enemies":"Snecko","floor":29,"turns":3},{"damage":73,"enemies":"Collector","floor":33,"turns":7}],"seed_played":"5498470911364923995","potions_obtained":[{"floor":5,"key":"FearPotion"},{"floor":7,"key":"Strength Potion"},{"floor":10,"key":"SmokeBomb"},{"floor":13,"key":"AttackPotion"},{"floor":14,"key":"FearPotion"},{"floor":17,"key":"Dexterity Potion"},{"floor":22,"key":"Strength Potion"},{"floor":24,"key":"Regen Potion"},{"floor":25,"key":"Energy Potion"}],"is_trial":false,"path_per_floor":["M","$","?","M","M","R","E","R","T","E","M","R","E","M","R","B",null,"M","?","$","M","M","R","E","M","T","?","R","M","R","?","R","B"],"character_chosen":"WATCHER","items_purchased":["ReachHeaven","BowlingBash","TalkToTheHand","Tantrum","Regen Potion","WaveOfTheHand"],"campfire_rested":3,"item_purchase_floors":[2,2,20,20,20,20],"current_hp_per_floor":[57,57,57,63,68,68,30,50,50,56,57,66,50,47,59,15,60,41,41,41,33,19,55,18,17,17,17,32,11,50,50,68,0,0],"gold":135,"neow_bonus":"NOSTALGIA","is_daily":false,"chose_seed":false,"campfire_upgraded":5,"win_rate":0.0,"timestamp":1608748365,"path_taken":["M","$","?","M","M","R","E","R","T","E","?","R","E","M","R","BOSS","M","?","$","M","M","R","E","M","T","?","R","?","R","?","R","BOSS"],"items_purchased_type":["Card","Card","Card","Card","Potion","Card"],"build_version":"2020-12-22","purchased_purges":1,"victory":false,"max_hp_per_floor":[68,68,68,68,68,68,68,68,68,68,68,68,68,68,68,68,73,73,73,73,73,73,73,73,73,73,73,73,73,73,73,73,73,73],"card_choices":[{"not_picked":["ThirdEye","EmptyBody"],"picked":"EmptyFist","floor":1},{"not_picked":["CutThroughFate","JustLucky"],"picked":"CrushJoints","floor":4},{"not_picked":["Worship","Wireheading"],"picked":"EmptyMind","floor":5},{"not_picked":["WreathOfFlame","Crescendo"],"picked":"FollowUp","floor":7},{"not_picked":["PathToVictory","BattleHymn"],"picked":"SandsOfTime","floor":10},{"not_picked":["ClearTheMind","Crescendo","WindmillStrike"],"picked":"SKIP","floor":11},{"not_picked":["Evaluate","BattleHymn"],"picked":"InnerPeace","floor":13},{"not_picked":["EmptyFist","Scrawl"],"picked":"Consecrate","floor":14},{"not_picked":["SashWhip","EmptyFist"],"picked":"Consecrate","floor":17},{"not_picked":["CrushJoints","WheelKick"],"picked":"FlurryOfBlows","floor":18},{"not_picked":["CrushJoints","ThirdEye"],"picked":"Conclude+1","floor":21},{"not_picked":["Tantrum","ThirdEye"],"picked":"MentalFortress","floor":22},{"not_picked":["Halt","InnerPeace"],"picked":"FlurryOfBlows","floor":24},{"not_picked":["CutThroughFate","ThirdEye"],"picked":"WheelKick","floor":25},{"not_picked":["Evaluate","Protect"],"picked":"MentalFortress","floor":29}],"player_experience":2833278,"relics_obtained":[{"floor":7,"key":"conspire:Dentures"},{"floor":9,"key":"Eternal Feather"},{"floor":10,"key":"Ginger"},{"floor":13,"key":"Ancient Tea Set"},{"floor":24,"key":"MealTicket"},{"floor":26,"key":"conspire:Flyswatter"}],"event_choices":[{"damage_healed":0,"gold_gain":100,"player_choice":"Gold","damage_taken":0,"max_hp_gain":0,"max_hp_loss":0,"event_name":"Wheel of Change","floor":3,"gold_loss":0},{"damage_healed":0,"gold_gain":0,"player_choice":"Stole Relic","damage_taken":0,"relics_obtained":["aspiration:Lifesprig"],"max_hp_gain":0,"max_hp_loss":0,"event_name":"Addict","floor":19,"gold_loss":0,"cards_obtained":["Shame"]},{"damage_healed":0,"gold_gain":0,"player_choice":"Forge","damage_taken":0,"max_hp_gain":0,"max_hp_loss":0,"event_name":"Accursed Blacksmith","floor":27,"gold_loss":0,"cards_upgraded":["TalkToTheHand"]}],"is_beta":false,"boss_relics":[{"not_picked":["Sozu","Philosopher\u0027s Stone"],"picked":"Tiny House"}],"items_purged_floors":[20],"is_endless":false,"potions_floor_spawned":[5,7,10,13,14,22,24,25],"killed_by":"Collector","ascension_level":20}}