{"host":"7v9t59ze4jbx2rzq","time":1608738427,"event":{"mods":["100% Spire Juice","Act Like it!","Arisen Slayers","BaseMod","Gensokyo","Highlight Path","Minty Spire (QoL Compilation)","QueenMod","Spicy Shops","StSLib","Wide Potions"],"gold_per_floor":[110,110,110,122,22,57,67,86,86,6,30,42,64,127,139,251,143,55,67,79,91,115,7,19,42,54,66,78,100,112,144,156,168,168],"floor_reached":33,"playtime":2492,"items_purged":[],"score":284,"play_id":"de49ada6-37ac-4f67-b739-076378c6b8fb","local_time":"20201223104707","is_ascension_mode":false,"campfire_choices":[{"data":"Moonworks:CloudOfSeagulls","floor":15,"key":"SMITH"},{"data":"Moonworks:PlushieMaster","floor":23,"key":"SMITH"},{"floor":30,"key":"REST"},{"floor":32,"key":"REST"}],"circlet_count":0,"master_deck":["Moonworks:Strike","Moonworks:Strike","Moonworks:Strike","Moonworks:Strike","Moonworks:Defend","Moonworks:Defend","Moonworks:Defend","Moonworks:Defend","Moonworks:Ambush","Moonworks:LongDistanceShot","Moonworks:JonathanRush","Gensokyo:CrescentMoonSlash","Moonworks:JonathanRush","Moonworks:DeployBits","Moonworks:NicePresent","Moonworks:CompletionReward","Moonworks:JonathanRush","Moonworks:CloudOfSeagulls+1","Moonworks:PlushieMaster+1","Moonworks:CloudOfSeagulls+1","Moonworks:JonathanRush","Moonworks:WindyEnchantment","Moonworks:TacticalRetreat","Moonworks:CookingTime+1"],"relics":["Moonworks:BrokenBomb","Moonworks:Homemark","NeowsBlessing","Du-Vu Doll","MawBank","Juzu Bracelet","Orichalcum","SlaversCollar","Pen Nib","Gensokyo:RedStar","Frozen Egg 2","Incense Burner"],"acts_visited":["Exordium","Gensokyo:Gensokyo"],"potions_floor_usage":[6,22,33],"damage_taken":[{"damage":0,"enemies":"Gensokyo:3_Fairies","floor":1,"turns":2},{"damage":0,"enemies":"Gensokyo:Python","floor":4,"turns":1},{"damage":0,"enemies":"Gensokyo:2_Kodama","floor":5,"turns":1},{"damage":1,"enemies":"Gensokyo:Cirno","floor":6,"turns":5},{"damage":0,"enemies":"Gensokyo:5_Fairies","floor":7,"turns":3},{"damage":5,"enemies":"Gensokyo:CorruptedTreant","floor":8,"turns":4},{"damage":8,"enemies":"Gensokyo:Mamizou","floor":10,"turns":8},{"damage":0,"enemies":"Gensokyo:LivingMonolith","floor":11,"turns":2},{"damage":0,"enemies":"Gensokyo:2_Rabbits","floor":13,"turns":2},{"damage":33,"enemies":"Gensokyo:Kokoro","floor":16,"turns":11},{"damage":15,"enemies":"Gensokyo:AngelMirror","floor":18,"turns":4},{"damage":18,"enemies":"Gensokyo:3_Dogs","floor":22,"turns":5},{"damage":0,"enemies":"Gensokyo:3_Gloops","floor":25,"turns":3},{"damage":32,"enemies":"Gensokyo:Slime_Group","floor":29,"turns":4},{"damage":3,"enemies":"Gensokyo:Chomper_and_Gloop","floor":31,"turns":4},{"damage":42,"enemies":"Gensokyo:Kaguya","floor":33,"turns":6}],"seed_played":"-612587334072156775","potions_obtained":[{"floor":4,"key":"Block Potion"},{"floor":11,"key":"Block Potion"},{"floor":16,"key":"EssenceOfSteel"},{"floor":31,"key":"Energy Potion"}],"is_trial":false,"path_per_floor":["M","?","?","M","M","E","M","M","T","E","M","$","M","T","R","B",null,"M","T","$","?","M","R","?","M","T","?","T","M","R","M","R","B"],"character_chosen":"THE_STARBREAKER","items_purchased":[],"campfire_rested":2,"item_purchase_floors":[],"current_hp_per_floor":[60,54,60,60,60,59,59,54,54,46,46,46,46,46,46,13,66,51,51,51,51,33,33,33,33,33,33,33,1,20,17,36,0,0],"gold":168,"neow_bonus":"THREE_ENEMY_KILL","is_daily":false,"chose_seed":false,"campfire_upgraded":2,"win_rate":0.0,"timestamp":1608738427,"path_taken":["M","?","?","M","M","E","?","M","T","E","M","?","M","?","R","BOSS","M","?","$","?","M","R","?","M","T","?","?","M","R","M","R","BOSS"],"items_purchased_type":[],"build_version":"2020-12-22","purchased_purges":0,"victory":false,"max_hp_per_floor":[60,60,66,66,66,66,66,66,66,66,66,66,66,66,66,66,66,66,66,66,66,66,66,66,66,66,66,66,66,66,66,66,33,33],"card_choices":[{"not_picked":["Moonworks:Flamethrower","Moonworks:BigMagnum"],"picked":"Moonworks:JonathanRush","floor":1},{"not_picked":["Moonworks:EvilSpyWorkPreparation","Moonworks:DevilHand"],"picked":"Moonworks:JonathanRush","floor":4},{"not_picked":["Moonworks:ScrambledEve","Moonworks:Assault"],"picked":"Moonworks:DeployBits","floor":5},{"not_picked":["Moonworks:UnluckyCharm","Moonworks:ImOnFire","Moonworks:ForcedRevival"],"picked":"SKIP","floor":6},{"not_picked":["Moonworks:Flamethrower","Moonworks:SakisCookie","Moonworks:Dinner"],"picked":"SKIP","floor":7},{"not_picked":["Moonworks:SakisCookie","Moonworks:SelfDestruct"],"picked":"Moonworks:NicePresent","floor":8},{"not_picked":["Moonworks:ReflectiveShell","Moonworks:SealedMemories"],"picked":"Moonworks:CompletionReward","floor":10},{"not_picked":["Moonworks:NicePresent","Moonworks:ImOnFire"],"picked":"Moonworks:JonathanRush","floor":11},{"not_picked":["Moonworks:AwakeningOfTalent","Moonworks:NicePresent"],"picked":"Moonworks:CloudOfSeagulls","floor":13},{"not_picked":["Moonworks:GoAway","Moonworks:WeAreWaruda"],"picked":"Moonworks:PlushieMaster","floor":16},{"not_picked":["Moonworks:ImOnFire","Moonworks:Assault"],"picked":"Moonworks:CloudOfSeagulls+1","floor":18},{"not_picked":["Moonworks:LulusLuckyEgg","Moonworks:TreasureThief"],"picked":"Moonworks:JonathanRush","floor":22},{"not_picked":["Moonworks:TreasureThief","Moonworks:Assault"],"picked":"Moonworks:WindyEnchantment","floor":25},{"not_picked":["Moonworks:Assault","Moonworks:DeployBits"],"picked":"Moonworks:TacticalRetreat","floor":29},{"not_picked":["Moonworks:RagingMadness+1","Moonworks:CompletionReward"],"picked":"Moonworks:CookingTime+1","floor":31}],"player_experience":2175092,"relics_obtained":[{"floor":6,"key":"Du-Vu Doll"},{"floor":9,"key":"MawBank"},{"floor":10,"key":"Juzu Bracelet"},{"floor":14,"key":"Orichalcum"},{"floor":19,"key":"Pen Nib"},{"floor":26,"key":"Frozen Egg 2"},{"floor":28,"key":"Incense Burner"}],"event_choices":[],"is_beta":false,"boss_relics":[{"not_picked":["Empty Cage","Coffee Dripper"],"picked":"SlaversCollar"}],"items_purged_floors":[],"is_endless":false,"potions_floor_spawned":[4,11,16,31],"killed_by":"Gensokyo:Kaguya","ascension_level":0}}