{"host":"jgyoyy5iuhtvyvtg","time":1608713674,"event":{"mods":["2.2 Compatiblity","BaseMod","Challenge The Spire","Colored Map","Conspire","Downfall","Hermit","Highlight Path","Infinite Spire","Lobotomy","LobotomyExtend","Minty Spire (QoL Compilation)","Quick Restart","Replay The Spire","Spikes Relics","StSLib","The Construct","The Disciple","The Jungle","Yuri Mod"],"gold_per_floor":[118,118,134,53,53,53,73,89,89,106,106,123,123,155,155,155,155],"floor_reached":16,"playtime":620,"items_purged":[],"score":138,"play_id":"5ec151d4-4bf3-48b6-a22d-04b09f340460","local_time":"20201223005434","is_ascension_mode":true,"campfire_choices":[{"data":"hermit:LoneWolf","floor":6,"key":"SMITH"},{"data":"hermit:BodyArmor","floor":11,"key":"SMITH"},{"floor":13,"key":"REST"},{"data":"hermit:Coalescence","floor":15,"key":"SMITH"}],"circlet_count":0,"master_deck":["hermit:Strike_Hermit","hermit:Strike_Hermit","hermit:Strike_Hermit","hermit:Strike_Hermit","hermit:Defend_Hermit","hermit:Defend_Hermit","hermit:Defend_Hermit","hermit:Defend_Hermit","hermit:Snapshot","hermit:Covet","hermit:Reprieve","hermit:FullyLoaded","hermit:BodyArmor+1","hermit:LoneWolf+1","hermit:Coalescence+1","hermit:RoundhouseKick"],"relics":["hermit:Momento","LetterFromLob","Singing Bowl","Ornamental Fan"],"acts_visited":["Exordium"],"potions_floor_usage":[14,16,16],"damage_taken":[{"damage":1,"enemies":"Cultist","floor":1,"turns":3},{"damage":0,"enemies":"Small Slimes","floor":3,"turns":3},{"damage":0,"enemies":"2 Louse","floor":7,"turns":3},{"damage":12,"enemies":"2 Fungi Beasts","floor":8,"turns":5},{"damage":26,"enemies":"Large Slime","floor":10,"turns":9},{"damage":0,"enemies":"Red Slaver","floor":12,"turns":5},{"damage":28,"enemies":"Gremlin Nob","floor":14,"turns":4},{"damage":58,"enemies":"The Guardian","floor":16,"turns":13}],"seed_played":"-954198457647746645","potions_obtained":[{"floor":1,"key":"FearPotion"},{"floor":3,"key":"EssenceOfSteel"},{"floor":8,"key":"Regen Potion"}],"is_trial":false,"path_per_floor":["M","?","M","$","?","R","M","M","T","M","R","M","R","E","R","B"],"character_chosen":"HERMIT","items_purchased":["hermit:LoneWolf"],"campfire_rested":1,"item_purchase_floors":[4],"current_hp_per_floor":[67,67,67,67,67,67,67,59,59,35,35,35,58,32,32,0,0],"gold":155,"neow_bonus":"ONE_RANDOM_RARE_CARD","is_daily":false,"chose_seed":false,"campfire_upgraded":3,"win_rate":0.0,"timestamp":1608713674,"path_taken":["M","?","M","$","?","R","M","M","T","M","R","M","R","E","R","BOSS"],"items_purchased_type":["Card"],"build_version":"2020-12-22","purchased_purges":0,"victory":false,"max_hp_per_floor":[75,75,75,75,75,75,75,75,75,77,77,77,77,79,79,79,79],"card_choices":[{"not_picked":["hermit:Glare","hermit:Vantage"],"picked":"hermit:FullyLoaded","floor":1},{"not_picked":["hermit:Glare","hermit:ShadowCloak"],"picked":"hermit:BodyArmor","floor":3},{"not_picked":["hermit:SprayPray","hermit:Snipe"],"picked":"hermit:Coalescence","floor":7},{"not_picked":["hermit:Coalescence","hermit:Desperado","hermit:LuckOfTheDraw"],"picked":"SKIP","floor":8},{"not_picked":["hermit:SprayPray","hermit:Feint","hermit:Misfire"],"picked":"Singing Bowl","floor":10},{"not_picked":["hermit:Grudge","hermit:Vantage"],"picked":"hermit:RoundhouseKick","floor":12},{"not_picked":["hermit:Manifest","hermit:ItchyTrigger","hermit:Ricochet"],"picked":"Singing Bowl","floor":14}],"player_experience":3179605,"relics_obtained":[{"floor":1,"key":"LetterFromLob"},{"floor":9,"key":"Singing Bowl"},{"floor":14,"key":"Ornamental Fan"}],"event_choices":[{"damage_healed":0,"gold_gain":0,"player_choice":"Leave","damage_taken":0,"max_hp_gain":0,"max_hp_loss":0,"event_name":"conspire:Investor","floor":5,"gold_loss":0}],"is_beta":false,"boss_relics":[],"items_purged_floors":[],"is_endless":false,"potions_floor_spawned":[1,3,8],"killed_by":"The Guardian","ascension_level":7}}