{"host":"baymyijz6sxaqj5s","time":1608714959,"event":{"mods":["AchievementEnabler","BaseMod","Colored Map","Colored Powertips","DeckTracker","KOR Keyword Fix","Keyboard Shortcuts","Minty Spire (QoL Compilation)","Quick Restart","StSLib","SuperFastMode"],"gold_per_floor":[119,138,138,203,221,221,235,248,248,261,272,272,292,307,307,410,410,427,427,427],"floor_reached":19,"playtime":634,"items_purged":[],"score":165,"play_id":"ed42237c-0c07-411a-8c92-5bc55f9f5f59","local_time":"20201223181559","is_ascension_mode":false,"campfire_choices":[{"data":"Shrug It Off","floor":6.0,"key":"SMITH"},{"data":"Limit Break","floor":15,"key":"SMITH"}],"circlet_count":0,"master_deck":["Strike_R","Strike_R","Strike_R","Strike_R","Defend_R","Defend_R","Defend_R","Defend_R","Bash","Heavy Blade","Shrug It Off+1","Armaments","Limit Break+1","Twin Strike","Offering","Body Slam+1"],"relics":["Burning Blood","Du-Vu Doll","SacredBark"],"acts_visited":["Exordium","TheCity"],"potions_floor_usage":[14,16,16],"damage_taken":[{"damage":13.0,"enemies":"Jaw Worm","floor":1.0,"turns":3.0},{"damage":5.0,"enemies":"2 Louse","floor":2.0,"turns":3.0},{"damage":6.0,"enemies":"Cultist","floor":5.0,"turns":3.0},{"damage":15.0,"enemies":"Exordium Wildlife","floor":7.0,"turns":8.0},{"damage":12.0,"enemies":"Exordium Thugs","floor":8.0,"turns":6.0},{"damage":5,"enemies":"Large Slime","floor":10,"turns":6},{"damage":1,"enemies":"2 Fungi Beasts","floor":11,"turns":4},{"damage":7,"enemies":"Blue Slaver","floor":13,"turns":4},{"damage":11,"enemies":"Gremlin Gang","floor":14,"turns":6},{"damage":49,"enemies":"Slime Boss","floor":16,"turns":14},{"damage":83,"enemies":"Spheric Guardian","floor":18,"turns":14},{"damage":12,"enemies":"Shell Parasite","floor":19,"turns":5}],"seed_played":"8129095778376384304","potions_obtained":[{"floor":2.0,"key":"LiquidMemories"},{"floor":5.0,"key":"LiquidBronze"},{"floor":8.0,"key":"LiquidBronze"}],"is_trial":false,"path_per_floor":["M","M","?","?","M","R","M","M","T","M","M","?","M","M","R","B",null,"M","M"],"character_chosen":"IRONCLAD","items_purchased":[],"campfire_rested":0,"item_purchase_floors":[],"current_hp_per_floor":[81,82,82,82,82,82,73,67,67,68,73,73,72,67,67,24,88,11,0,0],"gold":427,"neow_bonus":"TEN_PERCENT_HP_BONUS","is_daily":false,"chose_seed":false,"campfire_upgraded":2,"win_rate":0.0,"timestamp":1608714959,"path_taken":["M","M","?","?","M","R","M","M","T","M","M","?","?","M","R","BOSS","M","M"],"items_purchased_type":[],"build_version":"2020-12-22","purchased_purges":0,"victory":false,"max_hp_per_floor":[88,88,88,88,88,88,88,88,88,88,88,88,88,88,88,88,88,88,88,88],"card_choices":[{"not_picked":["Flex","Rampage"],"picked":"Heavy Blade","floor":1.0},{"not_picked":["Perfected Strike","Clothesline","Uppercut"],"picked":"SKIP","floor":2.0},{"not_picked":["Intimidate","Searing Blow"],"picked":"Shrug It Off","floor":5.0},{"not_picked":["Pommel Strike","Intimidate"],"picked":"Armaments","floor":7.0},{"not_picked":["Sever Soul","Carnage","Rage"],"picked":"SKIP","floor":8.0},{"not_picked":["Clash","Dark Embrace","Rupture"],"picked":"SKIP","floor":10},{"not_picked":["Uppercut","True Grit"],"picked":"Limit Break","floor":11},{"not_picked":["Dropkick","Cleave"],"picked":"Twin Strike","floor":13},{"not_picked":["Metallicize","Flex","Dark Embrace"],"picked":"SKIP","floor":14},{"not_picked":["Feed","Fiend Fire"],"picked":"Offering","floor":16},{"not_picked":["Feel No Pain","Entrench"],"picked":"Body Slam+1","floor":18}],"player_experience":199477,"relics_obtained":[{"floor":9.0,"key":"Du-Vu Doll"}],"event_choices":[{"damage_healed":0.0,"max_hp_gain":0.0,"max_hp_loss":0.0,"gold_gain":0.0,"event_name":"Liars Game","player_choice":"Ignored","floor":3.0,"gold_loss":0.0,"damage_taken":0.0},{"damage_healed":0.0,"max_hp_gain":0.0,"max_hp_loss":0.0,"gold_gain":65.0,"event_name":"Golden Wing","player_choice":"Gained Gold","floor":4.0,"gold_loss":0.0,"damage_taken":0.0},{"cards_removed":["Strike_R"],"damage_healed":0,"gold_gain":0,"player_choice":"Offered Basic","damage_taken":0,"max_hp_gain":0,"max_hp_loss":0,"event_name":"Bonfire Elementals","floor":12,"gold_loss":0}],"is_beta":false,"boss_relics":[{"not_picked":["Black Star","Velvet Choker"],"picked":"SacredBark"}],"items_purged_floors":[],"is_endless":false,"potions_floor_spawned":[2,5,8],"killed_by":"Shell Parasite","ascension_level":0}}