{"host":"uflv0e3ja7hvnij7","time":1608761785,"event":{"mods":["BaseMod","Conspire","Downfall","Hubris","Minty Spire (QoL Compilation)","Replay The Spire","Shop Mod","StSLib"],"gold_per_floor":[112,187,187,187,204,239,239,252,252,267,267,282,282,294,294,294,294],"floor_reached":16,"playtime":852,"items_purged":[],"score":117,"play_id":"11dd80ef-f971-4054-a11f-c542b06c6224","local_time":"20201223171625","is_ascension_mode":true,"campfire_choices":[{"floor":11,"key":"REST"},{"floor":15,"key":"REST"}],"circlet_count":0,"master_deck":["Strike_G","Strike_G+1","Strike_G","Strike_G","Strike_G","Defend_G","Defend_G","Defend_G","Defend_G","Survivor","Neutralize+1","Cloak And Dagger","Bouncing Flask","Bullet Time","Backflip","Catalyst","Bane","PiercingWail"],"relics":["Ring of the Snake","Replay:Rubber Ducky","conspire:InfiniteJournal"],"acts_visited":["Exordium"],"potions_floor_usage":[14,16],"damage_taken":[{"damage":0,"enemies":"Jaw Worm","floor":1,"turns":6},{"damage":0,"enemies":"Small Slimes","floor":5,"turns":3},{"damage":36,"enemies":"Gremlin Nob","floor":6,"turns":5},{"damage":0,"enemies":"conspire:RoseBush","floor":8,"turns":2},{"damage":1,"enemies":"Blue Slaver","floor":10,"turns":4},{"damage":10,"enemies":"2 Fungi Beasts","floor":12,"turns":5},{"damage":16,"enemies":"Exordium Thugs","floor":14,"turns":3},{"damage":42,"enemies":"Slime Boss","floor":16,"turns":9}],"seed_played":"-8235415244993821552","potions_obtained":[{"floor":6,"key":"champ:CounterPotion"},{"floor":12,"key":"Swift Potion"}],"is_trial":false,"path_per_floor":["M","?","?","$","M","E","?","M","T","M","R","M","$","M","R","B"],"character_chosen":"THE_SILENT","items_purchased":[],"campfire_rested":2,"item_purchase_floors":[],"current_hp_per_floor":[77,66,51,51,51,15,15,15,15,14,37,27,27,11,34,0,0],"gold":294,"neow_bonus":"TEN_PERCENT_HP_BONUS","is_daily":false,"chose_seed":false,"campfire_upgraded":0,"win_rate":0.0,"timestamp":1608761785,"path_taken":["M","?","?","$","M","E","?","M","T","M","R","M","$","M","R","BOSS"],"items_purchased_type":[],"build_version":"2020-12-22","purchased_purges":0,"victory":false,"max_hp_per_floor":[77,77,77,77,77,77,77,77,77,77,77,77,77,77,77,77,77],"card_choices":[{"not_picked":["Dagger Spray","Hidden Blade"],"picked":"Cloak And Dagger","floor":1},{"not_picked":["PiercingWail","Quick Slash"],"picked":"Bouncing Flask","floor":5},{"not_picked":["Endless Agony","Hidden Blade"],"picked":"Bullet Time","floor":6},{"not_picked":["Slice","ReplayTheSpireMod:Exploit Weakness"],"picked":"Backflip","floor":8},{"not_picked":["Concentrate","Underhanded Strike"],"picked":"Catalyst","floor":10},{"not_picked":["Outmaneuver","Dash"],"picked":"Bane","floor":12},{"not_picked":["hubris:TrickCloak","ReplayTheSpireMod:Exploit Weakness"],"picked":"PiercingWail","floor":14}],"player_experience":300895,"relics_obtained":[{"floor":6,"key":"Replay:Rubber Ducky"},{"floor":9,"key":"conspire:InfiniteJournal"}],"event_choices":[{"damage_healed":0,"gold_gain":75,"player_choice":"Gather Gold","damage_taken":11,"max_hp_gain":0,"max_hp_loss":0,"event_name":"World of Goop","floor":2,"gold_loss":0},{"damage_healed":0,"gold_gain":0,"player_choice":"Entered Light","damage_taken":15,"max_hp_gain":0,"max_hp_loss":0,"event_name":"Shining Light","floor":3,"gold_loss":0,"cards_upgraded":["Strike_G","Neutralize"]},{"cards_removed":["Defend_G"],"damage_healed":0,"gold_gain":0,"player_choice":"Purged","damage_taken":0,"max_hp_gain":0,"max_hp_loss":0,"event_name":"Purifier","floor":7,"gold_loss":0}],"is_beta":false,"boss_relics":[],"items_purged_floors":[],"is_endless":false,"potions_floor_spawned":[6,12],"killed_by":"Slime Boss","ascension_level":3}}