{"host":"kiauivt48syq9iz6","time":1608723277,"event":{"mods":["BaseMod","Conspire","Downfall","Hermit","Minty Spire (QoL Compilation)","Replay The Spire","SIMod","StSLib","The Animator","The Construct","The Cursed","The Runesmith","The Servant 0.9.4"],"gold_per_floor":[118,130,4,4,24,24,35,62,131,131,111,124,124,135,135,238,238,248,51,66,66,82,82,113,113,113,148,165,165,38,57,57,160,160,171,16,36,56,7,7,7,39,39,74,92,105,105,118,118,118],"floor_reached":51,"playtime":3459,"items_purged":[],"score":604,"play_id":"d521effb-c4cb-4b81-b303-cfe28136d882","local_time":"20201223043437","is_ascension_mode":false,"campfire_choices":[{"data":"Bandage Up","floor":6,"key":"SMITH"},{"data":"hermit:TakeCover","floor":10,"key":"SMITH"},{"data":"hermit:Combo","floor":13,"key":"SMITH"},{"data":"hermit:FlashPowder","floor":15,"key":"SMITH"},{"data":"hermit:Snapshot","floor":23,"key":"SMITH"},{"floor":29,"key":"REST"},{"floor":32,"key":"REST"},{"floor":40,"key":"REST"},{"floor":49,"key":"REST"}],"circlet_count":0,"master_deck":["hermit:Strike_Hermit","hermit:Strike_Hermit","hermit:Strike_Hermit","hermit:Strike_Hermit","hermit:Defend_Hermit","hermit:Defend_Hermit","hermit:Defend_Hermit","hermit:Defend_Hermit","hermit:Snapshot","hermit:Covet","Impatience","hermit:TrackingShot","hermit:Glare","Bandage Up+1","hermit:FlashPowder+1","hermit:Headshot","hermit:Glare","hermit:TakeCover+1","hermit:Combo+1","hermit:Coalescence","hermit:Adapt","CurseOfTheBell","hermit:LoneWolf","hermit:Combo","hermit:TakeCover","hermit:Snapshot+1","hermit:LowProfile+1","hermit:Gestalt+1","Decay","hermit:TrackingShot","hermit:TakeAim","hermit:Determination","hermit:Headshot","hermit:Dive+1","hermit:Adapt","hermit:Roulette","hermit:Glare+1","Parasite","hermit:LuckOfTheDraw+1","hermit:Quickdraw+1","hermit:TrackingShot","hermit:Gestalt+1","hermit:TrackingShot+1","Writhe","hermit:FullyLoaded+1"],"relics":["hermit:Momento","WingedGreaves","Gremlin Horn","Calling Bell","Bag of Preparation","conspire:BottledYoYo","hermit:RedScarf","Juzu Bracelet","Mummified Hand","FossilizedHelix","Runic Pyramid","HandDrill","Calipers","Runesmith:AutoHammer","Lantern"],"acts_visited":["Exordium","TheCity","TheBeyond"],"potions_floor_usage":[8,8,14,22,22,24,37,37,42,44,46,46,50],"damage_taken":[{"damage":2,"enemies":"Jaw Worm","floor":1,"turns":4},{"damage":7,"enemies":"Small Slimes","floor":2,"turns":3},{"damage":1,"enemies":"Cultist","floor":5,"turns":4},{"damage":0,"enemies":"Looter","floor":7,"turns":4},{"damage":12,"enemies":"3 Sentries","floor":8,"turns":7},{"damage":4,"enemies":"Red Slaver","floor":12,"turns":4},{"damage":0,"enemies":"Blue Slaver","floor":14,"turns":4},{"damage":31,"enemies":"The Guardian","floor":16,"turns":11},{"damage":11,"enemies":"3 Byrds","floor":18,"turns":8},{"damage":13,"enemies":"2 Thieves","floor":20,"turns":4},{"damage":1,"enemies":"3 Cultists","floor":22,"turns":6},{"damage":23,"enemies":"Book of Stabbing","floor":24,"turns":7},{"damage":28,"enemies":"conspire:MimicChest","floor":27,"turns":10},{"damage":9,"enemies":"Snake Plant","floor":28,"turns":5},{"damage":0,"enemies":"Cultist and Chosen","floor":31,"turns":8},{"damage":12,"enemies":"conspire:MysteriousRune","floor":33,"turns":9},{"damage":1,"enemies":"Orb Walker","floor":35,"turns":7},{"damage":25,"enemies":"3 Darklings","floor":37,"turns":7},{"damage":0,"enemies":"Writhing Mass","floor":38,"turns":7},{"damage":13,"enemies":"Giant Head","floor":42,"turns":11},{"damage":32,"enemies":"Nemesis","floor":44,"turns":13},{"damage":25,"enemies":"Sphere and 2 Shapes","floor":45,"turns":7},{"damage":12,"enemies":"Spire Growth","floor":46,"turns":6},{"damage":3,"enemies":"Transient","floor":48,"turns":5},{"damage":14,"enemies":"Replay:Hell Engine","floor":50,"turns":19}],"seed_played":"5642233019501960229","potions_obtained":[{"floor":2,"key":"Elixir"},{"floor":5,"key":"BlessingOfTheForge"},{"floor":7,"key":"hexamod:EctoCoolerPotion"},{"floor":11,"key":"LifebloodPotion"},{"floor":18,"key":"FearPotion"},{"floor":20,"key":"Reflective Coating"},{"floor":22,"key":"Guardian:BlockOnCardUsePotion"},{"floor":28,"key":"FearPotion"},{"floor":31,"key":"construct:ShiftPotion"},{"floor":35,"key":"Weak Potion"},{"floor":44,"key":"conspire:TimeTravelPotion"},{"floor":45,"key":"Block Potion"},{"floor":48,"key":"Swift Potion"}],"is_trial":false,"path_per_floor":["M","M","$","?","M","R","M","E","T","R","?","M","R","M","R","B",null,"M","$","M","?","M","R","E","?","T","?","M","R","$","M","R","B",null,"M","$","M","M","$","R","?","E","T","E","M","M","?","M","R","B",null],"character_chosen":"HERMIT","items_purchased":["Bandage Up","hermit:FlashPowder","hermit:Combo","hermit:TakeCover","hermit:Tonic","hermit:Determination","hermit:Headshot","HandDrill","Dexterity Potion"],"campfire_rested":4,"item_purchase_floors":[3,3,19,19,19,30,30,36,39],"current_hp_per_floor":[73,66,66,66,69,69,75,69,69,69,69,71,71,75,75,50,75,70,70,63,63,68,68,51,51,51,29,26,48,48,54,75,63,75,74,74,55,61,61,75,75,65,65,39,20,14,33,36,58,50],"gold":118,"neow_bonus":"RANDOM_COLORLESS","is_daily":false,"chose_seed":false,"campfire_upgraded":5,"win_rate":0.0,"timestamp":1608723277,"path_taken":["M","M","$","?","M","R","M","E","T","R","?","?","R","M","R","BOSS","M","$","M","?","M","R","E","?","T","?","M","R","$","M","R","BOSS","M","?","M","M","$","R","?","E","T","E","M","M","?","M","R","BOSS"],"items_purchased_type":["Card","Card","Card","Card","Potion","Card","Card","Relic","Potion"],"build_version":"2020-12-22","purchased_purges":0,"victory":true,"max_hp_per_floor":[75,75,75,75,75,75,75,75,75,75,75,75,75,75,75,75,75,75,75,75,75,75,75,75,75,75,75,75,75,75,75,75,75,75,75,75,75,75,75,75,75,75,75,75,75,75,75,75,75,75],"card_choices":[{"not_picked":["Deep Breath","expansioncontent:YouAreMine"],"picked":"Impatience","floor":0},{"not_picked":["hermit:HoleUp","hermit:SprayPray"],"picked":"hermit:TrackingShot","floor":1},{"not_picked":["hermit:Shortfuse","hermit:Coalescence"],"picked":"hermit:Glare","floor":2},{"not_picked":["hermit:Gestalt","hermit:Dive"],"picked":"hermit:Headshot","floor":5},{"not_picked":["hermit:BodyArmor","hermit:Headshot"],"picked":"hermit:Glare","floor":7},{"not_picked":["hermit:EyeOfTheStorm","hermit:Cheat"],"picked":"hermit:TakeCover","floor":8},{"not_picked":["hermit:Feint","hermit:PistolWhip"],"picked":"hermit:Combo","floor":12},{"not_picked":["hermit:Glare","hermit:Snipe"],"picked":"hermit:Coalescence","floor":14},{"not_picked":["hermit:EternalForm","hermit:Roughhouse"],"picked":"hermit:Adapt","floor":16},{"not_picked":["hermit:ItchyTrigger","hermit:Snipe"],"picked":"hermit:LoneWolf","floor":18},{"not_picked":["hermit:Feint","hermit:CursedWeapon","hermit:SprayPray"],"picked":"SKIP","floor":20},{"not_picked":["hermit:Misfire","hermit:TrackingShot"],"picked":"hermit:LowProfile+1","floor":22},{"not_picked":["hermit:Coalescence","hermit:Feint"],"picked":"hermit:Gestalt+1","floor":24},{"not_picked":["hermit:PistolWhip","hermit:SprayPray"],"picked":"hermit:TrackingShot","floor":27},{"not_picked":["hermit:PistolWhip","hermit:ItchyTrigger"],"picked":"hermit:TakeAim","floor":28},{"not_picked":["hermit:SprayPray","hermit:Gambit"],"picked":"hermit:Dive+1","floor":31},{"not_picked":["hermit:Roughhouse","hermit:BlackWind"],"picked":"hermit:Adapt","floor":33},{"not_picked":["hermit:CalledShot+1","hermit:Ricochet+1"],"picked":"hermit:Roulette","floor":35},{"not_picked":["hermit:ItchyTrigger","hermit:CalledShot"],"picked":"hermit:Glare+1","floor":37},{"not_picked":["hermit:ItchyTrigger","hermit:Manifest"],"picked":"hermit:LuckOfTheDraw+1","floor":38},{"not_picked":["hermit:DeadOrAlive","hermit:GoldenBullet+1"],"picked":"hermit:Quickdraw+1","floor":42},{"not_picked":["hermit:Misfire+1","hermit:Coalescence+1"],"picked":"hermit:TrackingShot","floor":44},{"not_picked":["hermit:HoleUp","hermit:Grudge"],"picked":"hermit:Gestalt+1","floor":45},{"not_picked":["hermit:Spite+1","hermit:CalledShot+1"],"picked":"hermit:TrackingShot+1","floor":46},{"not_picked":["hermit:EternalForm","hermit:SprayPray"],"picked":"hermit:FullyLoaded+1","floor":48}],"player_experience":17123,"relics_obtained":[{"floor":8,"key":"WingedGreaves"},{"floor":9,"key":"Gremlin Horn"},{"floor":17,"key":"Bag of Preparation"},{"floor":17,"key":"conspire:BottledYoYo"},{"floor":17,"key":"hermit:RedScarf"},{"floor":24,"key":"Juzu Bracelet"},{"floor":26,"key":"Mummified Hand"},{"floor":27,"key":"FossilizedHelix"},{"floor":42,"key":"Calipers"},{"floor":43,"key":"Runesmith:AutoHammer"},{"floor":44,"key":"Lantern"}],"event_choices":[{"damage_healed":0,"gold_gain":0,"player_choice":"Disagree","damage_taken":0,"max_hp_gain":0,"max_hp_loss":0,"event_name":"conspire:LoneGhost","floor":4,"gold_loss":0},{"damage_healed":0,"gold_gain":0,"player_choice":"Bought 1 Potion","damage_taken":0,"max_hp_gain":0,"max_hp_loss":0,"event_name":"The Woman in Blue","floor":11,"gold_loss":0},{"damage_healed":0,"gold_gain":0,"player_choice":"Copied","damage_taken":0,"max_hp_gain":0,"max_hp_loss":0,"event_name":"Duplicator","floor":21,"gold_loss":0,"cards_obtained":["hermit:Snapshot"]},{"damage_healed":0,"gold_gain":0,"player_choice":"Smashed Altar","damage_taken":0,"max_hp_gain":0,"max_hp_loss":0,"event_name":"Forgotten Altar","floor":25,"gold_loss":0,"cards_obtained":["Decay"]},{"damage_healed":0,"gold_gain":0,"player_choice":"Ignored","damage_taken":0,"max_hp_gain":0,"max_hp_loss":0,"event_name":"Mysterious Sphere","floor":41,"gold_loss":0},{"damage_healed":19,"gold_gain":0,"player_choice":"Writhe","damage_taken":0,"max_hp_gain":0,"max_hp_loss":0,"event_name":"Winding Halls","floor":47,"gold_loss":0,"cards_obtained":["Writhe"]}],"is_beta":false,"boss_relics":[{"not_picked":["conspire:SeveredTorchhead","Velvet Choker"],"picked":"Calling Bell"},{"not_picked":["Sozu","Runic Dome"],"picked":"Runic Pyramid"}],"items_purged_floors":[],"is_endless":false,"potions_floor_spawned":[2,5,7,18,20,22,28,31,35,44,45,48],"ascension_level":0}}