{"host":"d4jjsas3g8mfo55f","time":1608745645,"event":{"mods":["ATMod(°¢èªMod)","Aspiration","BaseMod","Hermit","Luminous","Minty Spire (QoL Compilation)","Replay The Spire","Spicy Shops","StSLib","The Bladedancer","The Bug Knight","The Jungle"],"gold_per_floor":[99,99,99,99,99,99,99,99,99,111,123,153,175,213,225,342,354,384,396,458,470,470],"floor_reached":21,"playtime":1080,"items_purged":[],"score":204,"play_id":"8c5b72d1-1bf7-49de-b92b-d7c2c4518ef9","local_time":"20201224014725","is_ascension_mode":false,"campfire_choices":[{"data":"Night Terror","floor":6.0,"key":"SMITH"},{"data":"Luminous:Chase_Spell_Luminous","floor":8.0,"key":"SMITH"},{"floor":10.0,"key":"DIG"},{"floor":15,"key":"DIG"}],"circlet_count":0,"master_deck":["Luminous:Light_Flash_Shower","Luminous:Light_Flash_Shower","Luminous:Dark_Abyssal_Drop","Luminous:Dark_Abyssal_Drop","Luminous:Defend_Luminous","Luminous:Defend_Luminous","Luminous:Defend_Luminous+1","Luminous:Switch_Luminous","Luminous:Light_Gather","Luminous:Accumulation_Luminous","Luminous:Light_Gather","Glass Knife","Night Terror+1","All Out Attack","Luminous:Chase_Spell_Luminous+1","Hallucinations","Luminous:Abyss_Heart_Luminous","Luminous:Blinding_Pillar_Luminous","Luminous:Phantom_Treasure_Luminous","Luminous:Armageddon_Luminous","Luminous:Light_Glare","theJungle:PetSnecko","Luminous:Dark_Dim_Erosion"],"relics":["Luminous:MirrorRelic","AT_ATBox","NeowsBlessing","Replay:Multitool","MawBank","Ring of Misfortune","Ring of Hypnosis","Odd Mushroom","Incense Burner","aspiration:RunicSpoon"],"acts_visited":["Exordium","Exordium"],"potions_floor_usage":[16,18,20,20],"damage_taken":[{"damage":0.0,"enemies":"Small Slimes","floor":1.0,"turns":1.0},{"damage":0.0,"enemies":"2 Louse","floor":3.0,"turns":1.0},{"damage":0.0,"enemies":"Jaw Worm","floor":4.0,"turns":1.0},{"damage":0.0,"enemies":"HollowMod:MossKnight","floor":7.0,"turns":4.0},{"damage":11,"enemies":"Large Slime","floor":12,"turns":5},{"damage":0,"enemies":"Blue Slaver","floor":13,"turns":3},{"damage":3,"enemies":"The Mushroom Lair","floor":14,"turns":3},{"damage":26,"enemies":"Slime Boss","floor":16,"turns":11},{"damage":64,"enemies":"theJungle:Flameango_and_Byrd","floor":18,"turns":8},{"damage":6,"enemies":"theJungle:MUSHROOMGANG","floor":20,"turns":6},{"damage":9,"enemies":"theJungle:Lyon","floor":21,"turns":3}],"seed_played":"4373549051404440076","potions_obtained":[{"floor":3.0,"key":"Explosive Potion"},{"floor":4.0,"key":"Elixir"},{"floor":13,"key":"Cursed Concoction"},{"floor":18,"key":"ColorlessPotion"}],"is_trial":false,"path_per_floor":["M","?","M","M","?","R","E","R","T","R","?","M","M","?","R","B",null,"M","?","M","M"],"character_chosen":"LuminousClass","items_purchased":[],"campfire_rested":0,"item_purchase_floors":[],"current_hp_per_floor":[75,75,75,75,75,75,75,75,75,75,75,64,64,65,65,39,75,11,11,5,0,0],"gold":470,"neow_bonus":"THREE_ENEMY_KILL","is_daily":false,"chose_seed":false,"campfire_upgraded":2,"win_rate":0.0,"timestamp":1608745645,"path_taken":["M","?","M","M","?","R","E","R","T","R","?","M","M","?","R","BOSS","M","?","M","M"],"items_purchased_type":[],"build_version":"2020-12-22","purchased_purges":0,"victory":false,"max_hp_per_floor":[75,75,75,75,75,75,75,75,75,75,75,75,75,75,75,75,75,75,75,75,75,75],"card_choices":[{"not_picked":["Luminous:Hero_Will_Luminous","Luminous:Light_Reflection"],"picked":"Luminous:Light_Gather","floor":1.0},{"not_picked":["Luminous:Sympathy_Luminous","Luminous:Magic_Accelerate_Luminous"],"picked":"Luminous:Accumulation_Luminous","floor":3.0},{"not_picked":["Luminous:Concentrate_Luminous","Luminous:Magic_Boost_Luminous"],"picked":"Luminous:Light_Gather","floor":4.0},{"not_picked":["Luminous:Light_Wash_Luminous","Luminous:Light_Disperse"],"picked":"Luminous:Chase_Spell_Luminous","floor":7.0},{"not_picked":["Luminous:Dark_Raid","Luminous:Light_Spectral_Light"],"picked":"Luminous:Abyss_Heart_Luminous","floor":12},{"not_picked":["Luminous:Chase_Spell_Luminous","Luminous:Accumulation_Luminous"],"picked":"Luminous:Blinding_Pillar_Luminous","floor":13},{"not_picked":["Luminous:Dark_Raid","Luminous:Dark_Morning_Star"],"picked":"Luminous:Phantom_Treasure_Luminous","floor":14},{"not_picked":["Luminous:Chaos_Field_Luminous","Luminous:Balance_Aether_Conduit"],"picked":"Luminous:Armageddon_Luminous","floor":16},{"not_picked":["Luminous:Lunar_Tide_Luminous","Luminous:Chase_Spell_Luminous+1"],"picked":"Luminous:Light_Glare","floor":18},{"not_picked":["Luminous:Hero_Will_Luminous","Luminous:Accumulation_Luminous"],"picked":"Luminous:Dark_Dim_Erosion","floor":20}],"player_experience":299979,"relics_obtained":[{"floor":7.0,"key":"Replay:Multitool"},{"floor":9.0,"key":"MawBank"},{"floor":11,"key":"Ring of Misfortune"},{"floor":11,"key":"Ring of Hypnosis"},{"floor":14,"key":"Odd Mushroom"},{"floor":15,"key":"Incense Burner"}],"event_choices":[{"damage_healed":0,"gold_gain":0,"player_choice":"Fought Mushrooms","damage_taken":0,"max_hp_gain":0,"max_hp_loss":0,"event_name":"Mushrooms","floor":14,"gold_loss":0}],"is_beta":false,"boss_relics":[{"not_picked":["Runic Dome","Empty Cage"],"picked":"aspiration:RunicSpoon"}],"items_purged_floors":[],"is_endless":false,"potions_floor_spawned":[3,4,13,18],"killed_by":"theJungle:Lyon","ascension_level":0}}