{"host":"lck2g1j0kcwr02ez","time":1608737245,"event":{"mods":["Act Like it!","BaseMod","CapriCore","Hallownest","Mari Mod (Legacy)","Mari\u0027s V1 Patch","Minty Spire (QoL Compilation)","Prisma Mod","Rare Cards Sparkle","StSLib","The Bug Knight","The Hierophant"],"gold_per_floor":[113,126,143,8815,8043,8074,8004,7704,7704,7735,7735,7735,7745,7764,7764,7869,7869,7887,6832,6832,6752,6769,6769,6769,6769,6769,6147,5155,5155,5170,4467,4467,4567,4567,4580,4500,4500,4500,3715,3751,3751,3751,3751,3769,3769,2731,2891,2178,2178,2178,2178,2178,1077,1111,1111],"floor_reached":56,"playtime":3890,"items_purged":["HollowMod:MonomonsArchive","HollowMod:GoodIntentions","HollowMod:GreatSlash","HollowMod:CycloneSlash","HollowMod:Grubsong","Hallownest:curseDreamersLament","HollowMod:SoulEater","HollowMod:CycloneSlash"],"score":1275,"play_id":"70b3141b-9fd3-46d6-85b2-7c67966b1e0a","local_time":"20201223232725","daily_mods":["Draft","Heirloom","Flight"],"is_ascension_mode":false,"campfire_choices":[{"data":"HollowMod:RecoilStrike","floor":15,"key":"SMITH"},{"data":"Hallownest:skillCityofTearsMap","floor":23,"key":"SMITH"},{"floor":25,"key":"RECALL"},{"data":"HollowMod:HornetsHelp","floor":32,"key":"SMITH"},{"data":"HollowMod:HornetsHelp","floor":41,"key":"SMITH"},{"data":"HollowMod:HornetsHelp","floor":42,"key":"SMITH"},{"data":"HollowMod:SlysStrikes","floor":49,"key":"SMITH"},{"data":"Apotheosis","floor":52,"key":"SMITH"}],"circlet_count":0,"master_deck":["HollowMod:SoulStrike","HollowMod:SoulSplash","HollowMod:RecoilStrike+1","HollowMod:DashSlash","HollowMod:CornifersMapStart","HollowMod:MothsMistake","HollowMod:DashSlash","HollowMod:SiblingsSouls","HollowMod:QuirrelsAssistance","HollowMod:MantisMark","HollowMod:RecoilStrike+1","HollowMod:MantisMark","HollowMod:DashSlash","HollowMod:SharpenedNail","HollowMod:NewLastStag","HollowMod:VengefulSpirit","HollowMod:HornetsHelp+1","HollowMod:SharpenedNail+1","HollowMod:MantisMark","Hallownest:skillCityofTearsMap+1","HollowMod:QuirrelsAssistance+1","HollowMod:CloakDash","HollowMod:HornetsHelp+1","HollowMod:HornetsHelp+1","HollowMod:SlysStrikes+1","Hallownest:attackMasterDashSlash","HollowMod:DashSlash+1","Apotheosis+1","HollowMod:HuntersJournal+1","HollowMod:RecoilStrike+1","Flash of Steel+1","HollowMod:QuirrelsAssistance+1"],"relics":["HollowMod:VesselMask","Unceasing Top","HollowMod:QueensCombRelic","Centennial Puzzle","Shuriken","Blood Vial","Frozen Eye","Eternal Feather","Hallownest:StagBellRelic1","Dream Catcher","Philosopher\u0027s Stone","Ice Cream","HollowMod:KingsBrand","ClockworkSouvenir","Red Mask","Thread and Needle","Nunchaku","Ancient Tea Set","DollysMirror","HollowMod:LumaflyLanternRelic","Sundial","Lee\u0027s Waffle","Gambling Chip","White Beast Statue","Chemical X","Empty Cage","Hallownest:BeastSealRelic","Hallownest:KingsIdolRelic","Medical Kit","Prayer Wheel","CeramicFish","Pocketwatch","Turnip","Pear","Molten Egg 2","Orrery","Hallownest:GodTamersBeastRelic","Sling","Gremlin Horn","Bottled Tornado","FossilizedHelix","Du-Vu Doll","TheAbacus","HollowMod:MillibellesNoteRelic"],"acts_visited":["Exordium","Hallownest:Greenpath","Hallownest:CityofTears","TheEnding"],"potions_floor_usage":[6,16,16,19,22,22,33,33,55,55,55],"damage_taken":[{"damage":0,"enemies":"2_ Uuma","floor":1,"turns":3},{"damage":0,"enemies":"Hallownest:monsterHuskWarrior","floor":2,"turns":4},{"damage":5,"enemies":"Hallownest:2_MossCreeps","floor":3,"turns":2},{"damage":14,"enemies":"Hallownest:eliteCrystalGuardian","floor":6,"turns":3},{"damage":12,"enemies":"Hallownest:eliteMossKnight","floor":10,"turns":5},{"damage":3,"enemies":"Hallownest:monsterFoolEater","floor":13,"turns":2},{"damage":0,"enemies":"Hallownest:monsterMossCharger","floor":14,"turns":2},{"damage":19,"enemies":"Hallownest:BossFalseKnight","floor":16,"turns":5},{"damage":0,"enemies":"Hallownest:2_Mistakes","floor":18,"turns":3},{"damage":0,"enemies":"Hallownest:3_Youths","floor":22,"turns":4},{"damage":0,"enemies":"Hallownest:Warrior_and_Youth","floor":30,"turns":3},{"damage":3,"enemies":"Hallownest:BossGrimm","floor":33,"turns":7},{"damage":0,"enemies":"Hallownest:Shield_Heavy","floor":35,"turns":3},{"damage":0,"enemies":"Hallownest:eliteCollector","floor":40,"turns":5},{"damage":0,"enemies":"Hallownest:3_Siblings","floor":44,"turns":3},{"damage":0,"enemies":"Hallownest:3_Siblings","floor":47,"turns":3},{"damage":0,"enemies":"Hallownest:3_Siblings","floor":47,"turns":2},{"damage":0,"enemies":"Hallownest:3_Siblings","floor":47,"turns":3},{"damage":0,"enemies":"Hallownest:3_Siblings","floor":47,"turns":2},{"damage":3,"enemies":"Hallownest:BossGreyPrinceZote","floor":50,"turns":5},{"damage":0,"enemies":"Shield and Spear","floor":54,"turns":3},{"damage":34,"enemies":"The Heart","floor":55,"turns":6}],"seed_played":"-5375882150970216798","potions_obtained":[{"floor":1,"key":"SpeedPotion"},{"floor":6,"key":"LiquidMemories"},{"floor":14,"key":"Fire Potion"},{"floor":30,"key":"Fire Potion"},{"floor":33,"key":"EssenceOfSteel"},{"floor":35,"key":"AttackPotion"},{"floor":44,"key":"DuplicationPotion"},{"floor":54,"key":"PowerPotion"}],"is_trial":true,"path_per_floor":["M","M","M","$","$","E","?","?","T","E","?","?","M","M","R","B",null,"M","$","?","?","M","R","?","R","T","$","$","?","M","$","R","B",null,"M","?","?","?","$","E","R","R","T","M","?","$","?","$","R","B",null,"R","$","E","B",null],"character_chosen":"THE_BUGKNIGHT","items_purchased":["AttackPotion","HollowMod:QueensCombRelic","Centennial Puzzle","HollowMod:RecoilStrike","HollowMod:DashSlash","Shuriken","Blood Vial","Frozen Eye","HollowMod:MantisMark","HollowMod:DashSlash","Ice Cream","HollowMod:KingsBrand","ClockworkSouvenir","Fruit Juice","Dexterity Potion","EssenceOfSteel","HollowMod:MantisMark","HollowMod:SoulEater","Nunchaku","Ancient Tea Set","HollowMod:CloakDash","DollysMirror","HollowMod:LumaflyLanternRelic","Sundial","Lee\u0027s Waffle","HollowMod:HornetsHelp","Gambling Chip","White Beast Statue","Chemical X","Medical Kit","Prayer Wheel","CeramicFish","Pear","Molten Egg 2","Apotheosis","Orrery","Sling","Gremlin Horn","HollowMod:RecoilStrike+1","Bottled Tornado","FossilizedHelix","Du-Vu Doll","TheAbacus","Flash of Steel+1"],"campfire_rested":0,"item_purchase_floors":[4,4,4,4,4,5,5,5,5,5,19,19,19,19,19,19,19,19,27,27,27,27,28,28,28,28,31,31,31,39,39,39,46,46,46,46,48,48,48,48,53,53,53,53],"current_hp_per_floor":[75,75,70,50,50,36,36,36,36,34,34,34,37,47,50,31,50,50,55,55,55,55,55,55,55,55,55,62,62,62,62,62,59,62,62,62,62,54,54,62,62,62,62,62,57,67,67,67,67,64,67,67,67,67,33],"gold":1111,"neow_bonus":"","is_daily":false,"chose_seed":false,"campfire_upgraded":7,"win_rate":0.0,"timestamp":1608737245,"path_taken":["M","M","?","$","$","E","?","?","T","E","?","?","M","M","R","BOSS","M","$","?","?","?","R","?","R","T","$","$","?","?","?","R","BOSS","M","?","?","?","$","E","R","R","T","?","?","$","?","$","R","BOSS","R","$","E","BOSS"],"items_purchased_type":["Potion","Relic","Relic","Card","Card","Relic","Relic","Relic","Card","Card","Relic","Relic","Relic","Potion","Potion","Potion","Card","Card","Relic","Relic","Card","Relic","Relic","Relic","Relic","Card","Relic","Relic","Relic","Relic","Relic","Relic","Relic","Relic","Card","Relic","Relic","Relic","Card","Relic","Relic","Relic","Relic","Card"],"build_version":"2020-12-22","purchased_purges":8,"victory":true,"max_hp_per_floor":[75,75,75,50,50,50,50,50,50,50,50,50,50,50,50,50,50,50,55,55,55,55,55,55,55,55,55,62,62,62,62,62,62,62,62,62,62,62,62,62,62,62,62,62,57,67,67,67,67,67,67,67,67,67,67],"card_choices":[{"not_picked":["HollowMod:ShadowDash","HollowMod:CrystalDash"],"picked":"HollowMod:QuirrelsAssistance","floor":0},{"not_picked":["HollowMod:DungDefenderAura","HollowMod:HowlingWraiths"],"picked":"HollowMod:GoodIntentions","floor":0},{"not_picked":["HollowMod:DescendingDark","HollowMod:SiblingsShadow"],"picked":"HollowMod:MonomonsArchive","floor":0},{"not_picked":["HollowMod:CloakDash","HollowMod:ChannelNail"],"picked":"HollowMod:CycloneSlash","floor":0},{"not_picked":["HollowMod:NewLittleFool","HollowMod:DescendingDark"],"picked":"HollowMod:SoulStrike","floor":0},{"not_picked":["HollowMod:CornifersMapStart","HollowMod:DashSlash"],"picked":"HollowMod:SoulSplash","floor":0},{"not_picked":["HollowMod:SoulEater","HollowMod:NewJinnsSoul"],"picked":"HollowMod:RecoilStrike","floor":0},{"not_picked":["HollowMod:DoubleDash","HollowMod:BrokenVessel"],"picked":"HollowMod:DashSlash","floor":0},{"not_picked":["HollowMod:TaintedHusks","HollowMod:SharpenedNail"],"picked":"HollowMod:CornifersMapStart","floor":0},{"not_picked":["HollowMod:HeavyBlow","HollowMod:CycloneSlash"],"picked":"HollowMod:DashSlash","floor":0},{"not_picked":["HollowMod:NewLittleFool","HollowMod:FallenFury"],"picked":"HollowMod:GoodIntentions","floor":0},{"not_picked":["HollowMod:SiblingsSouls","HollowMod:NewGlowingWomb"],"picked":"HollowMod:MothsMistake","floor":0},{"not_picked":["HollowMod:GoodIntentions","HollowMod:SiblingsSouls"],"picked":"HollowMod:DashSlash","floor":0},{"not_picked":["HollowMod:TaintedHusks","HollowMod:InfectionAssault"],"picked":"HollowMod:CycloneSlash","floor":0},{"not_picked":["HollowMod:VengefulVoid","HollowMod:HowlingWraiths"],"picked":"HollowMod:SiblingsSouls","floor":0},{"not_picked":["HollowMod:TaintedHusks","HollowMod:ShadowDash","HollowMod:InfectedAttack"],"picked":"SKIP","floor":1},{"not_picked":["HollowMod:InfectionAssault","HollowMod:ShadowDash"],"picked":"HollowMod:GreatSlash","floor":2},{"not_picked":["HollowMod:SoulSplash","HollowMod:DungDefenderAura"],"picked":"HollowMod:MantisMark","floor":3},{"not_picked":["HollowMod:NewLittleFool","HollowMod:PureNailStrike"],"picked":"HollowMod:SharpenedNail","floor":6},{"not_picked":["HollowMod:SoulStrike","HollowMod:RadiancesLament"],"picked":"HollowMod:Grubsong","floor":10},{"not_picked":["HollowMod:ShadowDash","HollowMod:CycloneSlash"],"picked":"HollowMod:VengefulSpirit","floor":13},{"not_picked":["HollowMod:NewJinnsSoul","HollowMod:GoodIntentions","HollowMod:NewGlowingWomb"],"picked":"SKIP","floor":14},{"not_picked":["HollowMod:ZotesMagnificence","HollowMod:PaleKingsBlessing"],"picked":"HollowMod:HornetsHelp","floor":16},{"not_picked":["HollowMod:HeavyBlow","HollowMod:SiblingsSouls"],"picked":"HollowMod:SharpenedNail+1","floor":18},{"not_picked":["HollowMod:CycloneSlash+1","HollowMod:MonomonsArchive+1"],"picked":"HollowMod:QuirrelsAssistance+1","floor":22},{"not_picked":["HollowMod:DescendingDark","HollowMod:BrokenVessel+1","HollowMod:SoulEater"],"picked":"SKIP","floor":30},{"not_picked":["HollowMod:Hiveblood","HollowMod:AwokenDreamNail"],"picked":"HollowMod:SlysStrikes","floor":33},{"not_picked":["HollowMod:LuriensSpire","HollowMod:NewJinnsSoul+1","HollowMod:ShadowDash+1"],"picked":"SKIP","floor":35},{"not_picked":["HollowMod:VengefulSpirit+1","HollowMod:InfectedCysts+1"],"picked":"HollowMod:DashSlash+1","floor":40},{"not_picked":["HollowMod:Grubsong+1","HollowMod:BlackTendrils+1","HollowMod:DescendingDark+1"],"picked":"SKIP","floor":44},{"not_picked":["HollowMod:SiblingsSouls","HollowMod:SoulMaster","HollowMod:CloakDash"],"picked":"SKIP","floor":44},{"not_picked":["HollowMod:CornifersMapStart","HollowMod:HowlingWraiths+1"],"picked":"HollowMod:HuntersJournal+1","floor":46},{"not_picked":["HollowMod:SharpenedNail+1","HollowMod:GoodIntentions"],"picked":"HollowMod:QuirrelsAssistance+1","floor":54}],"player_experience":290881,"relics_obtained":[{"floor":6,"key":"Eternal Feather"},{"floor":10,"key":"Dream Catcher"},{"floor":26,"key":"Thread and Needle"},{"floor":40,"key":"Pocketwatch"},{"floor":43,"key":"Turnip"},{"floor":54,"key":"HollowMod:MillibellesNoteRelic"}],"event_choices":[],"is_beta":false,"boss_relics":[{"not_picked":["Sozu","Fusion Hammer"],"picked":"Philosopher\u0027s Stone"},{"not_picked":["SacredBark","Tiny House"],"picked":"Empty Cage"}],"items_purged_floors":[4,5,19,27,28,39,46,53],"is_endless":false,"potions_floor_spawned":[1,6,14,30,33,35,40,44,47,47,47,47,54],"ascension_level":0}}