{"host":"12piqfhmdln9x2la","time":1608734377,"event":{"mods":["2.2 Compatiblity","AchievementEnabler","BaseMod","BetterRewards","Colored Powertips","Minty Spire (QoL Compilation)","Quick Restart","SuperFastMode"],"gold_per_floor":[110,110,128,59,59,59,76,109,109,138,154,186,197,197,197,296,296,306,42,62,62,75,75,110,110,110,137,137,137,162,180,180,279,279,292,305,316,366,366,366,366],"floor_reached":40,"playtime":864,"items_purged":["Pain"],"score":593,"play_id":"35f24112-65bf-42c9-9e58-1ee4c2c56aa4","local_time":"20201223233937","is_ascension_mode":true,"campfire_choices":[{"data":"Rupture","floor":6,"key":"SMITH"},{"data":"Heavy Blade","floor":15,"key":"SMITH"},{"data":"Limit Break","floor":23,"key":"SMITH"},{"floor":25,"key":"RECALL"},{"data":"Seeing Red","floor":32,"key":"SMITH"}],"circlet_count":0,"master_deck":["Strike_R","Strike_R","Strike_R","Strike_R","Defend_R","Defend_R","Defend_R","Bash","Whirlwind","Armaments","Rupture+1","Thunderclap","Cleave","Heavy Blade+1","Spot Weakness","Demon Form+1","Anger","Limit Break+1","Inflame","Flex","Armaments+1","Exhume","Flex+1","Seeing Red+1","Pommel Strike","Brutality","Searing Blow+1","Flex+1","Pummel"],"relics":["Burning Blood","NeowsBlessing","Eternal Feather","WarpedTongs","Ancient Tea Set","Question Card","Pen Nib","Bronze Scales","Sozu","Juzu Bracelet","Meat on the Bone","Pantograph","Incense Burner","Anchor","Empty Cage","Thread and Needle"],"acts_visited":["Exordium","TheCity","TheBeyond"],"potions_floor_usage":[13,16,40],"damage_taken":[{"damage":0,"enemies":"Jaw Worm","floor":1,"turns":1},{"damage":0,"enemies":"Cultist","floor":3,"turns":1},{"damage":0,"enemies":"Small Slimes","floor":7,"turns":1},{"damage":26,"enemies":"Lagavulin","floor":8,"turns":5},{"damage":44,"enemies":"3 Sentries","floor":10,"turns":6},{"damage":15,"enemies":"Looter","floor":11,"turns":3},{"damage":9,"enemies":"Gremlin Nob","floor":12,"turns":3},{"damage":3,"enemies":"Gremlin Gang","floor":13,"turns":2},{"damage":6,"enemies":"Slime Boss","floor":16,"turns":5},{"damage":13,"enemies":"Spheric Guardian","floor":18,"turns":3},{"damage":2,"enemies":"Chosen","floor":20,"turns":4},{"damage":29,"enemies":"Centurion and Healer","floor":22,"turns":3},{"damage":22,"enemies":"Gremlin Leader","floor":24,"turns":3},{"damage":41,"enemies":"Book of Stabbing","floor":27,"turns":4},{"damage":27,"enemies":"Gremlin Leader","floor":30,"turns":5},{"damage":15,"enemies":"Snake Plant","floor":31,"turns":4},{"damage":45,"enemies":"Champ","floor":33,"turns":7},{"damage":10,"enemies":"3 Shapes","floor":35,"turns":1},{"damage":12,"enemies":"3 Darklings","floor":36,"turns":3},{"damage":42,"enemies":"Writhing Mass","floor":37,"turns":4},{"damage":49,"enemies":"Mind Bloom Boss Battle","floor":38,"turns":6},{"damage":61,"enemies":"Nemesis","floor":40,"turns":5}],"seed_played":"1888486814976859480","potions_obtained":[{"floor":1,"key":"LiquidMemories"},{"floor":3,"key":"BloodPotion"},{"floor":11,"key":"EssenceOfSteel"}],"is_trial":false,"path_per_floor":["M","?","M","$","?","R","M","E","T","E","M","E","M","?","R","B",null,"M","$","M","$","M","R","E","R","T","E","?","?","E","M","R","B",null,"M","M","M","?","T","E"],"character_chosen":"IRONCLAD","items_purchased":["Rupture","Inflame","Juzu Bracelet"],"campfire_rested":0,"item_purchase_floors":[4,19,19],"current_hp_per_floor":[80,62,68,68,68,74,80,60,60,22,13,10,13,13,25,25,80,73,73,77,77,54,66,50,62,62,39,39,39,30,33,48,46,80,76,70,46,40,40,0,0],"gold":366,"neow_bonus":"THREE_ENEMY_KILL","is_daily":false,"chose_seed":false,"campfire_upgraded":4,"win_rate":0.0,"timestamp":1608734377,"path_taken":["M","?","M","$","?","R","M","E","T","E","M","E","?","?","R","BOSS","M","$","M","?","M","R","E","R","T","E","?","?","E","M","R","BOSS","M","M","M","?","?","E"],"items_purchased_type":["Card","Card","Relic"],"build_version":"2020-12-22","purchased_purges":1,"victory":false,"max_hp_per_floor":[80,80,80,80,80,80,80,80,80,80,80,80,80,80,80,80,80,80,80,80,80,80,80,80,80,80,80,80,80,80,80,80,80,80,80,80,80,80,80,80,80],"card_choices":[{"not_picked":["Combust","Dark Embrace"],"picked":"Whirlwind","floor":1},{"not_picked":["Dark Embrace","Anger"],"picked":"Armaments","floor":3},{"not_picked":["Headbutt","Wild Strike"],"picked":"Thunderclap","floor":7},{"not_picked":["Entrench","Dropkick"],"picked":"Cleave","floor":8},{"not_picked":["Sword Boomerang","Headbutt","Body Slam"],"picked":"Heavy Blade","floor":10},{"not_picked":["Shrug It Off","Havoc","Combust"],"picked":"Spot Weakness","floor":11},{"not_picked":["Carnage","Fire Breathing","Warcry"],"picked":"Demon Form","floor":12},{"not_picked":["Metallicize","Havoc","Rupture"],"picked":"Anger","floor":13},{"not_picked":["Barricade","Double Tap","Juggernaut"],"picked":"Limit Break","floor":16},{"not_picked":["Thunderclap+1","True Grit","Dual Wield","Shockwave+1"],"picked":"SKIP","floor":18},{"not_picked":["Iron Wave","Disarm+1","Spot Weakness"],"picked":"Flex","floor":20},{"not_picked":["Dropkick+1","Rupture+1","Rage"],"picked":"Armaments+1","floor":22},{"not_picked":["Second Wind","Flame Barrier","Whirlwind+1"],"picked":"Exhume","floor":24},{"not_picked":["Whirlwind","Seeing Red","Reaper"],"picked":"Flex+1","floor":27},{"not_picked":["Metallicize","Armaments","Iron Wave"],"picked":"Seeing Red","floor":30},{"not_picked":["True Grit","Armaments","Headbutt"],"picked":"Pommel Strike","floor":31},{"not_picked":["Barricade","Juggernaut","Fiend Fire"],"picked":"Brutality","floor":33},{"not_picked":["Bloodletting","Clash","Wild Strike+1","Clothesline"],"picked":"SKIP","floor":35},{"not_picked":["Dark Embrace+1","Uppercut","Clash"],"picked":"Searing Blow+1","floor":36},{"not_picked":["Whirlwind+1","Entrench+1","Warcry"],"picked":"Flex+1","floor":37},{"not_picked":["Ghostly Armor","Body Slam","Fiend Fire"],"picked":"Pummel","floor":38}],"player_experience":111796,"relics_obtained":[{"floor":8,"key":"Ancient Tea Set"},{"floor":9,"key":"Question Card"},{"floor":10,"key":"Pen Nib"},{"floor":12,"key":"Bronze Scales"},{"floor":24,"key":"Meat on the Bone"},{"floor":26,"key":"Pantograph"},{"floor":27,"key":"Incense Burner"},{"floor":30,"key":"Anchor"},{"floor":38,"key":"Thread and Needle"}],"event_choices":[{"damage_healed":0,"gold_gain":0,"player_choice":"Success","damage_taken":18,"relics_obtained":["Eternal Feather"],"max_hp_gain":0,"max_hp_loss":0,"event_name":"Scrap Ooze","floor":2,"gold_loss":0},{"damage_healed":0,"gold_gain":0,"player_choice":"Rummage","damage_taken":0,"relics_obtained":["WarpedTongs"],"max_hp_gain":0,"max_hp_loss":0,"event_name":"Accursed Blacksmith","floor":5,"gold_loss":0,"cards_obtained":["Pain"]},{"damage_healed":0,"gold_gain":0,"player_choice":"Upgraded","damage_taken":0,"max_hp_gain":0,"max_hp_loss":0,"event_name":"Upgrade Shrine","floor":14,"gold_loss":0,"cards_upgraded":["Demon Form"]},{"damage_healed":0,"gold_gain":0,"player_choice":"Bought 0 Potions","damage_taken":0,"max_hp_gain":0,"max_hp_loss":0,"event_name":"The Woman in Blue","floor":28,"gold_loss":0},{"damage_healed":0,"gold_gain":0,"player_choice":"0 cards matched","damage_taken":0,"max_hp_gain":0,"max_hp_loss":0,"event_name":"Match and Keep!","floor":29,"gold_loss":0,"cards_obtained":[]},{"damage_healed":0,"gold_gain":0,"player_choice":"Fight","damage_taken":0,"max_hp_gain":0,"max_hp_loss":0,"event_name":"MindBloom","floor":38,"gold_loss":0}],"is_beta":false,"boss_relics":[{"not_picked":["Snecko Eye","Runic Pyramid"],"picked":"Sozu"},{"not_picked":["SacredBark","Cursed Key"],"picked":"Empty Cage"}],"items_purged_floors":[19],"is_endless":false,"potions_floor_spawned":[1,3,11,18,22,30,33,36,38],"killed_by":"Nemesis","ascension_level":2}}