{"host":"fjaupvxe7fzqrf4j","time":1608710924,"event":{"mods":["BaseMod","Minty Spire (QoL Compilation)","StSLib"],"gold_per_floor":[113,38,38,38,38,72,112,146,146,189,189,232,265,265,265,364,364,389,173,173,173,173,212,255,298,298,336,336,380,420,464,464,555,555,579,579,592,1591,994,1032,1070,1070,1070,1110,1155,475,509,4,4,4,4,4,4,4,44,44],"floor_reached":57,"playtime":1275,"items_purged":["Dagger Throw","Bullet Time+1","Flechettes+1","Infinite Blades+1"],"score":4636,"play_id":"687ff87a-63fd-416f-8ad8-940e3d5f8d7f","local_time":"20201223160844","daily_mods":["SealedDeck","Heirloom","Time Dilation","Flight","Elite Swarm"],"is_ascension_mode":true,"campfire_choices":[{"data":"Tactician","floor":11.0,"key":"SMITH"},{"data":"Acrobatics","floor":15.0,"key":"SMITH"},{"data":"Terror","floor":28.0,"key":"SMITH"},{"data":"Adrenaline","floor":32.0,"key":"SMITH"},{"data":"Backflip","floor":42.0,"key":"SMITH"},{"floor":49.0,"key":"RECALL"},{"data":"Master of Strategy","floor":53.0,"key":"SMITH"}],"circlet_count":0,"master_deck":["AscendersBane","Acrobatics+1","Footwork+1","Reflex+1","Tactician+1","Acrobatics+1","Adrenaline+1","Grand Finale+1","Escape Plan","Well Laid Plans+1","Terror+1","Backflip+1","After Image+1","Master of Strategy+1"],"relics":["Ring of the Snake","Thread and Needle","Golden Idol","Gremlin Horn","Omamori","Tingsha","Bag of Preparation","Boot","Frozen Egg 2","Art of War","Astrolabe","Meat on the Bone","Bird Faced Urn","Matryoshka","Mercury Hourglass","Blue Candle","Darkstone Periapt","Turnip","Incense Burner","Coffee Dripper","Du-Vu Doll","Toolbox","The Specimen","CeramicFish","Juzu Bracelet","Tough Bandages","Paper Crane","HornCleat","War Paint","Anchor","Kunai","Whetstone","Lantern","OrangePellets","Lizard Tail"],"acts_visited":["Exordium","TheCity","TheBeyond","TheEnding"],"potions_floor_usage":[56,56],"damage_taken":[{"damage":0.0,"enemies":"2 Louse","floor":1.0,"turns":1.0},{"damage":0.0,"enemies":"Gremlin Nob","floor":6.0,"turns":2.0},{"damage":0.0,"enemies":"3 Sentries","floor":7.0,"turns":1.0},{"damage":0.0,"enemies":"Lagavulin","floor":8.0,"turns":1.0},{"damage":0.0,"enemies":"Gremlin Nob","floor":10.0,"turns":1.0},{"damage":0.0,"enemies":"Lagavulin","floor":12.0,"turns":1.0},{"damage":0.0,"enemies":"Gremlin Nob","floor":13.0,"turns":1.0},{"damage":0.0,"enemies":"The Guardian","floor":16.0,"turns":1.0},{"damage":0.0,"enemies":"Shell Parasite","floor":18.0,"turns":1.0},{"damage":0.0,"enemies":"Slavers","floor":23.0,"turns":1.0},{"damage":0.0,"enemies":"Gremlin Leader","floor":24.0,"turns":1.0},{"damage":0.0,"enemies":"Book of Stabbing","floor":25.0,"turns":1.0},{"damage":0.0,"enemies":"Slavers","floor":27.0,"turns":1.0},{"damage":0.0,"enemies":"Gremlin Leader","floor":29.0,"turns":1.0},{"damage":0.0,"enemies":"Slavers","floor":30.0,"turns":1.0},{"damage":0.0,"enemies":"Book of Stabbing","floor":31.0,"turns":1.0},{"damage":0.0,"enemies":"Champ","floor":33.0,"turns":1.0},{"damage":0.0,"enemies":"3 Shapes","floor":35.0,"turns":1.0},{"damage":0.0,"enemies":"3 Darklings","floor":37.0,"turns":1.0},{"damage":0.0,"enemies":"Giant Head","floor":40.0,"turns":1.0},{"damage":0.0,"enemies":"Reptomancer","floor":41.0,"turns":2.0},{"damage":0.0,"enemies":"Nemesis","floor":44.0,"turns":1.0},{"damage":0.0,"enemies":"Giant Head","floor":45.0,"turns":1.0},{"damage":0.0,"enemies":"Nemesis","floor":47.0,"turns":1.0},{"damage":0.0,"enemies":"Donu and Deca","floor":50.0,"turns":1.0},{"damage":0.0,"enemies":"Awakened One","floor":51.0,"turns":2.0},{"damage":0.0,"enemies":"Shield and Spear","floor":55.0,"turns":1.0},{"damage":0,"enemies":"The Heart","floor":56,"turns":4}],"seed_played":"3711201983576976426","potions_obtained":[{"floor":6.0,"key":"Weak Potion"},{"floor":10.0,"key":"Weak Potion"},{"floor":30.0,"key":"DuplicationPotion"}],"is_trial":true,"path_per_floor":["M","$","?","?","?","E","E","E","T","E","R","E","E","T","R","B",null,"M","$","?","?","?","E","E","E","T","E","R","E","E","E","R","B",null,"M","?","M","?","$","E","E","R","T","E","E","$","E","$","R","B","B",null,"R","$","E","B",null],"character_chosen":"THE_SILENT","items_purchased":["Well Laid Plans+1","Terror","Du-Vu Doll","Toolbox","War Paint","Anchor","Master of Strategy","Whetstone","Lantern","OrangePellets"],"campfire_rested":0,"item_purchase_floors":[19,19,39,39,46,46,46,48,48,48],"current_hp_per_floor":[59,59,36,29,29,29,29,29,29,29,29,29,29,29,29,29,57,57,57,57,57,53,53,53,57,57,59,59,63,66,66,66,66,66,66,66,66,66,66,66,66,66,66,66,66,66,66,66,66,66,66,66,66,66,66,66],"gold":44,"neow_bonus":"","is_daily":false,"chose_seed":false,"campfire_upgraded":6,"win_rate":0.0,"timestamp":1608710924,"path_taken":["M","$","?","?","?","E","E","E","T","E","R","E","E","?","R","BOSS","M","$","?","?","?","E","E","E","T","E","R","E","E","E","R","BOSS","M","?","?","?","$","E","E","R","T","E","E","$","E","?","R","BOSS","BOSS","R","$","E","BOSS"],"items_purchased_type":["Card","Card","Relic","Relic","Relic","Relic","Card","Relic","Relic","Relic"],"build_version":"2020-12-22","purchased_purges":4,"victory":true,"max_hp_per_floor":[66,66,66,66,66,66,66,66,66,66,66,66,66,66,66,66,66,66,66,66,66,66,66,66,66,66,66,66,66,66,66,66,66,66,66,66,66,66,66,66,66,66,66,66,66,66,66,66,66,66,66,66,66,66,66,66],"card_choices":[{"not_picked":["Deadly Poison","Sucker Punch","Predator"],"picked":"SKIP","floor":1.0},{"not_picked":["A Thousand Cuts","Unload","Venomology"],"picked":"SKIP","floor":6.0},{"not_picked":["Unload","Tools of the Trade"],"picked":"Adrenaline","floor":7.0},{"not_picked":["Bullet Time","Venomology","Corpse Explosion"],"picked":"SKIP","floor":8.0},{"not_picked":["Burst","Bullet Time"],"picked":"Grand Finale","floor":10.0},{"not_picked":["Grand Finale","Envenom","Malaise"],"picked":"SKIP","floor":12.0},{"not_picked":["Malaise","Wraith Form v2+1","Unload"],"picked":"SKIP","floor":13.0},{"not_picked":["Outmaneuver","Acrobatics"],"picked":"Escape Plan","floor":18.0},{"not_picked":["Unload","Venomology","A Thousand Cuts+1"],"picked":"SKIP","floor":23.0},{"not_picked":["Venomology","Envenom+1","Corpse Explosion"],"picked":"SKIP","floor":24.0},{"not_picked":["Storm of Steel","Phantasmal Killer","Glass Knife"],"picked":"SKIP","floor":25.0},{"not_picked":["Tools of the Trade+1","Unload","Doppelganger"],"picked":"SKIP","floor":27.0},{"not_picked":["Corpse Explosion","Venomology","Tools of the Trade+1"],"picked":"SKIP","floor":29.0},{"not_picked":["Corpse Explosion","Tools of the Trade+1","Grand Finale"],"picked":"SKIP","floor":30.0},{"not_picked":["Corpse Explosion","Adrenaline","Burst"],"picked":"SKIP","floor":31.0},{"not_picked":["Prepared","Skewer"],"picked":"Backflip","floor":35.0},{"not_picked":["Dash+1","Blade Dance+1","Deadly Poison"],"picked":"SKIP","floor":37.0},{"not_picked":["Phantasmal Killer","Night Terror","Tools of the Trade+1"],"picked":"SKIP","floor":40.0},{"not_picked":["Phantasmal Killer","Adrenaline","Bullet Time"],"picked":"SKIP","floor":41.0},{"not_picked":["Wraith Form v2+1","Tools of the Trade+1","Adrenaline"],"picked":"SKIP","floor":44.0},{"not_picked":["Grand Finale","Envenom+1"],"picked":"After Image+1","floor":45.0},{"not_picked":["Night Terror","Wraith Form v2+1","Burst"],"picked":"SKIP","floor":47.0},{"not_picked":["A Thousand Cuts+1","Die Die Die","After Image+1"],"picked":"SKIP","floor":55.0}],"player_experience":253854,"relics_obtained":[{"floor":6.0,"key":"Gremlin Horn"},{"floor":7.0,"key":"Omamori"},{"floor":8.0,"key":"Tingsha"},{"floor":10.0,"key":"Bag of Preparation"},{"floor":12.0,"key":"Boot"},{"floor":13.0,"key":"Frozen Egg 2"},{"floor":14.0,"key":"Art of War"},{"floor":23.0,"key":"Meat on the Bone"},{"floor":24.0,"key":"Bird Faced Urn"},{"floor":25.0,"key":"Matryoshka"},{"floor":26.0,"key":"Mercury Hourglass"},{"floor":26.0,"key":"Blue Candle"},{"floor":27.0,"key":"Darkstone Periapt"},{"floor":30.0,"key":"Turnip"},{"floor":31.0,"key":"Incense Burner"},{"floor":40.0,"key":"The Specimen"},{"floor":41.0,"key":"CeramicFish"},{"floor":43.0,"key":"Juzu Bracelet"},{"floor":43.0,"key":"Tough Bandages"},{"floor":44.0,"key":"Paper Crane"},{"floor":45.0,"key":"HornCleat"},{"floor":47.0,"key":"Kunai"},{"floor":55.0,"key":"Lizard Tail"}],"event_choices":[{"damage_healed":0.0,"max_hp_gain":0.0,"max_hp_loss":0.0,"gold_gain":0.0,"event_name":"Golden Idol","player_choice":"Take Damage","floor":3.0,"gold_loss":0.0,"damage_taken":23.0,"relics_obtained":["Golden Idol"]},{"cards_removed":["Acrobatics"],"damage_healed":0.0,"max_hp_gain":0.0,"max_hp_loss":0.0,"gold_gain":0.0,"event_name":"Golden Wing","player_choice":"Card Removal","floor":4.0,"gold_loss":0.0,"damage_taken":7.0},{"damage_healed":0.0,"max_hp_gain":0.0,"max_hp_loss":0.0,"gold_gain":0.0,"event_name":"Liars Game","player_choice":"Ignored","floor":5.0,"gold_loss":0.0,"damage_taken":0.0},{"damage_healed":0.0,"max_hp_gain":0.0,"max_hp_loss":0.0,"gold_gain":0.0,"event_name":"Cursed Tome","player_choice":"Ignored","floor":20.0,"gold_loss":0.0,"damage_taken":0.0},{"damage_healed":0.0,"max_hp_gain":0.0,"max_hp_loss":0.0,"gold_gain":0.0,"event_name":"The Mausoleum","player_choice":"Ignored","floor":21.0,"gold_loss":0.0,"damage_taken":0.0},{"damage_healed":0.0,"max_hp_gain":0.0,"max_hp_loss":0.0,"gold_gain":0.0,"event_name":"The Woman in Blue","player_choice":"Bought 0 Potions","floor":22.0,"gold_loss":0.0,"damage_taken":0.0},{"damage_healed":0.0,"max_hp_gain":0.0,"max_hp_loss":0.0,"gold_gain":0.0,"event_name":"Accursed Blacksmith","player_choice":"Forge","floor":36.0,"gold_loss":0.0,"damage_taken":0.0,"cards_upgraded":["Footwork"]},{"damage_healed":0.0,"max_hp_gain":0.0,"max_hp_loss":0.0,"gold_gain":999.0,"event_name":"MindBloom","player_choice":"Gold","floor":38.0,"gold_loss":0.0,"damage_taken":0.0,"cards_obtained":["Normality","Normality"]}],"is_beta":false,"boss_relics":[{"not_picked":["Ectoplasm","Cursed Key"],"picked":"Astrolabe"},{"not_picked":["Runic Dome","Calling Bell"],"picked":"Coffee Dripper"}],"items_purged_floors":[2,19,39,46],"is_endless":false,"potions_floor_spawned":[6,10,13,23,27,30,31,35,41,45,47,55],"ascension_level":20}}