{"host":"w7dhjqgqsib0c3vt","time":1608733385,"event":{"mods":["ATMod(°¢èªMod)","BaseMod","Minty Spire (QoL Compilation)","Shop Mod","StSLib","TheWitcher"],"gold_per_floor":[115,23,23,41,59,89,89,89,141,160,190,190,190,208,208,327,327,346,346,346,366,8,46,85,124,147,190,220,220,354,388,388,517,526,559,44,68,401,427,427,463,463,487,39,67,67,27,49,49,49],"floor_reached":51,"playtime":1632,"items_purged":["Writhe"],"score":1267,"play_id":"cbc47e74-779a-4bfe-ac5e-d4b7f8da6c64","local_time":"20201223222305","is_ascension_mode":true,"campfire_choices":[{"data":"AT_Desolate","floor":8.0,"key":"SMITH"},{"floor":12.0,"key":"REST"},{"data":"Berserk","floor":15.0,"key":"SMITH"},{"data":"Apotheosis","floor":29,"key":"SMITH"},{"floor":32,"key":"REST"},{"data":"AT_IchimonjiDouble","floor":40,"key":"SMITH"},{"data":"Limit Break","floor":42,"key":"SMITH"},{"data":"Demon Form","floor":49,"key":"SMITH"}],"circlet_count":0,"master_deck":["AscendersBane","Strike_R","Strike_R","Strike_R","Strike_R","Defend_R","Defend_R+1","Defend_R","Defend_R+1","Bash+1","AT_Desolate+1","Inflame","Headbutt","Dual Wield","Thunderclap","Berserk+1","Anger","AT_DrawKnifeCut","Injury","Wild Strike","Demon Form+1","Cleave","Whirlwind","Apotheosis+1","Flex","AT_BodySlamDance","Shockwave","Limit Break+1","AT_ManFootWork","Body Slam+1","Warcry","AT_BodySlamDance+1","Impervious+1","Limit Break+1","CurseOfTheBell","Disarm+1","AT_Desolate+1","Seeing Red+1","Spot Weakness+1","AT_IchimonjiDouble+1","Inflame","Demon Form","Flex+1","Iron Wave+1","Rupture","Offering+1","Blood for Blood+1","Flex+1"],"relics":["Burning Blood","AT_ATBox","Pen Nib","Bronze Scales","Odd Mushroom","Mark of Pain","Meat on the Bone","CaptainsWheel","WingedGreaves","AT_ArcaneBoots","Vajra","CeramicFish","AT_ImmortalShieldbow","Thread and Needle","Toxic Egg 2","Calling Bell","AT_SunfireAegis","Shuriken","AT_Kusabimaru","DollysMirror","Red Skull","Bird Faced Urn","Strawberry","AT_Manta"],"acts_visited":["Exordium","TheCity","TheBeyond"],"potions_floor_usage":[18,24,25,27,30,41,47,50,50],"damage_taken":[{"damage":10.0,"enemies":"Small Slimes","floor":1.0,"turns":3.0},{"damage":2.0,"enemies":"Cultist","floor":4.0,"turns":4.0},{"damage":4.0,"enemies":"2 Louse","floor":5.0,"turns":3.0},{"damage":22.0,"enemies":"Lagavulin","floor":6.0,"turns":5.0},{"damage":6.0,"enemies":"Looter","floor":10.0,"turns":2.0},{"damage":13.0,"enemies":"The Mushroom Lair","floor":11.0,"turns":4.0},{"damage":10.0,"enemies":"3 Louse","floor":14.0,"turns":2.0},{"damage":30.0,"enemies":"Slime Boss","floor":16.0,"turns":4.0},{"damage":0,"enemies":"3 Byrds","floor":18,"turns":2},{"damage":7,"enemies":"Chosen","floor":21,"turns":4},{"damage":5,"enemies":"Gremlin Leader","floor":23,"turns":3},{"damage":18,"enemies":"Book of Stabbing","floor":24,"turns":3},{"damage":24,"enemies":"Gremlin Leader","floor":25,"turns":3},{"damage":38,"enemies":"Slavers","floor":27,"turns":5},{"damage":27,"enemies":"Shelled Parasite and Fungi","floor":28,"turns":3},{"damage":18,"enemies":"Colosseum Slavers","floor":30,"turns":3},{"damage":31,"enemies":"Colosseum Nobs","floor":30,"turns":4},{"damage":5,"enemies":"Cultist and Chosen","floor":31,"turns":4},{"damage":0,"enemies":"Champ","floor":33,"turns":4},{"damage":6,"enemies":"3 Shapes","floor":35,"turns":3},{"damage":16,"enemies":"3 Darklings","floor":37,"turns":2},{"damage":2,"enemies":"Sphere and 2 Shapes","floor":39,"turns":3},{"damage":63,"enemies":"Reptomancer","floor":41,"turns":4},{"damage":1,"enemies":"Maw","floor":45,"turns":4},{"damage":0,"enemies":"Transient","floor":48,"turns":5},{"damage":68,"enemies":"Awakened One","floor":50,"turns":6}],"seed_played":"3695652894819607306","potions_obtained":[{"floor":1.0,"key":"FairyPotion"},{"floor":4.0,"key":"DuplicationPotion"},{"floor":7.0,"key":"DuplicationPotion"},{"floor":21,"key":"EssenceOfSteel"},{"floor":24,"key":"Strength Potion"},{"floor":25,"key":"BloodPotion"},{"floor":27,"key":"SteroidPotion"},{"floor":35,"key":"Fire Potion"},{"floor":45,"key":"SkillPotion"},{"floor":47,"key":"Fruit Juice"},{"floor":47,"key":"Regen Potion"}],"is_trial":false,"path_per_floor":["M","$","?","M","M","E","?","R","T","M","?","R","?","M","R","B",null,"M","?","?","M","$","E","E","E","T","E","M","R","?","M","R","B",null,"M","$","M","?","M","R","E","R","T","$","M","?","?","M","R","B",null],"character_chosen":"IRONCLAD","items_purchased":["Inflame","Headbutt","Apotheosis","Flex","AT_BodySlamDance","DollysMirror","Red Skull","Seeing Red+1","Spot Weakness+1","AT_IchimonjiDouble","Inflame","AT_Manta","Rupture","Offering+1"],"campfire_rested":2,"item_purchase_floors":[2,2,22,22,22,36,36,36,36,36,36,44,44,44],"current_hp_per_floor":[68,68,52,56,58,42,42,42,42,42,35,59,59,55,55,31,68,74,74,74,73,73,74,62,56,56,52,43,43,47,48,72,78,80,80,80,70,70,74,74,70,70,77,77,86,86,91,92,92,60],"gold":49,"neow_bonus":"UPGRADE_CARD","is_daily":false,"chose_seed":false,"campfire_upgraded":6,"win_rate":0.0,"timestamp":1608733385,"path_taken":["M","$","?","M","M","E","?","R","T","?","?","R","?","M","R","BOSS","M","?","?","M","$","E","E","E","T","E","?","R","?","M","R","BOSS","M","$","M","?","M","R","E","R","T","$","M","?","?","?","R","BOSS"],"items_purchased_type":["Card","Card","Card","Card","Card","Relic","Relic","Card","Card","Card","Card","Relic","Card","Card"],"build_version":"2020-12-22","purchased_purges":1,"victory":true,"max_hp_per_floor":[80,80,80,80,80,80,80,80,80,80,80,80,80,80,80,80,80,80,80,80,80,80,80,80,80,80,80,80,80,80,80,80,80,80,80,80,80,80,80,80,80,80,87,87,87,87,92,92,92,92],"card_choices":[{"not_picked":["Shrug It Off","Anger"],"picked":"Ghostly Armor","floor":1.0},{"not_picked":["Havoc","Thunderclap"],"picked":"Dual Wield","floor":4.0},{"not_picked":["Combust","Rage"],"picked":"Thunderclap","floor":5.0},{"not_picked":["Sentinel","Heavy Blade"],"picked":"Berserk","floor":6.0},{"not_picked":["Headbutt","Body Slam"],"picked":"Anger","floor":10.0},{"not_picked":["Pommel Strike","Warcry"],"picked":"AT_DrawKnifeCut","floor":11.0},{"not_picked":["AT_BodySlamDance","Twin Strike"],"picked":"Wild Strike","floor":14.0},{"not_picked":["Juggernaut","Corruption"],"picked":"Demon Form","floor":16.0},{"not_picked":["Headbutt","Sword Boomerang"],"picked":"Cleave","floor":18},{"not_picked":["Thunderclap","Flex"],"picked":"Whirlwind","floor":21},{"not_picked":["Intimidate","Twin Strike"],"picked":"Shockwave","floor":23},{"not_picked":["Infernal Blade","Feel No Pain+1"],"picked":"Limit Break","floor":24},{"not_picked":["Dark Embrace+1","Reckless Charge"],"picked":"AT_ManFootWork","floor":25},{"not_picked":["Shrug It Off","Armaments"],"picked":"Body Slam+1","floor":27},{"not_picked":["Iron Wave","Searing Blow"],"picked":"Warcry","floor":28},{"not_picked":["Sever Soul","Flex+1"],"picked":"AT_BodySlamDance+1","floor":30},{"not_picked":["Shockwave+1","Perfected Strike"],"picked":"Impervious+1","floor":31},{"not_picked":["Brutality","Berserk"],"picked":"Limit Break+1","floor":33},{"not_picked":["Clothesline+1","Bloodletting+1"],"picked":"Disarm+1","floor":35},{"not_picked":["Havoc+1","Pummel"],"picked":"Demon Form","floor":37},{"not_picked":["Headbutt+1","Perfected Strike+1"],"picked":"Flex+1","floor":39},{"not_picked":["Havoc+1","True Grit+1"],"picked":"Iron Wave+1","floor":41},{"not_picked":["Shrug It Off+1","Pommel Strike"],"picked":"Blood for Blood+1","floor":45},{"not_picked":["Headbutt","Body Slam"],"picked":"Flex+1","floor":48}],"player_experience":571614,"relics_obtained":[{"floor":6.0,"key":"Pen Nib"},{"floor":9.0,"key":"Bronze Scales"},{"floor":11.0,"key":"Odd Mushroom"},{"floor":23,"key":"WingedGreaves"},{"floor":24,"key":"AT_SpeedBoots"},{"floor":25,"key":"Vajra"},{"floor":26,"key":"CeramicFish"},{"floor":27,"key":"AT_ImmortalShieldbow"},{"floor":30,"key":"Thread and Needle"},{"floor":30,"key":"Toxic Egg 2"},{"floor":34,"key":"AT_SunfireAegis"},{"floor":34,"key":"Shuriken"},{"floor":34,"key":"AT_Kusabimaru"},{"floor":41,"key":"Bird Faced Urn"},{"floor":43,"key":"Strawberry"}],"event_choices":[{"damage_healed":0.0,"max_hp_gain":0.0,"max_hp_loss":0.0,"gold_gain":0.0,"event_name":"Shining Light","player_choice":"Entered Light","floor":3.0,"gold_loss":0.0,"damage_taken":16.0,"cards_upgraded":["Defend_R","Defend_R"]},{"damage_healed":0.0,"max_hp_gain":0.0,"max_hp_loss":0.0,"gold_gain":0.0,"event_name":"Lab","player_choice":"Got Potions","floor":7.0,"gold_loss":0.0,"damage_taken":0.0},{"damage_healed":0.0,"max_hp_gain":0.0,"max_hp_loss":0.0,"gold_gain":0.0,"event_name":"Mushrooms","player_choice":"Fought Mushrooms","floor":11.0,"gold_loss":0.0,"damage_taken":0.0},{"damage_healed":0.0,"max_hp_gain":0.0,"max_hp_loss":0.0,"gold_gain":0.0,"event_name":"Golden Idol","player_choice":"Take Wound","floor":13.0,"gold_loss":0.0,"damage_taken":0.0,"relics_obtained":["Golden Idol"],"cards_obtained":["Injury"]},{"damage_healed":0,"gold_gain":0,"player_choice":"Opened","damage_taken":0,"relics_obtained":["Meat on the Bone"],"max_hp_gain":0,"max_hp_loss":0,"event_name":"The Mausoleum","floor":19,"gold_loss":0,"cards_obtained":["Writhe"]},{"cards_removed":["Ghostly Armor"],"damage_healed":0,"gold_gain":0,"player_choice":"Gave Card","damage_taken":0,"relics_obtained":["CaptainsWheel"],"max_hp_gain":0,"max_hp_loss":0,"event_name":"WeMeetAgain","floor":20,"gold_loss":0},{"damage_healed":0,"gold_gain":0,"player_choice":"Fight","damage_taken":0,"max_hp_gain":0,"max_hp_loss":0,"event_name":"Colosseum","floor":30,"gold_loss":0},{"damage_healed":0,"gold_gain":0,"player_choice":"Fought Nobs","damage_taken":0,"max_hp_gain":0,"max_hp_loss":0,"event_name":"Colosseum","floor":30,"gold_loss":0},{"damage_healed":0,"gold_gain":333,"player_choice":"Gave Idol","damage_taken":0,"max_hp_gain":0,"max_hp_loss":0,"event_name":"The Moai Head","floor":38,"relics_lost":["Golden Idol"],"gold_loss":0},{"cards_removed":["Strike_R"],"damage_healed":0,"gold_gain":0,"player_choice":"Removed Attack","damage_taken":0,"max_hp_gain":0,"max_hp_loss":0,"event_name":"Falling","floor":46,"gold_loss":0},{"damage_healed":0,"gold_gain":0,"player_choice":"Bought 3 Potions","damage_taken":0,"max_hp_gain":0,"max_hp_loss":0,"event_name":"The Woman in Blue","floor":47,"gold_loss":0}],"is_beta":false,"boss_relics":[{"not_picked":["Cursed Key","Black Star"],"picked":"Mark of Pain"},{"not_picked":["Sozu","Coffee Dripper"],"picked":"Calling Bell"}],"items_purged_floors":[22],"is_endless":false,"potions_floor_spawned":[1,4,10,21,24,25,27,35,45],"ascension_level":10}}