{"host":"8s7r99mpv862ws6o","time":1608736550,"event":{"mods":["AchievementEnabler","BaseMod","GifTheSpireLib","Minty Spire (QoL Compilation)","Quick Restart","StSLib"],"gold_per_floor":[117,117,292,292,309,338,338,240,240,254,154,154,171,196,196,293,293,303,303,105,121,137,165,165,165,165,165,80,80,114,114,114,216,216,228,244,594,295,295,295,570,570,570,595,606,618,635,164,164,164,164,164,91,118,118],"floor_reached":56,"playtime":4831,"items_purged":["Doubt","Strike_P","Defend_P","Strike_P","Defend_P"],"score":1344,"play_id":"a7ef8558-7131-4572-b98c-75aba0eb27fd","local_time":"20201223231550","is_ascension_mode":false,"campfire_choices":[{"data":"BattleHymn","floor":7.0,"key":"SMITH"},{"data":"Perseverance","floor":15.0,"key":"SMITH"},{"data":"Vault","floor":25.0,"key":"SMITH"},{"data":"CrushJoints","floor":27.0,"key":"SMITH"},{"data":"EmptyMind","floor":32.0,"key":"SMITH"},{"data":"Forethought","floor":40.0,"key":"SMITH"},{"data":"Ghostly","floor":42.0,"key":"SMITH"},{"floor":49.0,"key":"RECALL"},{"data":"Ghostly","floor":52.0,"key":"SMITH"}],"circlet_count":0,"master_deck":["Strike_P+1","Defend_P+1","Eruption+1","Vigilance","BattleHymn+1","Vengeance","CrushJoints+1","FlurryOfBlows","Perseverance+1","Consecrate","DevaForm+1","Vault+1","FearNoEvil+1","EmptyMind+1","ThirdEye+1","ClearTheMind","Crescendo","Ghostly+1","Ghostly+1","Ghostly","Ghostly","Ghostly","MentalFortress+1","DeusExMachina","Adaptation+1","CutThroughFate+1","Magnetism+1","Forethought+1","Evaluate+1","EmptyMind+1","Adaptation+1"],"relics":["PureWater","NeowsBlessing","Dream Catcher","Meat on the Bone","Frozen Egg 2","Omamori","Coffee Dripper","GoldenEye","Pantograph","Blue Candle","FossilizedHelix","Calling Bell","Bronze Scales","Mummified Hand","Du-Vu Doll","Old Coin","Anchor","Singing Bowl","Whetstone","Orrery","Lantern"],"acts_visited":["Exordium","TheCity","TheBeyond","TheEnding"],"potions_floor_usage":[55],"damage_taken":[{"damage":0.0,"enemies":"Cultist","floor":1.0,"turns":1.0},{"damage":0.0,"enemies":"Small Slimes","floor":5.0,"turns":1.0},{"damage":0.0,"enemies":"Gremlin Nob","floor":6.0,"turns":1.0},{"damage":2.0,"enemies":"2 Louse","floor":10.0,"turns":2.0},{"damage":2.0,"enemies":"Blue Slaver","floor":13.0,"turns":4.0},{"damage":0.0,"enemies":"Lagavulin","floor":14.0,"turns":4.0},{"damage":29.0,"enemies":"The Guardian","floor":16.0,"turns":6.0},{"damage":3.0,"enemies":"3 Byrds","floor":18.0,"turns":4.0},{"damage":0.0,"enemies":"Spheric Guardian","floor":21.0,"turns":2.0},{"damage":19.0,"enemies":"Shelled Parasite and Fungi","floor":22.0,"turns":4.0},{"damage":0.0,"enemies":"Gremlin Leader","floor":23.0,"turns":4.0},{"damage":3.0,"enemies":"Slavers","floor":30.0,"turns":6.0},{"damage":29.0,"enemies":"Collector","floor":33.0,"turns":9.0},{"damage":0.0,"enemies":"3 Darklings","floor":35.0,"turns":5.0},{"damage":0.0,"enemies":"Orb Walker","floor":36.0,"turns":3.0},{"damage":0.0,"enemies":"Mind Bloom Boss Battle","floor":37.0,"turns":5.0},{"damage":0.0,"enemies":"Giant Head","floor":44.0,"turns":6.0},{"damage":0.0,"enemies":"Transient","floor":45.0,"turns":6.0},{"damage":2.0,"enemies":"Sphere and 2 Shapes","floor":46.0,"turns":4.0},{"damage":0.0,"enemies":"Spire Growth","floor":47.0,"turns":4.0},{"damage":0.0,"enemies":"Donu and Deca","floor":50.0,"turns":8.0},{"damage":20.0,"enemies":"Shield and Spear","floor":54.0,"turns":8.0},{"damage":17,"enemies":"The Heart","floor":55,"turns":8}],"seed_played":"9128157451534153528","potions_obtained":[{"floor":1.0,"key":"ColorlessPotion"},{"floor":16.0,"key":"LiquidMemories"},{"floor":18.0,"key":"Ambrosia"},{"floor":33.0,"key":"Fire Potion"},{"floor":36.0,"key":"SpeedPotion"},{"floor":46.0,"key":"PowerPotion"},{"floor":54.0,"key":"GamblersBrew"}],"is_trial":false,"path_per_floor":["M","?","?","?","M","E","R","$","T","M","$","T","M","E","R","B",null,"M","?","$","M","M","E","?","R","T","R","?","?","E","?","R","B",null,"M","M","?","$","?","R","?","R","T","E","M","M","M","$","R","B",null,"R","$","E","B",null],"character_chosen":"WATCHER","items_purchased":["FlurryOfBlows","EmptyMind","Anchor","Whetstone","Orrery","Adaptation+1"],"campfire_rested":0,"item_purchase_floors":[8,20,38,48,48,53],"current_hp_per_floor":[72,65,65,51,51,51,51,51,51,49,49,49,47,47,47,30,72,69,72,72,72,53,53,36,36,36,36,36,36,33,33,33,19,36,36,36,36,36,31,31,31,31,31,33,35,35,37,43,43,50,50,50,50,32,35],"gold":118,"neow_bonus":"THREE_ENEMY_KILL","is_daily":false,"chose_seed":false,"campfire_upgraded":8,"win_rate":0.0,"timestamp":1608736550,"path_taken":["M","?","?","?","M","E","R","$","T","M","$","?","M","E","R","BOSS","M","?","$","M","?","E","?","R","T","R","?","?","E","?","R","BOSS","M","M","?","$","?","R","?","R","T","E","M","?","M","$","R","BOSS","R","$","E","BOSS"],"items_purchased_type":["Card","Card","Relic","Relic","Relic","Card"],"build_version":"2020-12-22","purchased_purges":5,"victory":true,"max_hp_per_floor":[72,72,72,72,72,72,72,72,72,72,72,72,72,72,72,72,72,72,72,72,72,72,72,36,36,36,36,36,36,36,36,36,36,36,36,36,36,36,36,36,36,36,36,38,40,42,44,50,50,50,50,50,50,52,52],"card_choices":[{"not_picked":["DeceiveReality","Halt"],"picked":"BattleHymn","floor":1.0},{"not_picked":["FlyingSleeves","Protect"],"picked":"Vengeance","floor":5.0},{"not_picked":["SandsOfTime","ClearTheMind"],"picked":"CrushJoints","floor":6.0},{"not_picked":["Evaluate","Ragnarok"],"picked":"Perseverance","floor":10.0},{"not_picked":["JustLucky","PathToVictory"],"picked":"Consecrate","floor":13.0},{"not_picked":["Protect","CrushJoints"],"picked":"DevaForm+1","floor":14.0},{"not_picked":["Ragnarok","DevaForm+1"],"picked":"Vault","floor":16.0},{"not_picked":["FlyingSleeves","CutThroughFate"],"picked":"FearNoEvil","floor":18.0},{"not_picked":["PathToVictory","Perseverance"],"picked":"ThirdEye+1","floor":21.0},{"not_picked":["WreathOfFlame","EmptyFist"],"picked":"ClearTheMind","floor":22.0},{"not_picked":["Wallop","JustLucky"],"picked":"Crescendo","floor":23.0},{"not_picked":["FollowUp","Evaluate","DevaForm+1"],"picked":"SKIP","floor":30.0},{"not_picked":["Vault","ConjureBlade"],"picked":"DeusExMachina","floor":33.0},{"not_picked":["JustLucky","EmptyMind","EmptyFist+1"],"picked":"SKIP","floor":35.0},{"not_picked":["Crescendo+1","FlurryOfBlows"],"picked":"Adaptation+1","floor":36.0},{"not_picked":["ClearTheMind+1","Halt+1"],"picked":"CutThroughFate+1","floor":37.0},{"not_picked":["Finesse","Sadistic Nature+1"],"picked":"Magnetism+1","floor":39.0},{"not_picked":["PanicButton","Finesse"],"picked":"Forethought","floor":39.0},{"not_picked":["FollowUp+1","Crescendo","Halt+1"],"picked":"Singing Bowl","floor":44.0},{"not_picked":["Prostrate+1","EmptyBody","ReachHeaven+1"],"picked":"Singing Bowl","floor":45.0},{"not_picked":["JustLucky","Prostrate+1","LikeWater+1"],"picked":"Singing Bowl","floor":46.0},{"not_picked":["Consecrate","FlyingSleeves+1","Fasting2+1"],"picked":"Singing Bowl","floor":47.0},{"not_picked":["ClearTheMind+1","DevaForm+1"],"picked":"Evaluate+1","floor":48.0},{"not_picked":["FollowUp+1","Omniscience","WreathOfFlame+1"],"picked":"Singing Bowl","floor":48.0},{"not_picked":["PathToVictory","Evaluate","CrushJoints+1"],"picked":"Singing Bowl","floor":48.0},{"not_picked":["Evaluate","Consecrate","Vengeance+1"],"picked":"Singing Bowl","floor":48.0},{"not_picked":["FlyingSleeves","Fasting2+1"],"picked":"EmptyMind+1","floor":48.0},{"not_picked":["ForeignInfluence","CrushJoints+1","JustLucky+1"],"picked":"Singing Bowl","floor":54.0}],"player_experience":576710,"relics_obtained":[{"floor":6.0,"key":"Dream Catcher"},{"floor":9.0,"key":"Meat on the Bone"},{"floor":12.0,"key":"Frozen Egg 2"},{"floor":14.0,"key":"Omamori"},{"floor":23.0,"key":"GoldenEye"},{"floor":26.0,"key":"Pantograph"},{"floor":30.0,"key":"FossilizedHelix"},{"floor":34.0,"key":"Bronze Scales"},{"floor":34.0,"key":"Mummified Hand"},{"floor":34.0,"key":"Du-Vu Doll"},{"floor":37.0,"key":"Old Coin"},{"floor":44.0,"key":"Singing Bowl"},{"floor":54.0,"key":"Lantern"}],"event_choices":[{"cards_removed":["Strike_P"],"damage_healed":0.0,"max_hp_gain":0.0,"max_hp_loss":0.0,"gold_gain":0.0,"event_name":"Golden Wing","player_choice":"Card Removal","floor":2.0,"gold_loss":0.0,"damage_taken":7.0},{"damage_healed":0.0,"max_hp_gain":0.0,"max_hp_loss":0.0,"gold_gain":175.0,"event_name":"Liars Game","player_choice":"AGREE","floor":3.0,"gold_loss":0.0,"damage_taken":0.0,"cards_obtained":["Doubt"]},{"damage_healed":0.0,"max_hp_gain":0.0,"max_hp_loss":0.0,"gold_gain":0.0,"event_name":"Shining Light","player_choice":"Entered Light","floor":4.0,"gold_loss":0.0,"damage_taken":14.0,"cards_upgraded":["Eruption","Defend_P"]},{"damage_healed":3.0,"max_hp_gain":0.0,"max_hp_loss":0.0,"gold_gain":0.0,"event_name":"Wheel of Change","player_choice":"Full Heal","floor":19.0,"gold_loss":0.0,"damage_taken":0.0},{"damage_healed":0.0,"max_hp_gain":0.0,"max_hp_loss":36.0,"gold_gain":0.0,"event_name":"Ghosts","player_choice":"Became a Ghost","floor":24.0,"gold_loss":0.0,"damage_taken":0.0,"cards_obtained":["Ghostly","Ghostly","Ghostly","Ghostly","Ghostly"]},{"damage_healed":0.0,"max_hp_gain":0.0,"max_hp_loss":0.0,"gold_gain":0.0,"event_name":"Addict","player_choice":"Obtained Relic","floor":28.0,"gold_loss":85.0,"damage_taken":0.0,"relics_obtained":["Blue Candle"]},{"cards_removed":["Defend_P"],"damage_healed":0.0,"max_hp_gain":0.0,"max_hp_loss":0.0,"gold_gain":0.0,"event_name":"Back to Basics","player_choice":"Elegance","floor":29.0,"gold_loss":0.0,"damage_taken":0.0},{"damage_healed":0.0,"max_hp_gain":0.0,"max_hp_loss":0.0,"gold_gain":0.0,"event_name":"The Library","player_choice":"Read","floor":31.0,"gold_loss":0.0,"damage_taken":0.0,"cards_obtained":["MentalFortress"]},{"damage_healed":0.0,"max_hp_gain":0.0,"max_hp_loss":0.0,"gold_gain":0.0,"event_name":"MindBloom","player_choice":"Fight","floor":37.0,"gold_loss":0.0,"damage_taken":0.0},{"damage_healed":0.0,"max_hp_gain":0.0,"max_hp_loss":0.0,"gold_gain":0.0,"event_name":"SensoryStone","player_choice":"Memory 2","floor":39.0,"gold_loss":0.0,"damage_taken":5.0},{"damage_healed":0.0,"max_hp_gain":0.0,"max_hp_loss":0.0,"gold_gain":275.0,"event_name":"Golden Shrine","player_choice":"Desecrate","floor":41.0,"gold_loss":0.0,"damage_taken":0.0,"cards_obtained":["Regret"]}],"is_beta":false,"boss_relics":[{"not_picked":["Fusion Hammer","Runic Pyramid"],"picked":"Coffee Dripper"},{"not_picked":["Pandora\u0027s Box","SlaversCollar"],"picked":"Calling Bell"}],"items_purged_floors":[8,11,20,38,48],"is_endless":false,"potions_floor_spawned":[1,16,18,33,36,46,54],"ascension_level":0}}