{"host":"fxgsgr3e13htip8z","time":1608682434,"event":{"mods":["Aspiration","BaseMod","Dota2Spire","Hermit","Hubris","Hyrulean Relics","Minty Spire (QoL Compilation)","Relic Stats","Replay The Spire","Robot Space Explorer","StSLib","The Necromancer","Trackpad","Wandering Minibosses","vexMod"],"gold_per_floor":[109,109,183,202,216,216,249,249,249,249,249,24,52,52,52,149,149,167,82,82,92,110,140,140,168,221,221,235,265,276,105,105,203,203,213,223,299,313,332,351,351,351,371,371,371,371,387,416,432,432,432,432],"floor_reached":53,"playtime":3704,"items_purged":["Strike_W","Regret"],"score":807,"play_id":"0eb62e16-02db-44e6-82f4-9f4f8b85a103","local_time":"20201222181354","is_ascension_mode":false,"campfire_choices":[{"data":"Summon_Undead_Army","floor":6,"key":"SMITH"},{"data":"Negative_Energy_Shield","floor":8,"key":"SMITH"},{"floor":15,"key":"DIG"},{"data":"Cloudkill","floor":24,"key":"SMITH"},{"data":"Negative_Energy_Shield","floor":27,"key":"SMITH"},{"data":"Strike_W","floor":32,"key":"PURGE"},{"data":"Cloudkill","floor":44,"key":"SMITH"},{"data":"Summon_Undead","floor":46,"key":"SMITH"}],"circlet_count":0,"master_deck":["Strike_W","Defend_W","Defend_W","Defend_W","Negative_Energy_Arrows","Bone_Wall","Finger_Of_Death+1","Negative_Energy_Shield+1","Summon_Undead_Army+1","Summon_Undead_Army+1","Negative_Energy_Shield+1","Cloudkill+1","CurseOfTheBell","Acid_Javelin+1","Necrotic_Claws","Summon_Undead+1","Summon_Undead_Army+1","Cloudkill+1","Uncharnel","Toxic_Smoke_Screen","Uncharnel+1","Parasite","Toxic_Smoke_Screen+1"],"relics":["Vampire_Amulet","trackpad:CultistFigurine","Ornamental Fan","aspiration:HummingbirdHeart","Tiny Chest","DollysMirror","aspiration:HiddenCompartment","Turnip","Calling Bell","trackpad:BottledShadow","Centennial Puzzle","hubris:MedicalManual","trackpad:GuardianSpirit","Oddly Smooth Stone","Potion Belt","trackpad:PetRock","aspiration:VileToxins","SlaversCollar","Chameleon Ring","aspiration:SeaSaltIceCream","aspiration:Nostalgia","Replay:M_StaffOfTheSnake","trackpad:SappingStone","hubris:Towel"],"acts_visited":["Exordium","TheCity","TheBeyond"],"potions_floor_usage":[7,18,33,48,52],"damage_taken":[{"damage":1,"enemies":"Jaw Worm","floor":1,"turns":5},{"damage":0,"enemies":"2 Louse","floor":4,"turns":2},{"damage":0,"enemies":"Cultist","floor":5,"turns":3},{"damage":0,"enemies":"Lagavulin","floor":7,"turns":5},{"damage":15,"enemies":"Gremlin Nob","floor":13,"turns":4},{"damage":6,"enemies":"Hexaghost","floor":16,"turns":8},{"damage":22,"enemies":"Spheric Guardian","floor":18,"turns":4},{"damage":0,"enemies":"Chosen","floor":21,"turns":4},{"damage":3,"enemies":"Centurion and Healer","floor":22,"turns":6},{"damage":3,"enemies":"Book of Stabbing","floor":23,"turns":6},{"damage":21,"enemies":"Gremlin Leader","floor":25,"turns":6},{"damage":4,"enemies":"Cultist and Chosen","floor":28,"turns":5},{"damage":20,"enemies":"Slavers","floor":29,"turns":5},{"damage":9,"enemies":"Snake Plant","floor":30,"turns":3},{"damage":29,"enemies":"hubris:MusketHawk","floor":33,"turns":7},{"damage":3,"enemies":"3 Darklings","floor":35,"turns":4},{"damage":0,"enemies":"Orb Walker","floor":36,"turns":3},{"damage":5,"enemies":"Jaw Worm Horde","floor":38,"turns":4},{"damage":10,"enemies":"4 Shapes","floor":39,"turns":4},{"damage":39,"enemies":"Spire Growth","floor":40,"turns":5},{"damage":15,"enemies":"3 Darklings","floor":43,"turns":4},{"damage":0,"enemies":"Jaw Worm Horde","floor":47,"turns":3},{"damage":6,"enemies":"Nemesis","floor":48,"turns":5},{"damage":6,"enemies":"Writhing Mass","floor":49,"turns":5},{"damage":39,"enemies":"Awakened One","floor":52,"turns":11}],"seed_played":"-5702759890766026259","potions_obtained":[{"floor":4,"key":"Block Potion"},{"floor":7,"key":"ColorlessPotion"},{"floor":18,"key":"BlessingOfTheForge"},{"floor":23,"key":"SmokeBomb"},{"floor":28,"key":"Elixir"},{"floor":38,"key":"Explosive Potion"},{"floor":39,"key":"SteroidPotion"},{"floor":47,"key":"Fire Potion"},{"floor":48,"key":"Toxic Potion"}],"is_trial":false,"path_per_floor":["M","?","?","M","M","R","E","R","T","?","?","$","E","$","R","B",null,"M","?","T","M","M","E","R","E","T","R","M","E","M","$","R","B",null,"M","M","T","M","M","M","PTL","PTL","M","R","T","R","M","E","M","?","R","B",null],"character_chosen":"NECROMANCER","items_purchased":["DollysMirror","Cloudkill"],"campfire_rested":0,"item_purchase_floors":[12,31],"current_hp_per_floor":[75,75,45,49,51,51,53,53,53,53,53,53,40,40,40,36,75,55,55,55,57,58,57,57,46,46,46,46,32,25,25,25,24,75,74,75,75,75,73,36,36,36,23,23,23,23,29,25,30,30,52,35],"gold":432,"neow_bonus":"REMOVE_CARD","is_daily":false,"chose_seed":false,"campfire_upgraded":6,"win_rate":0.0,"timestamp":1608682434,"path_taken":["M","?","?","M","?","R","E","R","T","?","?","?","E","$","R","BOSS","M","?","?","M","M","E","R","E","T","R","M","E","M","$","R","BOSS","M","?","?","M","M","M","PTL","PTL","M","R","T","R","M","E","M","?","R","BOSS"],"items_purchased_type":["Relic","Card"],"build_version":"2020-12-13","purchased_purges":2,"victory":true,"max_hp_per_floor":[75,75,75,75,75,75,75,75,75,75,75,75,75,75,75,75,75,75,75,75,75,75,75,75,75,75,75,75,75,75,75,75,75,75,75,75,75,75,75,75,75,75,75,75,75,75,75,75,75,75,75,75],"relic_stats":{"Centennial Puzzle":[48],"counters":[25,121],"Ornamental Fan":[28],"Tiny Chest":1,"Turnip":[14],"obtain_stats":[{"trackpad:GuardianSpirit":19,"Potion Belt":23,"aspiration:VileToxins":29,"Replay:M_StaffOfTheSnake":45,"aspiration:Nostalgia":45,"trackpad:SappingStone":48,"Oddly Smooth Stone":20,"trackpad:PetRock":25,"hubris:MedicalManual":17,"aspiration:HummingbirdHeart":9,"aspiration:SeaSaltIceCream":45,"hubris:Towel":50,"aspiration:HiddenCompartment":13,"Calling Bell":17,"SlaversCollar":34,"Centennial Puzzle":17,"Chameleon Ring":37,"Ornamental Fan":7,"DollysMirror":12,"Tiny Chest":10,"Vampire_Amulet":0,"Turnip":15,"trackpad:BottledShadow":17,"trackpad:CultistFigurine":3},{"trackpad:GuardianSpirit":7,"Potion Belt":10,"aspiration:VileToxins":13,"Replay:M_StaffOfTheSnake":21,"aspiration:Nostalgia":21,"trackpad:SappingStone":23,"Oddly Smooth Stone":7,"trackpad:PetRock":11,"hubris:MedicalManual":6,"aspiration:HummingbirdHeart":4,"aspiration:SeaSaltIceCream":21,"hubris:Towel":24,"aspiration:HiddenCompartment":5,"Calling Bell":6,"SlaversCollar":15,"Centennial Puzzle":6,"Chameleon Ring":17,"Ornamental Fan":4,"DollysMirror":4,"Tiny Chest":4,"Vampire_Amulet":0,"Turnip":5,"trackpad:BottledShadow":6,"trackpad:CultistFigurine":1},{"trackpad:GuardianSpirit":31,"Potion Belt":47,"aspiration:VileToxins":63,"Replay:M_StaffOfTheSnake":97,"aspiration:Nostalgia":97,"trackpad:SappingStone":105,"Oddly Smooth Stone":31,"trackpad:PetRock":53,"hubris:MedicalManual":27,"aspiration:HummingbirdHeart":15,"aspiration:SeaSaltIceCream":97,"hubris:Towel":110,"aspiration:HiddenCompartment":19,"Calling Bell":27,"SlaversCollar":73,"Centennial Puzzle":27,"Chameleon Ring":80,"Ornamental Fan":15,"DollysMirror":15,"Tiny Chest":15,"Vampire_Amulet":0,"Turnip":19,"trackpad:BottledShadow":27,"trackpad:CultistFigurine":5}]},"card_choices":[{"not_picked":["Whirlwind_of_Bones","Negative_Energy_Sphere"],"picked":"Finger_Of_Death","floor":1},{"not_picked":["Chill_Blood","Negative_Energy_Sphere"],"picked":"Negative_Energy_Shield","floor":4},{"not_picked":["Negative_Energy_Sphere","Thousand_Bone_Knives"],"picked":"Summon_Undead_Army","floor":5},{"not_picked":["Necromantic_Selection","Skeleton_Dragon","Chill_Blood"],"picked":"SKIP","floor":7},{"not_picked":["Violent_Necrosis","Exploit"],"picked":"Negative_Energy_Shield","floor":13},{"not_picked":["Blood_Wake","Grasp_Heart"],"picked":"Cloudkill","floor":16},{"not_picked":["Negative_Energy_Shield+1","Exploit"],"picked":"Acid_Javelin+1","floor":18},{"not_picked":["Death_Coil","Consume_Illness","Negative_Energy_Mist"],"picked":"SKIP","floor":21},{"not_picked":["Blood_for_Blood","Scare","Bone_Spikes"],"picked":"SKIP","floor":22},{"not_picked":["Necromantic_Selection","Skeleton_Dragon"],"picked":"Necrotic_Claws","floor":23},{"not_picked":["Pandemic","Blood_for_Blood","Siphon_Strength+1"],"picked":"SKIP","floor":25},{"not_picked":["Blood_Curse","Negative_Energy_Sphere+1"],"picked":"Summon_Undead","floor":28},{"not_picked":["Bone_Shift+1","Negative_Energy_Sphere"],"picked":"Summon_Undead_Army","floor":29},{"not_picked":["Finger_Of_Death","Consume_Illness","Bone_Spikes"],"picked":"SKIP","floor":30},{"not_picked":["Bone_Spikes","Blood_Is_Power","Thousand_Bone_Knives+1"],"picked":"SKIP","floor":35},{"not_picked":["Scare","Negative_Energy_Javelin"],"picked":"Uncharnel","floor":36},{"not_picked":["Bone_Bullets","Negative_Energy_Javelin+1"],"picked":"Toxic_Smoke_Screen","floor":38},{"not_picked":["Death_Coil+1","Bone_Shift+1","Bone_Spikes"],"picked":"SKIP","floor":39},{"not_picked":["Blood_Whip+1","Shackles_Of_Pain+1","Bones_to_Steel+1"],"picked":"SKIP","floor":40},{"not_picked":["Negative_Energy_Mist+1","Vampiric_Strike+1"],"picked":"Uncharnel+1","floor":43},{"not_picked":["Uncharnel","Consume_Illness","Masterful Stab+1"],"picked":"SKIP","floor":47},{"not_picked":["Requiem","Masterful Stab+1","Predator"],"picked":"SKIP","floor":48},{"not_picked":["Crescendo+1","Life_Tap+1"],"picked":"Toxic_Smoke_Screen+1","floor":49}],"player_experience":1513684,"relics_obtained":[{"floor":3,"key":"trackpad:CultistFigurine"},{"floor":7,"key":"Ornamental Fan"},{"floor":9,"key":"aspiration:HummingbirdHeart"},{"floor":13,"key":"aspiration:HiddenCompartment"},{"floor":15,"key":"Turnip"},{"floor":17,"key":"trackpad:BottledShadow"},{"floor":17,"key":"Centennial Puzzle"},{"floor":17,"key":"hubris:MedicalManual"},{"floor":20,"key":"Oddly Smooth Stone"},{"floor":23,"key":"Potion Belt"},{"floor":25,"key":"trackpad:PetRock"},{"floor":29,"key":"aspiration:VileToxins"},{"floor":37,"key":"Chameleon Ring"},{"floor":45,"key":"aspiration:SeaSaltIceCream"},{"floor":48,"key":"trackpad:SappingStone"}],"event_choices":[{"damage_healed":0,"gold_gain":0,"player_choice":"Grow","damage_taken":0,"max_hp_gain":0,"max_hp_loss":0,"event_name":"Living Wall","floor":2,"gold_loss":0,"cards_upgraded":["Finger_Of_Death"]},{"damage_healed":0,"gold_gain":0,"player_choice":"Box","damage_taken":0,"relics_obtained":["Tiny Chest"],"max_hp_gain":0,"max_hp_loss":0,"event_name":"Big Fish","floor":10,"gold_loss":0,"cards_obtained":["Regret"]},{"damage_healed":0,"gold_gain":0,"player_choice":"Obtained Relic","damage_taken":0,"relics_obtained":["trackpad:GuardianSpirit"],"max_hp_gain":0,"max_hp_loss":0,"event_name":"Addict","floor":19,"gold_loss":85}],"is_beta":false,"boss_relics":[{"not_picked":["vexMod:FluxCapacitor","ReplayTheSpireMod:DimensionalGlitch"],"picked":"Calling Bell"},{"not_picked":["aspiration:SecretTechniqueScroll","Replay:Drink Me"],"picked":"SlaversCollar"}],"items_purged_floors":[12,31],"is_endless":false,"potions_floor_spawned":[4,7,18,22,23,28,38,39,47,48,49],"ascension_level":0}}