{"host":"0cgp910o8339lr91","time":1608741071,"event":{"mods":["BaseMod","Colored Map","Filter the Spire","Minty Spire (QoL Compilation)","Relic Stats","Slay-I","ojb\u0027s Better Paths Mod","ojb\u0027s Info Mod"],"gold_per_floor":[117,42,57,73,86,113,32,32,32,32,62,80,96,128,128,227,227,242,261,261,276,287,322,333,360,387,418,435,466,66,78,78,176,176,195,1194,1205,1218,1232,1259,1338,1366,1393,1393,1404,1438,632,592,592,592,592],"floor_reached":50,"playtime":4968,"items_purged":["ConjureBlade+1","Vigilance"],"score":1064,"play_id":"8f92e32c-0fa8-4351-b210-bb15769799bb","local_time":"20201223173111","is_ascension_mode":true,"campfire_choices":[{"data":"Wireheading","floor":8.0,"key":"SMITH"},{"data":"Fasting2","floor":10.0,"key":"SMITH"},{"data":"Tantrum","floor":15.0,"key":"SMITH"},{"data":"TalkToTheHand","floor":32,"key":"SMITH"},{"data":"Ragnarok","floor":44,"key":"SMITH"},{"floor":49,"key":"RECALL"}],"circlet_count":0,"master_deck":["Eruption+1","EmptyFist+1","Wireheading+1","Consecrate+1","WaveOfTheHand+1","Fasting2+1","Tantrum+1","Tantrum+1","JustLucky+1","Ragnarok+1","Evaluate+1","WheelKick+1","DeusExMachina+1","Crescendo","DevaForm+1","ForeignInfluence","DeusExMachina+1","LessonLearned","Wireheading+1","InnerPeace","TalkToTheHand+1","Nirvana+1","Halt+1","InnerPeace+1","Vault+1","EmptyMind+1","CrushJoints+1","ThirdEye+1","Fasting2","Tantrum+1","Sanctity+1"],"relics":["Coffee Dripper","Omamori","Potion Belt","Question Card","Singing Bowl","Pandora\u0027s Box","Centennial Puzzle","Toxic Egg 2","Toy Ornithopter","Smiling Mask","Juzu Bracelet","Medical Kit","Sozu","Thread and Needle","Blue Candle","Anchor","Vajra","Torii","Melange","Sundial"],"acts_visited":["Exordium","TheCity","TheBeyond"],"potions_floor_usage":[31,33,35,42],"damage_taken":[{"damage":0.0,"enemies":"Cultist","floor":1.0,"turns":3.0},{"damage":0.0,"enemies":"2 Louse","floor":3.0,"turns":1.0},{"damage":0.0,"enemies":"Jaw Worm","floor":4.0,"turns":2.0},{"damage":9.0,"enemies":"Exordium Wildlife","floor":5.0,"turns":3.0},{"damage":34.0,"enemies":"Lagavulin","floor":6.0,"turns":8.0},{"damage":3.0,"enemies":"3 Sentries","floor":11.0,"turns":6.0},{"damage":7.0,"enemies":"Exordium Thugs","floor":12.0,"turns":4.0},{"damage":0.0,"enemies":"Red Slaver","floor":13.0,"turns":3.0},{"damage":0.0,"enemies":"Lagavulin","floor":14.0,"turns":3.0},{"damage":0.0,"enemies":"Slime Boss","floor":16.0,"turns":4.0},{"damage":10.0,"enemies":"Shell Parasite","floor":18.0,"turns":2.0},{"damage":1.0,"enemies":"Spheric Guardian","floor":19.0,"turns":3.0},{"damage":12.0,"enemies":"Snecko","floor":21.0,"turns":3.0},{"damage":0.0,"enemies":"Shelled Parasite and Fungi","floor":22.0,"turns":2.0},{"damage":16.0,"enemies":"Slavers","floor":23.0,"turns":2.0},{"damage":0.0,"enemies":"3 Cultists","floor":24.0,"turns":2.0},{"damage":8.0,"enemies":"Book of Stabbing","floor":25.0,"turns":5.0},{"damage":0.0,"enemies":"Slavers","floor":27.0,"turns":1.0},{"damage":0.0,"enemies":"Centurion and Healer","floor":28.0,"turns":3.0},{"damage":17.0,"enemies":"Gremlin Leader","floor":29.0,"turns":3.0},{"damage":0,"enemies":"Shelled Parasite and Fungi","floor":31,"turns":1},{"damage":8,"enemies":"Automaton","floor":33,"turns":6},{"damage":3,"enemies":"Orb Walker","floor":35,"turns":3},{"damage":8,"enemies":"3 Shapes","floor":37,"turns":3},{"damage":3,"enemies":"Maw","floor":38,"turns":5},{"damage":0,"enemies":"Jaw Worm Horde","floor":39,"turns":2},{"damage":0,"enemies":"Reptomancer","floor":40,"turns":4},{"damage":0,"enemies":"Nemesis","floor":42,"turns":6},{"damage":4,"enemies":"Spire Growth","floor":45,"turns":3},{"damage":0,"enemies":"Giant Head","floor":46,"turns":6},{"damage":63,"enemies":"Time Eater","floor":50,"turns":2}],"seed_played":"3305165984071016199","potions_obtained":[{"floor":1.0,"key":"StancePotion"},{"floor":13.0,"key":"StancePotion"},{"floor":14.0,"key":"FearPotion"},{"floor":16.0,"key":"DistilledChaos"},{"floor":18.0,"key":"LiquidMemories"},{"floor":23.0,"key":"Dexterity Potion"},{"floor":25.0,"key":"GamblersBrew"},{"floor":28.0,"key":"Energy Potion"},{"floor":31,"key":"SteroidPotion"}],"is_trial":false,"path_per_floor":["M","$","M","M","M","E","$","R","T","R","E","M","M","E","R","B",null,"M","M","?","M","M","E","M","E","T","E","M","E","$","M","R","B",null,"M","?","M","M","M","E","T","E","T","R","M","E","$","?","R","B"],"character_chosen":"WATCHER","items_purchased":["Wireheading","Tantrum","Medical Kit","FearPotion","DuplicationPotion","GamblersBrew","Torii","Melange","Sundial","Sanctity+1"],"campfire_rested":0,"item_purchase_floors":[2,7,30,30,30,30,47,47,47,47],"current_hp_per_floor":[72,72,72,72,63,29,29,29,29,29,26,19,19,21,21,21,61,51,50,50,40,40,24,26,18,18,23,25,8,8,15,15,12,65,67,67,59,56,58,60,60,67,67,67,63,63,63,63,63,0,0],"gold":592,"neow_bonus":"BOSS_RELIC","is_daily":false,"chose_seed":false,"campfire_upgraded":5,"win_rate":0.0,"timestamp":1608741071,"path_taken":["M","?","M","?","M","E","$","R","T","R","E","M","?","E","R","BOSS","M","M","?","M","M","E","M","E","T","E","M","E","$","M","R","BOSS","M","?","M","M","M","E","?","E","T","R","M","E","$","?","R","BOSS"],"items_purchased_type":["Card","Card","Relic","Potion","Potion","Potion","Relic","Relic","Relic","Card"],"build_version":"2020-12-22","purchased_purges":2,"victory":false,"max_hp_per_floor":[72,72,72,72,72,72,72,72,72,72,72,72,72,74,74,74,74,74,74,74,76,76,76,78,78,78,78,80,80,80,82,82,82,82,82,82,82,82,84,86,86,88,88,88,88,88,88,88,88,88,88],"relic_stats":{"Singing Bowl":16,"Torii":0,"counters":[31,104],"Blue Candle":[0],"Melange":[0],"Juzu Bracelet":1,"Question Card":24,"Smiling Mask":75,"Medical Kit":[0],"Sozu":7,"Centennial Puzzle":[27],"Sundial":[0],"Pandora\u0027s Box":["Evaluate","WheelKick","DeusExMachina","Crescendo","DevaForm","ForeignInfluence","DeusExMachina","LessonLearned"],"obtain_stats":[{"Potion Belt":9,"Singing Bowl":14,"Torii":47,"Blue Candle":42,"Vajra":46,"Melange":47,"Thread and Needle":40,"Omamori":6,"Juzu Bracelet":29,"Question Card":11,"Smiling Mask":27,"Medical Kit":30,"Sozu":34,"Centennial Puzzle":23,"Anchor":43,"Sundial":47,"Pandora\u0027s Box":17,"Coffee Dripper":0,"PureWater":0,"Toxic Egg 2":25,"Toy Ornithopter":26},{"Potion Belt":5,"Singing Bowl":9,"Torii":30,"Blue Candle":28,"Vajra":30,"Melange":30,"Thread and Needle":27,"Omamori":5,"Juzu Bracelet":20,"Question Card":6,"Smiling Mask":18,"Medical Kit":20,"Sozu":22,"Centennial Puzzle":15,"Anchor":28,"Sundial":30,"Pandora\u0027s Box":10,"Coffee Dripper":0,"PureWater":0,"Toxic Egg 2":17,"Toy Ornithopter":17},{"Potion Belt":17,"Singing Bowl":33,"Torii":102,"Blue Candle":93,"Vajra":102,"Melange":102,"Thread and Needle":87,"Omamori":17,"Juzu Bracelet":63,"Question Card":23,"Smiling Mask":57,"Medical Kit":63,"Sozu":70,"Centennial Puzzle":49,"Anchor":93,"Sundial":102,"Pandora\u0027s Box":37,"Coffee Dripper":0,"PureWater":0,"Toxic Egg 2":56,"Toy Ornithopter":56}],"Toy Ornithopter":25},"card_choices":[{"not_picked":["Sanctity","FearNoEvil"],"picked":"EmptyFist","floor":1.0},{"not_picked":["CrushJoints","Evaluate"],"picked":"Consecrate","floor":3.0},{"not_picked":["ClearTheMind","Worship"],"picked":"WaveOfTheHand","floor":4.0},{"not_picked":["Crescendo","Consecrate","Swivel"],"picked":"SKIP","floor":5.0},{"not_picked":["CutThroughFate","Halt"],"picked":"Fasting2","floor":6.0},{"not_picked":["JustLucky","EmptyFist"],"picked":"Tantrum","floor":11.0},{"not_picked":["CarveReality","SashWhip","CutThroughFate","ClearTheMind"],"picked":"SKIP","floor":12.0},{"not_picked":["Crescendo","BattleHymn","SpiritShield"],"picked":"JustLucky","floor":13.0},{"not_picked":["WindmillStrike","EmptyMind","Fasting2","Study"],"picked":"Singing Bowl","floor":14.0},{"not_picked":["SpiritShield","DeusExMachina","Devotion"],"picked":"Ragnarok","floor":16.0},{"not_picked":["EmptyBody","PathToVictory","Conclude"],"picked":"Wireheading+1","floor":18.0},{"not_picked":["Consecrate","Evaluate","Halt"],"picked":"InnerPeace","floor":19.0},{"not_picked":["EmptyFist","EmptyBody","LikeWater","PathToVictory"],"picked":"Singing Bowl","floor":21.0},{"not_picked":["FearNoEvil+1","Collect","Brilliance"],"picked":"TalkToTheHand","floor":22.0},{"not_picked":["FlurryOfBlows","Halt","WreathOfFlame"],"picked":"Nirvana","floor":23.0},{"not_picked":["Perseverance","EmptyFist","Conclude","SignatureMove"],"picked":"Singing Bowl","floor":24.0},{"not_picked":["Conclude","ClearTheMind+1","EmptyMind+1"],"picked":"Halt+1","floor":25.0},{"not_picked":["Crescendo+1","FlyingSleeves","InnerPeace+1"],"picked":"ConjureBlade+1","floor":27.0},{"not_picked":["ClearTheMind+1","EmptyBody+1","CutThroughFate","Protect+1"],"picked":"Singing Bowl","floor":28.0},{"not_picked":["CutThroughFate","CarveReality+1","Indignation+1"],"picked":"InnerPeace+1","floor":29.0},{"not_picked":["ClearTheMind+1","Vengeance+1","InnerPeace+1","SashWhip+1"],"picked":"Singing Bowl","floor":31},{"not_picked":["Devotion","Scrawl+1","Judgement+1"],"picked":"Vault+1","floor":33},{"not_picked":["Swivel+1","SashWhip+1","Crescendo+1"],"picked":"EmptyMind+1","floor":35},{"not_picked":["FollowUp+1","Pray+1","EmptyFist+1"],"picked":"CrushJoints+1","floor":37},{"not_picked":["FlurryOfBlows","Judgement+1","ClearTheMind+1"],"picked":"ThirdEye+1","floor":38},{"not_picked":["Conclude","ReachHeaven","FlyingSleeves+1","Worship+1"],"picked":"Singing Bowl","floor":39},{"not_picked":["Indignation+1","Evaluate+1","CrushJoints","Crescendo+1"],"picked":"Singing Bowl","floor":40},{"not_picked":["Prostrate+1","Evaluate+1","Indignation+1","FollowUp+1"],"picked":"Singing Bowl","floor":42},{"not_picked":["BowlingBash","Crescendo+1","FearNoEvil"],"picked":"Fasting2","floor":45},{"not_picked":["ThirdEye+1","Alpha+1","SashWhip+1"],"picked":"Tantrum+1","floor":46}],"player_experience":997101,"relics_obtained":[{"floor":6.0,"key":"Omamori"},{"floor":9.0,"key":"Potion Belt"},{"floor":11.0,"key":"Question Card"},{"floor":14.0,"key":"Singing Bowl"},{"floor":23.0,"key":"Centennial Puzzle"},{"floor":25.0,"key":"Toxic Egg 2"},{"floor":26.0,"key":"Toy Ornithopter"},{"floor":27.0,"key":"Smiling Mask"},{"floor":29.0,"key":"Juzu Bracelet"},{"floor":40,"key":"Thread and Needle"},{"floor":42,"key":"Blue Candle"},{"floor":43,"key":"Anchor"},{"floor":46,"key":"Vajra"}],"event_choices":[{"damage_healed":0.0,"max_hp_gain":0.0,"max_hp_loss":0.0,"gold_gain":0.0,"event_name":"Vampires","player_choice":"Ignored","floor":20.0,"gold_loss":0.0,"damage_taken":0.0},{"damage_healed":0,"gold_gain":999,"player_choice":"Gold","damage_taken":0,"max_hp_gain":0,"max_hp_loss":0,"event_name":"MindBloom","floor":36,"gold_loss":0,"cards_obtained":["Normality","Normality"]},{"damage_healed":0,"gold_gain":0,"player_choice":"Bought 3 Potions","damage_taken":0,"max_hp_gain":0,"max_hp_loss":0,"event_name":"The Woman in Blue","floor":48,"gold_loss":0}],"is_beta":false,"boss_relics":[{"not_picked":["SacredBark","VioletLotus"],"picked":"Pandora\u0027s Box"},{"not_picked":["Velvet Choker","Empty Cage"],"picked":"Sozu"}],"items_purged_floors":[30,47],"is_endless":false,"potions_floor_spawned":[1,13,14,16,18,23,25,28,31,37,40,42,46],"killed_by":"Time Eater","ascension_level":5}}