{"host":"5bdt6s51dmpd4l3v","time":1608719748,"event":{"mods":["AchievementEnabler","BaseMod","Colored Map","Colored Powertips","Highlight Path","Minty Spire (QoL Compilation)","Quick Restart","Rare Cards Sparkle","StSLib"],"gold_per_floor":[118,138,13,13,13,13,42,42,69,84,118,136,156,187,187,261,261,281,34,53,103,43,43,2,36,36,36,36],"floor_reached":27,"playtime":555,"items_purged":["Defend_R"],"score":476,"play_id":"57c98961-b60b-42c1-b991-f65d46376c72","local_time":"20201223183548","is_ascension_mode":true,"campfire_choices":[{"data":"Inflame","floor":6,"key":"SMITH"},{"data":"Whirlwind","floor":8,"key":"SMITH"},{"data":"Heavy Blade","floor":15,"key":"SMITH"},{"data":"Demon Form","floor":23,"key":"SMITH"}],"circlet_count":0,"master_deck":["AscendersBane","Strike_R","Strike_R","Strike_R","Strike_R","Strike_R","Defend_R","Defend_R","Defend_R","Bash","Inflame+1","Twin Strike","Flex+1","Whirlwind+1","Hemokinesis","Impervious","Heavy Blade+1","Brutality","Demon Form+1"],"relics":["Burning Blood","NeowsBlessing","The Courier","Boot","Mercury Hourglass","Odd Mushroom","Pocketwatch","Velvet Choker","Bag of Preparation","Lantern","Magic Flower"],"acts_visited":["Exordium","TheCity"],"potions_floor_usage":[11,14,16,16,25,25,27],"damage_taken":[{"damage":0,"enemies":"Cultist","floor":1,"turns":1},{"damage":0,"enemies":"2 Louse","floor":2,"turns":1},{"damage":0,"enemies":"Gremlin Nob","floor":7,"turns":1},{"damage":12,"enemies":"Jaw Worm","floor":10,"turns":2},{"damage":22,"enemies":"Lagavulin","floor":11,"turns":3},{"damage":2,"enemies":"3 Louse","floor":12,"turns":3},{"damage":9,"enemies":"The Mushroom Lair","floor":13,"turns":2},{"damage":7,"enemies":"3 Sentries","floor":14,"turns":3},{"damage":56,"enemies":"Hexaghost","floor":16,"turns":5},{"damage":23,"enemies":"Shell Parasite","floor":18,"turns":3},{"damage":14,"enemies":"Chosen","floor":20,"turns":3},{"damage":20,"enemies":"Gremlin Leader","floor":25,"turns":5},{"damage":23,"enemies":"Snake Plant","floor":27,"turns":3}],"seed_played":"5259754186264366381","potions_obtained":[{"floor":2,"key":"DistilledChaos"},{"floor":11,"key":"BloodPotion"},{"floor":13,"key":"Explosive Potion"},{"floor":14,"key":"Fire Potion"},{"floor":20,"key":"HeartOfIron"},{"floor":25,"key":"Dexterity Potion"}],"is_trial":false,"path_per_floor":["M","M","$","?","$","R","E","R","T","M","E","M","?","E","R","B",null,"M","$","M","?","$","R","$","E","T","M"],"character_chosen":"IRONCLAD","items_purchased":["Flex","Whirlwind","Demon Form","Bag of Preparation","Explosive Potion"],"campfire_rested":0,"item_purchase_floors":[3,3,19,19,24],"current_hp_per_floor":[74,75,75,75,75,75,75,75,75,69,53,57,54,53,53,18,61,44,44,36,36,36,36,36,22,22,0,0],"gold":36,"neow_bonus":"THREE_ENEMY_KILL","is_daily":false,"chose_seed":false,"campfire_upgraded":4,"win_rate":0.0,"timestamp":1608719748,"path_taken":["M","?","$","?","$","R","E","R","T","M","E","M","?","E","R","BOSS","M","$","M","?","$","R","$","E","T","M"],"items_purchased_type":["Card","Card","Card","Relic","Potion"],"build_version":"2020-12-22","purchased_purges":1,"victory":false,"max_hp_per_floor":[75,75,75,75,75,75,75,75,75,75,75,75,75,75,75,75,75,75,75,75,75,75,75,75,75,75,75,75],"card_choices":[{"not_picked":["Wild Strike","Armaments"],"picked":"Inflame","floor":1},{"not_picked":["Perfected Strike","Warcry"],"picked":"Twin Strike","floor":2},{"not_picked":["Thunderclap","Metallicize"],"picked":"Hemokinesis","floor":7},{"not_picked":["Perfected Strike","Flex","Havoc"],"picked":"SKIP","floor":10},{"not_picked":["Dual Wield","Anger"],"picked":"Impervious","floor":11},{"not_picked":["Clothesline","Dark Embrace"],"picked":"Heavy Blade","floor":12},{"not_picked":["Iron Wave","Reckless Charge","Inflame"],"picked":"SKIP","floor":14},{"not_picked":["Exhume","Immolate"],"picked":"Brutality","floor":16},{"not_picked":["Clothesline","Thunderclap","Iron Wave"],"picked":"SKIP","floor":18},{"not_picked":["Perfected Strike","Headbutt","Dropkick+1"],"picked":"SKIP","floor":20},{"not_picked":["Wild Strike","Warcry","Twin Strike"],"picked":"SKIP","floor":25}],"player_experience":206719,"relics_obtained":[{"floor":7,"key":"The Courier"},{"floor":9,"key":"Boot"},{"floor":11,"key":"Mercury Hourglass"},{"floor":13,"key":"Odd Mushroom"},{"floor":14,"key":"Pocketwatch"},{"floor":25,"key":"Lantern"},{"floor":26,"key":"Magic Flower"}],"event_choices":[{"damage_healed":0,"gold_gain":0,"player_choice":"Grow","damage_taken":0,"max_hp_gain":0,"max_hp_loss":0,"event_name":"Living Wall","floor":4,"gold_loss":0,"cards_upgraded":["Flex"]},{"damage_healed":0,"gold_gain":0,"player_choice":"Fought Mushrooms","damage_taken":0,"max_hp_gain":0,"max_hp_loss":0,"event_name":"Mushrooms","floor":13,"gold_loss":0},{"damage_healed":0,"gold_gain":50,"player_choice":"Stole From Cult","damage_taken":0,"max_hp_gain":0,"max_hp_loss":0,"event_name":"Nest","floor":21,"gold_loss":0}],"is_beta":false,"boss_relics":[{"not_picked":["Tiny House","SlaversCollar"],"picked":"Velvet Choker"}],"items_purged_floors":[22],"is_endless":false,"potions_floor_spawned":[2,11,13,14,20,25],"killed_by":"Snake Plant","ascension_level":15}}