{"host":"30jsp143e4v19aze","time":1608733887,"event":{"mods":["BaseMod","Colored Map","Colored Powertips","Curses Come First","DeckTracker","Highlight Path","Minty Spire (QoL Compilation)","Quick Restart","Relic Stats","StSLib"],"gold_per_floor":[114,114,131,146,156,156,173,173,196,222,222,249,249,274,274,372,372,386,413,32,42,42,42,77,91,91,16,41,41,60,73,73,175,175,189,189,39,53,53,53,81,98,122,134,144,195,230,245,245,245,245,245,15,48,48,48],"floor_reached":55,"playtime":4400,"items_purged":["Strike_B","Strike_B"],"score":1122,"play_id":"c958b34b-f4e3-4239-8e8f-c39a2ec55b8e","local_time":"20201223153127","is_ascension_mode":true,"campfire_choices":[{"data":"Streamline","floor":6,"key":"SMITH"},{"data":"Glacier","floor":11,"key":"SMITH"},{"floor":13,"key":"REST"},{"data":"Defragment","floor":15,"key":"SMITH"},{"data":"Static Discharge","floor":23,"key":"SMITH"},{"floor":29,"key":"REST"},{"data":"Reboot","floor":32,"key":"SMITH"},{"floor":40,"key":"RECALL"},{"data":"Buffer","floor":49,"key":"SMITH"},{"data":"Ghostly","floor":52,"key":"SMITH"}],"circlet_count":0,"master_deck":["Defend_B","Defend_B","Defend_B","Zap","Dualcast","Coolheaded","Glacier","Streamline+1","Sweeping Beam","Recycle","Core Surge+1","Glacier+1","Defragment+1","Echo Form","White Noise+1","Reboot+1","Static Discharge+1","Ghostly+1","Ghostly","Ghostly","Ghostly","Ghostly","Blizzard+1","Creative AI","Capacitor+1","Buffer+1","Tempest+1","Double Energy+1","Echo Form","Self Repair","Loop","Creative AI"],"relics":["Empty Cage","Strawberry","Toy Ornithopter","Regal Pillow","Anchor","Inserter","Red Mask","Bronze Scales","Nunchaku","Oddly Smooth Stone","Mummified Hand","Black Star","ClockworkSouvenir","Orichalcum","Question Card","Torii","Bag of Preparation","Dream Catcher","Happy Flower"],"acts_visited":["Exordium","TheCity","TheBeyond","TheEnding"],"potions_floor_usage":[10,19,19,28,33,36,55,55,55,55,55,55],"damage_taken":[{"damage":9,"enemies":"Jaw Worm","floor":1,"turns":5},{"damage":1,"enemies":"Cultist","floor":3,"turns":5},{"damage":0,"enemies":"2 Louse","floor":4,"turns":4},{"damage":9,"enemies":"Large Slime","floor":5,"turns":8},{"damage":6,"enemies":"Blue Slaver","floor":7,"turns":4},{"damage":28,"enemies":"Lagavulin","floor":10,"turns":7},{"damage":10,"enemies":"3 Sentries","floor":12,"turns":8},{"damage":16,"enemies":"Gremlin Nob","floor":14,"turns":5},{"damage":29,"enemies":"Slime Boss","floor":16,"turns":15},{"damage":16,"enemies":"3 Byrds","floor":18,"turns":8},{"damage":35,"enemies":"Masked Bandits","floor":19,"turns":6},{"damage":15,"enemies":"2 Thieves","floor":21,"turns":4},{"damage":16,"enemies":"Slavers","floor":24,"turns":4},{"damage":3,"enemies":"Snake Plant","floor":25,"turns":6},{"damage":0,"enemies":"Book of Stabbing","floor":28,"turns":8},{"damage":0,"enemies":"Cultist and Chosen","floor":30,"turns":8},{"damage":0,"enemies":"Snecko","floor":31,"turns":6},{"damage":21,"enemies":"Collector","floor":33,"turns":6},{"damage":0,"enemies":"Orb Walker","floor":35,"turns":8},{"damage":0,"enemies":"3 Darklings","floor":36,"turns":2},{"damage":0,"enemies":"Maw","floor":38,"turns":9},{"damage":3,"enemies":"Reptomancer","floor":41,"turns":8},{"damage":0,"enemies":"4 Shapes","floor":42,"turns":6},{"damage":0,"enemies":"Writhing Mass","floor":44,"turns":7},{"damage":0,"enemies":"Maw","floor":45,"turns":9},{"damage":0,"enemies":"2 Orb Walkers","floor":46,"turns":5},{"damage":0,"enemies":"Giant Head","floor":47,"turns":12},{"damage":0,"enemies":"3 Darklings","floor":48,"turns":8},{"damage":0,"enemies":"Awakened One","floor":50,"turns":12},{"damage":0,"enemies":"Shield and Spear","floor":54,"turns":10},{"damage":98,"enemies":"The Heart","floor":55,"turns":15}],"seed_played":"6123644543953966695","potions_obtained":[{"floor":4,"key":"EssenceOfSteel"},{"floor":7,"key":"FocusPotion"},{"floor":10,"key":"FearPotion"},{"floor":14,"key":"Ancient Potion"},{"floor":16,"key":"Fire Potion"},{"floor":21,"key":"GamblersBrew"},{"floor":25,"key":"Dexterity Potion"},{"floor":28,"key":"SmokeBomb"},{"floor":33,"key":"EntropicBrew"},{"floor":38,"key":"Energy Potion"}],"is_trial":false,"path_per_floor":["M","?","M","M","M","R","M","?","T","E","R","E","R","E","R","B",null,"M","?","$","M","?","R","E","M","T","$","E","R","M","M","R","B",null,"M","M","$","M","?","R","E","M","T","M","M","?","E","M","R","B",null,"R","$","E","B"],"character_chosen":"DEFECT","items_purchased":["Reboot","Static Discharge","Bronze Scales","ClockworkSouvenir","Loop","PowerPotion"],"campfire_rested":2,"item_purchase_floors":[20,20,20,37,53,53],"current_hp_per_floor":[66,66,65,65,56,56,50,50,57,29,29,19,58,42,42,13,82,66,41,41,26,26,26,10,7,7,7,12,39,39,39,39,20,41,41,41,41,41,41,41,38,38,38,38,38,41,41,41,41,41,41,41,41,41,0,0],"gold":48,"neow_bonus":"BOSS_RELIC","is_daily":false,"chose_seed":false,"campfire_upgraded":7,"win_rate":0.0,"timestamp":1608733887,"path_taken":["M","?","M","M","M","R","?","?","T","E","R","E","R","E","R","BOSS","M","?","$","M","?","R","E","?","T","$","E","R","M","M","R","BOSS","M","M","$","M","?","R","E","?","T","M","M","?","E","M","R","BOSS","R","$","E","BOSS"],"items_purchased_type":["Card","Card","Relic","Relic","Card","Potion"],"build_version":"2020-12-22","purchased_purges":2,"victory":false,"max_hp_per_floor":[75,75,75,75,75,75,75,75,82,82,82,82,82,82,82,82,82,82,82,82,82,41,41,41,41,41,41,41,41,41,41,41,41,41,41,41,41,41,41,41,41,41,41,41,41,41,41,41,41,41,41,41,41,41,41,41],"relic_stats":{"Regal Pillow":30,"Inserter":[68],"Torii":2,"Happy Flower":[5],"counters":[31,228],"Bag of Preparation":[8],"Orichalcum":[138],"Question Card":7,"Nunchaku":[9],"Dream Catcher":0,"Mummified Hand":[307],"Bronze Scales":[842],"Black Star":3,"obtain_stats":[{"Regal Pillow":12,"Inserter":17,"Torii":46,"Happy Flower":54,"Oddly Smooth Stone":26,"Bag of Preparation":47,"Orichalcum":41,"Empty Cage":0,"Question Card":41,"ClockworkSouvenir":37,"Anchor":14,"Nunchaku":24,"Dream Catcher":47,"Mummified Hand":28,"Strawberry":9,"Bronze Scales":20,"Red Mask":19,"Black Star":34,"Cracked Core":0,"Toy Ornithopter":10},{"Regal Pillow":7,"Inserter":9,"Torii":26,"Happy Flower":30,"Oddly Smooth Stone":14,"Bag of Preparation":27,"Orichalcum":22,"Empty Cage":0,"Question Card":22,"ClockworkSouvenir":20,"Anchor":8,"Nunchaku":13,"Dream Catcher":27,"Mummified Hand":15,"Strawberry":5,"Bronze Scales":11,"Red Mask":11,"Black Star":18,"Cracked Core":0,"Toy Ornithopter":6},{"Regal Pillow":41,"Inserter":61,"Torii":171,"Happy Flower":213,"Oddly Smooth Stone":89,"Bag of Preparation":183,"Orichalcum":144,"Empty Cage":0,"Question Card":144,"ClockworkSouvenir":127,"Anchor":46,"Nunchaku":83,"Dream Catcher":183,"Mummified Hand":97,"Strawberry":26,"Bronze Scales":75,"Red Mask":75,"Black Star":117,"Cracked Core":0,"Toy Ornithopter":33}],"Toy Ornithopter":34},"card_choices":[{"not_picked":["Steam","Rebound"],"picked":"Coolheaded","floor":1},{"not_picked":["Stack","Steam"],"picked":"Streamline","floor":3},{"not_picked":["Gash","Heatsinks"],"picked":"Sweeping Beam","floor":4},{"not_picked":["Leap","BootSequence"],"picked":"Recycle","floor":5},{"not_picked":["Streamline","Storm"],"picked":"Core Surge","floor":7},{"not_picked":["Conserve Battery","Sunder"],"picked":"Glacier","floor":10},{"not_picked":["Rip and Tear","Coolheaded","FTL"],"picked":"SKIP","floor":12},{"not_picked":["Streamline","Beam Cell"],"picked":"Defragment","floor":14},{"not_picked":["Electrodynamics","Rainbow"],"picked":"Echo Form","floor":16},{"not_picked":["Hologram","Stack","Steam+1"],"picked":"SKIP","floor":18},{"not_picked":["Redo","Glacier+1"],"picked":"White Noise+1","floor":19},{"not_picked":["Gash+1","Compile Driver","Scrape"],"picked":"SKIP","floor":21},{"not_picked":["Loop","Genetic Algorithm"],"picked":"Blizzard+1","floor":24},{"not_picked":["Steam","Sunder","Leap"],"picked":"SKIP","floor":25},{"not_picked":["Turbo+1","Go for the Eyes"],"picked":"Creative AI","floor":28},{"not_picked":["Steam","Gash","Compile Driver+1"],"picked":"SKIP","floor":30},{"not_picked":["Coolheaded","Ball Lightning+1"],"picked":"Capacitor+1","floor":31},{"not_picked":["Core Surge","Reboot"],"picked":"Buffer","floor":33},{"not_picked":["FTL+1","Go for the Eyes"],"picked":"Tempest+1","floor":35},{"not_picked":["Cold Snap","Darkness+1"],"picked":"Double Energy+1","floor":38},{"not_picked":["Coolheaded","Capacitor+1","Reprogram"],"picked":"SKIP","floor":41},{"not_picked":["Conserve Battery","Hologram","Sweeping Beam+1","Chill+1"],"picked":"SKIP","floor":42},{"not_picked":["Rip and Tear","Ball Lightning","Scrape","Conserve Battery"],"picked":"SKIP","floor":44},{"not_picked":["Undo+1","Loop+1","Scrape+1"],"picked":"Self Repair","floor":45},{"not_picked":["Steam+1","Compile Driver","Sweeping Beam+1","Thunder Strike"],"picked":"SKIP","floor":47},{"not_picked":["FTL","Compile Driver","Coolheaded","Darkness+1"],"picked":"SKIP","floor":48},{"not_picked":["Cold Snap","Loop+1","Tempest+1"],"picked":"Creative AI","floor":54}],"player_experience":3086961,"relics_obtained":[{"floor":9,"key":"Strawberry"},{"floor":10,"key":"Toy Ornithopter"},{"floor":12,"key":"Regal Pillow"},{"floor":14,"key":"Anchor"},{"floor":19,"key":"Red Mask"},{"floor":24,"key":"Nunchaku"},{"floor":26,"key":"Oddly Smooth Stone"},{"floor":28,"key":"Mummified Hand"},{"floor":41,"key":"Orichalcum"},{"floor":41,"key":"Question Card"},{"floor":46,"key":"Torii"},{"floor":47,"key":"Bag of Preparation"},{"floor":47,"key":"Dream Catcher"},{"floor":54,"key":"Happy Flower"}],"event_choices":[{"damage_healed":0,"gold_gain":0,"cards_transformed":["Strike_B"],"player_choice":"Transformed","damage_taken":0,"max_hp_gain":0,"max_hp_loss":0,"event_name":"Transmorgrifier","floor":2,"gold_loss":0,"cards_obtained":["Glacier"]},{"damage_healed":0,"gold_gain":0,"player_choice":"Grow","damage_taken":0,"max_hp_gain":0,"max_hp_loss":0,"event_name":"Living Wall","floor":8,"gold_loss":0,"cards_upgraded":["Core Surge"]},{"damage_healed":0,"gold_gain":0,"player_choice":"Fought Bandits","damage_taken":0,"max_hp_gain":0,"max_hp_loss":0,"event_name":"Masked Bandits","floor":19,"gold_loss":0},{"damage_healed":0,"gold_gain":0,"player_choice":"Became a Ghost","damage_taken":0,"max_hp_gain":0,"max_hp_loss":41,"event_name":"Ghosts","floor":22,"gold_loss":0,"cards_obtained":["Ghostly","Ghostly","Ghostly","Ghostly","Ghostly"]},{"damage_healed":0,"gold_gain":0,"player_choice":"Copied","damage_taken":0,"max_hp_gain":0,"max_hp_loss":0,"event_name":"Duplicator","floor":39,"gold_loss":0,"cards_obtained":["Echo Form"]},{"damage_healed":0,"gold_gain":0,"player_choice":"Fight","damage_taken":0,"max_hp_gain":0,"max_hp_loss":0,"event_name":"Mysterious Sphere","floor":46,"gold_loss":0}],"is_beta":false,"boss_relics":[{"not_picked":["Sozu","SacredBark"],"picked":"Inserter"},{"not_picked":["Nuclear Battery","Cursed Key"],"picked":"Black Star"}],"items_purged_floors":[27,53],"is_endless":false,"potions_floor_spawned":[4,7,10,14,16,18,21,25,28,33,35,38,42,47,48,54],"killed_by":"The Heart","ascension_level":4}}