{"host":"02w9hl92h62kgkzk","time":1608702675,"event":{"mods":["2.2 Compatiblity","AchievementEnabler","Act Like it!","AlwaysNeverKeys","Aspiration","Bard","BaseMod","Better Altar","Better Match","Better Note","Better Sensory Stone","Better Skull","Better Third Choice","Better Vampires","BetterRewards","Block Reminder","CCEM","ChefMod","Colored Map","Colored Powertips","Conspire","Downfall","Ekko","Elementarium","Emptier Cage","Energized Spire","Friendly Minions","FruityMod","Gensokyo","GifTheSpireLib","Halation","Hallownest","Hermit","Hubris","Jorbs\u0027s Wanderer Trilogy","Magitek Elite","Marisa????????","Marked Mod","Minty Spire (QoL Compilation)","Permanent Neow","QueenMod","Quick Restart","Random Character Mod","Rare Cards Sparkle","Replay The Spire","Retaliation","Reworked Bosses","Robot Space Explorer","SIMod","Shade Mod","Shop Mod","Spicy Shops","Spikes Relics","StSLib","Stuff the Spire","Synergy Search","The Administrix","The Animator","The Blackbeard","The Blue Laboratory","The Bug Knight","The Construct","The Cursed","The Death Knight","The Disciple","The Factory","The Florist","The Forsaken","The Gatherer","The Hayseed","The Hierophant","The Jungle","The Marked","The Runesmith","The Valiant","The Wild Card","TheHero","TheVacant","Trackpad","Transform Curses","Unceasing Turn Reminder","Wandering Minibosses","thorton","vexMod"],"gold_per_floor":[118,118,118,137,157,184,184,202,253,65,90,100,100,120,120,225,225,247,262,280,280,308,308,357,357,435,454,103,103,36,57,57,201,201,229,51,70,92,108,148,244,244,244,244,356,409,409,11,11,65,65,65,65,169,191,191],"floor_reached":55,"playtime":3797,"items_purged":["Decay","DeathKnight:HartStrike","DeathKnight:DeathCoil","DeathKnight:Hemostasis","DeathKnight:MutagenicPlague","DeathKnight:DeathStrike"],"score":779,"play_id":"bf4ea346-b526-4d76-a0b2-d200d7ab60d2","local_time":"20201222235115","daily_mods":["SealedDeck","Heirloom"],"is_ascension_mode":false,"campfire_choices":[{"floor":13,"key":"REST"},{"data":"DeathKnight:Defile","floor":15,"key":"SMITH"},{"data":"DeathKnight:Runesurge","floor":23,"key":"SMITH"},{"data":"DeathKnight:Contagion","floor":29,"key":"SMITH"},{"data":"DeathKnight:BoneSpear","floor":32,"key":"SMITH"},{"floor":42,"key":"RECALL"},{"data":"DeathKnight:Runesurge","floor":44,"key":"SMITH"},{"data":"DeathKnight:MindFreeze","floor":47,"key":"SMITH"},{"floor":49,"key":"DIG"},{"data":"DeathKnight:PlagueStrike","floor":52,"key":"SMITH"}],"circlet_count":0,"master_deck":["DeathKnight:BoneSpear+1","DeathKnight:MindFreeze+1","DeathKnight:ScourgeStrike","DeathKnight:PlagueStrike+1","DeathKnight:IceboundArmor","DeathKnight:Defile+1","DeathKnight:Contagion+1","DeathKnight:Runesurge+1","DeathKnight:Rot+1","DeathKnight:Rot+1","DeathKnight:Contagion+1","DeathKnight:Defile+1","DeathKnight:BoneSpear+1","DeathKnight:Runesurge+1","DeathKnight:DeathAndDecay+1","DeathKnight:Contagion+1","DeathKnight:Contagion+1"],"relics":["Ring of Chaos","MerchantsRug","aspiration:HatOfInfinitePower","trackpad:BiPhaseBiplane","TungstenRod","wanderingMiniBosses:OtherGremlinHorn","trackpad:WondrousWand","CCEMRelics:JestersCrown","vexMod:TanglingVine","DeathKnight:ScourgePlagueSample","Replay:Bandana","DeathKnight:LanathelsBloodyNail","Guard_Bracelet","Shuriken","Blood Vial"],"acts_visited":["Exordium","TheCity","TheBeyond","TheEnding"],"potions_floor_usage":[46],"damage_taken":[{"damage":4,"enemies":"Jaw Worm","floor":1,"turns":2},{"damage":10,"enemies":"conspire:RoseBush","floor":4,"turns":1},{"damage":0,"enemies":"2 Louse","floor":5,"turns":1},{"damage":15,"enemies":"Lagavulin","floor":6,"turns":5},{"damage":40,"enemies":"Exordium Thugs","floor":8,"turns":5},{"damage":11,"enemies":"Replay:BlueRogue","floor":11,"turns":3},{"damage":3,"enemies":"conspire:2 RoseBushes","floor":12,"turns":6},{"damage":1,"enemies":"Looter","floor":14,"turns":1},{"damage":10,"enemies":"Hexaghost","floor":16,"turns":7},{"damage":12,"enemies":"3 Byrds","floor":18,"turns":4},{"damage":13,"enemies":"Snake Plant","floor":19,"turns":3},{"damage":21,"enemies":"Centurion and Healer","floor":20,"turns":4},{"damage":21,"enemies":"Snecko","floor":22,"turns":5},{"damage":9,"enemies":"Replay:Snechameleon","floor":24,"turns":7},{"damage":8,"enemies":"Snake Plant","floor":27,"turns":2},{"damage":14,"enemies":"Centurion and Healer","floor":31,"turns":3},{"damage":3,"enemies":"Automaton","floor":33,"turns":5},{"damage":4,"enemies":"3 Darklings","floor":35,"turns":4},{"damage":2,"enemies":"Orb Walker","floor":37,"turns":1},{"damage":8,"enemies":"Spire Growth","floor":38,"turns":2},{"damage":14,"enemies":"Sphere and 2 Shapes","floor":39,"turns":3},{"damage":21,"enemies":"HollowMod:StalkingDevout","floor":40,"turns":3},{"damage":17,"enemies":"2 Orb Walkers","floor":41,"turns":3},{"damage":2,"enemies":"Jaw Worm Horde","floor":46,"turns":2},{"damage":27,"enemies":"hubris:GrandSnecko","floor":50,"turns":4},{"damage":38,"enemies":"Shield and Spear","floor":54,"turns":3},{"damage":61,"enemies":"The Heart","floor":55,"turns":2}],"seed_played":"6025239604784354859","potions_obtained":[{"floor":4,"key":"hexamod:EctoCoolerPotion"},{"floor":8,"key":"Languid Potion"},{"floor":14,"key":"SpeedPotion"},{"floor":16,"key":"Fire Potion"},{"floor":33,"key":"conspire:TimeTravelPotion"},{"floor":37,"key":"blueLaboratory:PhilterOfMotion"},{"floor":40,"key":"blueLaboratory:FrostheartPotion"},{"floor":41,"key":"blueLaboratory:FruitPunch"},{"floor":46,"key":"Toxic Potion"}],"is_trial":true,"path_per_floor":["M","?","?","M","M","E","?","M","T","$","E","M","R","M","R","B",null,"M","M","M","?","M","R","E","?","T","M","$","R","$","M","R","B",null,"M","$","M","M","M","E","?","R","T","R","?","M","R","$","R_BF","B",null,"R","$","E","B"],"character_chosen":"DEATH_KNIGHT","items_purchased":["MerchantsRug","aspiration:HatOfInfinitePower","trackpad:BiPhaseBiplane","CCEMRelics:JestersCrown","vexMod:PaidLearning","DeathKnight:ScourgePlagueSample","hubris:HerbalPaste","DeathKnight:LanathelsBloodyNail","Shuriken"],"campfire_rested":1,"item_purchase_floors":[10,10,10,28,28,36,36,48,53],"current_hp_per_floor":[71,71,71,61,61,46,46,6,6,21,10,7,29,28,28,18,75,64,51,37,37,23,23,28,28,28,20,35,35,50,36,36,33,75,75,75,73,70,69,56,59,59,59,59,59,64,64,77,77,69,77,77,77,39,0,0],"gold":191,"neow_bonus":"","is_daily":false,"chose_seed":false,"campfire_upgraded":7,"win_rate":0.0,"timestamp":1608702675,"path_taken":["M","?","?","?","M","E","?","M","T","?","E","M","R","M","R","BOSS","M","M","?","?","M","R","E","?","T","M","$","R","$","M","R","BOSS","M","$","M","M","M","E","?","R","T","R","?","M","R","$","R_BF","BOSS","R","$","E","BOSS"],"items_purchased_type":["Relic","Relic","Relic","Relic","Relic","Relic","Relic","Relic","Relic"],"build_version":"2020-12-22","purchased_purges":6,"victory":false,"max_hp_per_floor":[75,75,75,75,75,75,75,75,75,75,75,75,75,75,75,75,75,75,75,75,75,75,75,75,75,75,75,75,75,75,75,75,75,75,75,75,75,75,75,75,75,75,75,75,75,77,77,77,77,77,77,77,77,77,77,77],"card_choices":[{"not_picked":["DeathKnight:BloodBoil","DeathKnight:MindFreeze"],"picked":"DeathKnight:IceboundArmor","floor":1},{"not_picked":["DeathKnight:RunicCorruption","DeathKnight:BloodTap","DeathKnight:MutagenicPlague"],"picked":"SKIP","floor":4},{"not_picked":["DeathKnight:RaiseAlly","DeathKnight:IceboundArmor"],"picked":"DeathKnight:Defile","floor":5},{"not_picked":["DeathKnight:DreadStrike","DeathKnight:DeathGrip","DeathKnight:ChainsOfIce"],"picked":"SKIP","floor":6},{"not_picked":["DeathKnight:FrosPresence","DeathKnight:RunicCorruption","DeathKnight:IcyTouch"],"picked":"SKIP","floor":8},{"not_picked":["DeathKnight:BloodPact","DeathKnight:FesteringStrike"],"picked":"DeathKnight:Contagion","floor":11},{"not_picked":["DeathKnight:HornOfWinter","DeathKnight:Ossuary","DeathKnight:WraithWalk"],"picked":"SKIP","floor":12},{"not_picked":["DeathKnight:UnholyPresence","DeathKnight:Ossuary","DeathKnight:Razorice"],"picked":"SKIP","floor":14},{"not_picked":["DeathKnight:Frostscythe","DeathKnight:RunicDetonation"],"picked":"DeathKnight:Runesurge","floor":16},{"not_picked":["DeathKnight:IceboundArmor","DeathKnight:Ossuary"],"picked":"DeathKnight:Rot+1","floor":18},{"not_picked":["DeathKnight:PillarOfFrost","DeathKnight:Runeguard"],"picked":"DeathKnight:Rot+1","floor":19},{"not_picked":["DeathKnight:Runeguard","DeathKnight:MindFreeze+1"],"picked":"DeathKnight:Contagion","floor":20},{"not_picked":["DeathKnight:HornOfWinter","DeathKnight:UnholyPresence","DeathKnight:Hemostasis"],"picked":"SKIP","floor":22},{"not_picked":["DeathKnight:IcyTouch","DeathKnight:Rot"],"picked":"DeathKnight:BoneSpear","floor":24},{"not_picked":["DeathKnight:ThirstingStrike","DeathKnight:BoneStorm","DeathKnight:Parry"],"picked":"SKIP","floor":27},{"not_picked":["DeathKnight:BloodEchoes","DeathKnight:UnholyPresence","DeathKnight:Hysteria"],"picked":"SKIP","floor":31},{"not_picked":["DeathKnight:Frostscythe","DeathKnight:ArmyOfTheDead"],"picked":"DeathKnight:Runesurge","floor":33},{"not_picked":["DeathKnight:Pestilence","DeathKnight:UnholyAssault"],"picked":"DeathKnight:DeathAndDecay+1","floor":35},{"not_picked":["DeathKnight:ShatteringStrikes","DeathKnight:RuneShock"],"picked":"DeathKnight:Contagion+1","floor":37},{"not_picked":["DeathKnight:Pestilence","DeathKnight:BludPresence","DeathKnight:BladedArmor+1"],"picked":"SKIP","floor":38},{"not_picked":["DeathKnight:DeathAndDecay+1","DeathKnight:DeathGrip+1","DeathKnight:Ossuary"],"picked":"SKIP","floor":39},{"not_picked":["DeathKnight:ArmyOfTheDead","DeathKnight:Pestilence"],"picked":"DeathKnight:Contagion+1","floor":40},{"not_picked":["DeathKnight:HartStrike+1","DeathKnight:Ossuary+1","DeathKnight:FesteringStrike"],"picked":"SKIP","floor":46},{"not_picked":["DeathKnight:ArmyOfTheDead","DeathKnight:HartStrike","DeathKnight:Hysteria"],"picked":"SKIP","floor":54}],"player_experience":1061868,"relics_obtained":[{"floor":6,"key":"aspiration:FetidBarrel"},{"floor":9,"key":"MealTicket"},{"floor":11,"key":"TungstenRod"},{"floor":22,"key":"wanderingMiniBosses:OtherGremlinHorn"},{"floor":24,"key":"trackpad:WondrousWand"},{"floor":26,"key":"Mythril_Glove"},{"floor":40,"key":"Replay:Bandana"},{"floor":41,"key":"Guardian:GemstoneGun"},{"floor":49,"key":"Guard_Bracelet"},{"floor":54,"key":"Blood Vial"}],"event_choices":[{"damage_healed":0,"gold_gain":0,"player_choice":"Cursed","damage_taken":0,"max_hp_gain":0,"max_hp_loss":0,"event_name":"Wheel of Change","floor":3,"gold_loss":0,"cards_obtained":["Decay"]},{"damage_healed":0,"gold_gain":0,"player_choice":"Copied","damage_taken":0,"max_hp_gain":0,"max_hp_loss":0,"event_name":"Duplicator","floor":21,"gold_loss":0,"cards_obtained":["DeathKnight:Defile"]},{"damage_healed":0,"gold_gain":0,"player_choice":"Ignored","damage_taken":0,"max_hp_gain":0,"max_hp_loss":0,"event_name":"N\u0027loth","floor":25,"gold_loss":0},{"damage_healed":0,"gold_gain":0,"player_choice":"Fight","damage_taken":0,"max_hp_gain":0,"max_hp_loss":0,"event_name":"Mysterious Sphere","floor":41,"gold_loss":0}],"is_beta":false,"boss_relics":[{"not_picked":["Kintsugi","aspiration:SecretTechniqueScroll"],"picked":"thethorton:GreedFountain"},{"not_picked":["Runic Dome","aspiration:MobileForge"],"picked":"vexMod:TanglingVine"}],"items_purged_floors":[10,28,30,48,48,53],"is_endless":false,"potions_floor_spawned":[4,8,14,16,20,22,24,27,33,37,40,41,46],"killed_by":"The Heart","ascension_level":0}}