{"host":"cp5jenm8mmpif3zo","time":1608746443,"event":{"mods":["Act Like it!","Aspiration","BaseMod","BetterRewards","Chen","Colored Map","Conspire","Energized Spire","FTL Soundtrack","Friendly Minions","Gensokyo","Halation","Highlight Path","Hubris","Kiyohime????","Koishi","Marisa????????","Minty Spire (QoL Compilation)","Pikachu Mod","Prisma Mod","Quick Restart","Railgun Mod","Random Character Button","Replay The Spire","Shop Mod","Spikes Relics","StSLib","The IronCluck","TheHero","Waifu the Spire","Yuyuko","vexMod"],"gold_per_floor":[359,375,375,375,375,375,407,407,407,407,407,332,347,367,367,367,367],"floor_reached":16,"playtime":708,"items_purged":["Koishi:BasicStrike","Koishi:BasicDefend"],"score":98,"play_id":"fd1606e8-633a-4497-925c-dd4c7beb777b","local_time":"20201223120043","is_ascension_mode":false,"campfire_choices":[{"data":"Koishi:HauntingSlash","floor":6,"key":"SMITH"},{"data":"Koishi:PredatoryInstincts","floor":15,"key":"SMITH"}],"circlet_count":0,"master_deck":["Koishi:BasicStrike","Koishi:BasicStrike","Koishi:BasicDefend","Koishi:BasicDefend","Koishi:BasicDefend","Koishi:Provoke","Koishi:HauntingSlash+1","Koishi:SubconsciousSweep","Koishi:PredatoryInstincts+1","Koishi:Prune"],"relics":["Koishi:ImaginaryFriend","hubris:Towel","conspire:DeflatedDodgeball","Bag of Preparation","Question Card"],"acts_visited":["Exordium"],"potions_floor_usage":[7,16],"damage_taken":[{"damage":2,"enemies":"2 Louse","floor":1,"turns":4},{"damage":1,"enemies":"Jaw Worm","floor":2,"turns":6},{"damage":6,"enemies":"Replay:BlueRogue","floor":7,"turns":8},{"damage":1,"enemies":"Cultist","floor":13,"turns":3},{"damage":2,"enemies":"2 Fungi Beasts","floor":14,"turns":3},{"damage":52,"enemies":"Hexaghost","floor":16,"turns":13}],"seed_played":"-7317131024582347398","potions_obtained":[{"floor":1,"key":"Fire Potion"},{"floor":7,"key":"Elixir"}],"is_trial":false,"path_per_floor":["M","M","?","?","T","R","E","?","T","$","?","$","M","M","R","B"],"character_chosen":"KOISHI","items_purchased":[],"campfire_rested":0,"item_purchase_floors":[],"current_hp_per_floor":[42,44,44,44,44,44,46,46,46,41,41,41,42,50,50,0,0],"gold":367,"neow_bonus":"TWO_FIFTY_GOLD","is_daily":false,"chose_seed":false,"campfire_upgraded":2,"win_rate":0.0,"timestamp":1608746443,"path_taken":["M","M","?","?","?","R","E","?","T","?","?","$","M","M","R","BOSS"],"items_purchased_type":[],"build_version":"2020-12-22","purchased_purges":2,"victory":false,"max_hp_per_floor":[60,60,60,60,60,60,60,60,60,60,60,60,60,60,60,60,60],"card_choices":[{"not_picked":["Koishi:FourthEye","Koishi:HeartfeltFancy","Koishi:UnseenTerror"],"picked":"SKIP","floor":1},{"not_picked":["Koishi:BloodcurdlingScream","Koishi:CatchAndRose"],"picked":"Koishi:SubconsciousSweep","floor":2},{"not_picked":["Koishi:PhantomStrike","Koishi:PhantomBarrier","Koishi:FleetingPhantom"],"picked":"SKIP","floor":7},{"not_picked":["Koishi:Jaunt","Koishi:PerfectMindControl","Koishi:FleetingPhantom"],"picked":"Koishi:PredatoryInstincts","floor":13},{"not_picked":["Koishi:EmbryosDream","Koishi:PhantomBarrier","Koishi:SubconsciousSweep"],"picked":"Koishi:Prune","floor":14}],"player_experience":246435,"relics_obtained":[{"floor":5,"key":"conspire:DeflatedDodgeball"},{"floor":7,"key":"Bag of Preparation"},{"floor":9,"key":"Question Card"}],"event_choices":[],"is_beta":false,"boss_relics":[],"items_purged_floors":[10,12],"is_endless":false,"potions_floor_spawned":[1,7],"killed_by":"Hexaghost","ascension_level":0}}