{"host":"wwo1kwxjf4eyz37q","time":1608706828,"event":{"mods":["AchievementEnabler","BaseMod","Colored Map","Minty Spire (QoL Compilation)","Quick Restart","SuperFastMode"],"gold_per_floor":[119,294,313,5,5,5,40,40,40,40,51,51,85,101,101,198,198,210,228,228,255,155,188,25,55,80,5,5,22,47,67,67,171,171,189,206,306,306,324,324,359,374,397,397,447,149,59,69,69,69],"floor_reached":51,"playtime":2228,"items_purged":["Doubt","Strike_R","Defend_R","Defend_R"],"score":1404,"play_id":"f31e383a-6c10-40bb-9cb8-6f08a168f0d1","local_time":"20201223160028","is_ascension_mode":true,"campfire_choices":[{"data":"Uppercut","floor":6.0,"key":"SMITH"},{"data":"Inflame","floor":8.0,"key":"SMITH"},{"data":"Offering","floor":12.0,"key":"SMITH"},{"data":"Offering","floor":15.0,"key":"SMITH"},{"data":"Inflame","floor":28.0,"key":"SMITH"},{"data":"Pummel","floor":32.0,"key":"SMITH"},{"data":"Apotheosis","floor":40,"key":"SMITH"},{"data":"Double Tap","floor":44,"key":"SMITH"},{"data":"Offering","floor":49,"key":"SMITH"}],"circlet_count":0,"master_deck":["AscendersBane","Bash+1","Shrug It Off","Offering+1","Immolate","Uppercut+1","Inflame+1","Offering+1","Offering+1","Combust+1","Inflame+1","Headbutt+1","Evolve+1","True Grit","Ghostly","Ghostly","Ghostly","Ghostly","Ghostly","Inflame+1","Pummel+1","True Grit+1","Disarm+1","Double Tap+1","Sword Boomerang+1","Shrug It Off+1","Apotheosis+1","Pummel+1","Rupture+1","Ghostly"],"relics":["Burning Blood","Ice Cream","Thread and Needle","Incense Burner","Calipers","Astrolabe","Red Mask","Bottled Lightning","Question Card","Anchor","Juzu Bracelet","SlaversCollar","Orichalcum","MealTicket","TungstenRod","DollysMirror"],"acts_visited":["Exordium","TheCity","TheBeyond"],"potions_floor_usage":[50],"damage_taken":[{"damage":12.0,"enemies":"Jaw Worm","floor":1.0,"turns":2.0},{"damage":0.0,"enemies":"Small Slimes","floor":3.0,"turns":3.0},{"damage":19.0,"enemies":"Gremlin Nob","floor":7.0,"turns":4.0},{"damage":0.0,"enemies":"2 Louse","floor":11.0,"turns":1.0},{"damage":13.0,"enemies":"Lagavulin","floor":13.0,"turns":5.0},{"damage":9.0,"enemies":"Exordium Wildlife","floor":14.0,"turns":2.0},{"damage":22.0,"enemies":"The Guardian","floor":16.0,"turns":10.0},{"damage":22.0,"enemies":"2 Thieves","floor":18.0,"turns":2.0},{"damage":12.0,"enemies":"Shell Parasite","floor":19.0,"turns":1.0},{"damage":2.0,"enemies":"Masked Bandits","floor":21.0,"turns":3.0},{"damage":11.0,"enemies":"Gremlin Leader","floor":23.0,"turns":4.0},{"damage":4.0,"enemies":"Book of Stabbing","floor":25.0,"turns":6.0},{"damage":10.0,"enemies":"3 Cultists","floor":29.0,"turns":3.0},{"damage":4.0,"enemies":"Gremlin Leader","floor":30.0,"turns":5.0},{"damage":7.0,"enemies":"Snecko","floor":31.0,"turns":5.0},{"damage":8.0,"enemies":"Automaton","floor":33.0,"turns":8.0},{"damage":10,"enemies":"3 Shapes","floor":35,"turns":4},{"damage":3,"enemies":"3 Darklings","floor":36,"turns":2},{"damage":6,"enemies":"4 Shapes","floor":39,"turns":4},{"damage":3,"enemies":"Nemesis","floor":41,"turns":5},{"damage":3,"enemies":"Maw","floor":42,"turns":2},{"damage":11,"enemies":"Mind Bloom Boss Battle","floor":45,"turns":4},{"damage":5,"enemies":"Jaw Worm Horde","floor":48,"turns":4},{"damage":5,"enemies":"Awakened One","floor":50,"turns":8}],"seed_played":"2030926665922529385","potions_obtained":[{"floor":3.0,"key":"Weak Potion"},{"floor":13.0,"key":"Weak Potion"},{"floor":14.0,"key":"Explosive Potion"},{"floor":16.0,"key":"Weak Potion"},{"floor":21.0,"key":"CultistPotion"},{"floor":23.0,"key":"Strength Potion"},{"floor":33.0,"key":"Ancient Potion"},{"floor":36,"key":"Swift Potion"}],"is_trial":false,"path_per_floor":["M","?","M","$","?","R","E","R","T","?","M","R","E","M","R","B",null,"M","M","?","?","$","E","$","E","T","?","R","M","E","M","R","B",null,"M","M","?","?","M","R","E","M","T","R","?","$","?","M","R","B",null],"character_chosen":"IRONCLAD","items_purchased":["Offering","Immolate","Inflame","DollysMirror"],"campfire_rested":0,"item_purchase_floors":[4,4,24,46],"current_hp_per_floor":[66,66,72,72,72,72,59,59,59,59,65,65,58,55,55,39,64,48,42,36,36,36,31,31,33,33,33,33,29,31,30,30,28,34,30,33,33,23,23,23,26,29,29,29,24,36,36,36,36,36],"gold":69,"neow_bonus":"ONE_RARE_RELIC","is_daily":false,"chose_seed":false,"campfire_upgraded":9,"win_rate":0.0,"timestamp":1608706828,"path_taken":["M","?","M","$","?","R","E","R","T","?","?","R","E","M","R","BOSS","M","M","?","?","$","E","$","E","T","?","R","M","E","M","R","BOSS","M","M","?","?","M","R","E","M","T","R","?","$","?","M","R","BOSS"],"items_purchased_type":["Card","Card","Card","Relic"],"build_version":"2020-12-22","purchased_purges":4,"victory":true,"max_hp_per_floor":[72,72,72,72,72,72,72,72,72,72,72,72,72,72,72,72,72,72,72,36,36,36,36,36,36,36,36,36,36,36,36,36,36,36,36,36,36,36,36,36,36,36,36,36,36,36,36,36,36,36],"card_choices":[{"not_picked":["Wild Strike","Searing Blow"],"picked":"Shrug It Off","floor":1.0},{"not_picked":["Second Wind","Warcry","Perfected Strike"],"picked":"SKIP","floor":3.0},{"not_picked":["Sever Soul","Impervious"],"picked":"Inflame","floor":7.0},{"not_picked":["Seeing Red","Body Slam","Power Through"],"picked":"SKIP","floor":11.0},{"not_picked":["Flame Barrier","Flex"],"picked":"Offering","floor":13.0},{"not_picked":["Iron Wave","Cleave","Bloodletting"],"picked":"SKIP","floor":14.0},{"not_picked":["Berserk","Juggernaut"],"picked":"Offering","floor":16.0},{"not_picked":["Dark Embrace","Clothesline"],"picked":"Evolve+1","floor":18.0},{"not_picked":["Hemokinesis","Rage"],"picked":"True Grit","floor":19.0},{"not_picked":["Bloodletting","Power Through","Headbutt"],"picked":"SKIP","floor":23.0},{"not_picked":["Perfected Strike","Carnage","Spot Weakness"],"picked":"SKIP","floor":25.0},{"not_picked":["Thunderclap+1","Flex","Dark Embrace+1"],"picked":"Pummel","floor":29.0},{"not_picked":["Intimidate+1","Clash","Fire Breathing+1"],"picked":"True Grit+1","floor":30.0},{"not_picked":["Iron Wave+1","Feel No Pain+1","Cleave"],"picked":"Disarm+1","floor":31.0},{"not_picked":["Reaper","Juggernaut","Impervious"],"picked":"Double Tap","floor":33.0},{"not_picked":["Burning Pact+1","Anger+1","Body Slam"],"picked":"Sword Boomerang+1","floor":35},{"not_picked":["Perfected Strike+1","Clothesline","Iron Wave"],"picked":"Shrug It Off+1","floor":36},{"not_picked":["Panacea","Bandage Up","Flash of Steel"],"picked":"Apotheosis","floor":38},{"not_picked":["Body Slam+1","Twin Strike","Bloodletting+1"],"picked":"Pummel+1","floor":39},{"not_picked":["Carnage+1","Second Wind","Armaments"],"picked":"Rupture+1","floor":41},{"not_picked":["Uppercut","Infernal Blade","True Grit+1","Sentinel+1"],"picked":"SKIP","floor":42},{"not_picked":["Thunderclap+1","Immolate","Twin Strike+1","Havoc+1"],"picked":"SKIP","floor":48}],"player_experience":136710,"relics_obtained":[{"floor":7.0,"key":"Thread and Needle"},{"floor":9.0,"key":"Incense Burner"},{"floor":13.0,"key":"Calipers"},{"floor":21.0,"key":"Red Mask"},{"floor":23.0,"key":"Bottled Lightning"},{"floor":25.0,"key":"Question Card"},{"floor":26.0,"key":"Anchor"},{"floor":30.0,"key":"Juzu Bracelet"},{"floor":41,"key":"Orichalcum"},{"floor":43,"key":"MealTicket"},{"floor":45,"key":"TungstenRod"}],"event_choices":[{"damage_healed":0.0,"max_hp_gain":0.0,"max_hp_loss":0.0,"gold_gain":175.0,"event_name":"Liars Game","player_choice":"AGREE","floor":2.0,"gold_loss":0.0,"damage_taken":0.0,"cards_obtained":["Doubt"]},{"damage_healed":0.0,"max_hp_gain":0.0,"max_hp_loss":0.0,"gold_gain":0.0,"cards_transformed":["Strike_R"],"event_name":"Living Wall","player_choice":"Change","floor":5.0,"gold_loss":0.0,"damage_taken":0.0,"cards_obtained":["Uppercut"]},{"damage_healed":0.0,"max_hp_gain":0.0,"max_hp_loss":0.0,"gold_gain":0.0,"event_name":"The Cleric","player_choice":"Leave","floor":10.0,"gold_loss":0.0,"damage_taken":0.0},{"damage_healed":0.0,"max_hp_gain":0.0,"max_hp_loss":36.0,"gold_gain":0.0,"event_name":"Ghosts","player_choice":"Became a Ghost","floor":20.0,"gold_loss":0.0,"damage_taken":0.0,"cards_obtained":["Ghostly","Ghostly","Ghostly","Ghostly","Ghostly"]},{"damage_healed":0.0,"max_hp_gain":0.0,"max_hp_loss":0.0,"gold_gain":0.0,"event_name":"Masked Bandits","player_choice":"Fought Bandits","floor":21.0,"gold_loss":0.0,"damage_taken":0.0},{"cards_removed":["Defend_R"],"damage_healed":0.0,"max_hp_gain":0.0,"max_hp_loss":0.0,"gold_gain":0.0,"event_name":"Beggar","player_choice":"Gave Gold","floor":27.0,"gold_loss":75.0,"damage_taken":0.0},{"damage_healed":0,"gold_gain":100,"player_choice":"Pray","damage_taken":0,"max_hp_gain":0,"max_hp_loss":0,"event_name":"Golden Shrine","floor":37,"gold_loss":0},{"damage_healed":0,"gold_gain":0,"player_choice":"Memory 3","damage_taken":10,"max_hp_gain":0,"max_hp_loss":0,"event_name":"SensoryStone","floor":38,"gold_loss":0},{"damage_healed":0,"gold_gain":0,"player_choice":"Fight","damage_taken":0,"max_hp_gain":0,"max_hp_loss":0,"event_name":"MindBloom","floor":45,"gold_loss":0},{"cards_removed":["Strike_R"],"damage_healed":0,"gold_gain":0,"player_choice":"Upgrade and Remove","damage_taken":0,"max_hp_gain":0,"max_hp_loss":0,"event_name":"Designer","floor":47,"gold_loss":90,"cards_upgraded":["Bash"]}],"is_beta":false,"boss_relics":[{"not_picked":["Pandora\u0027s Box","Busted Crown"],"picked":"Astrolabe"},{"not_picked":["Tiny House","Runic Cube"],"picked":"SlaversCollar"}],"items_purged_floors":[4,22,24,46],"is_endless":false,"potions_floor_spawned":[3,13,14,16,21,23,33,36,39,45],"ascension_level":11}}