{"host":"758m3734uc3348yu","time":1608696289,"event":{"mods":["BaseMod","Beaked The Cultist","BetterRewards","Clockwork Mod","Downfall","Hubris","Minty Spire (QoL Compilation)","Replay The Spire","Spicy Shops","StSLib","The Cursed","The Gatherer"],"gold_per_floor":[116,130,145,245,259,259,259,259,278,307,307,307,26,42,42,42,42,42,42,42],"floor_reached":18,"playtime":966,"items_purged":[],"score":112,"play_id":"26685230-a3bf-4a13-89d0-175db63e2df8","local_time":"20201222220449","is_ascension_mode":false,"metric_token":785,"campfire_choices":[{"data":"Gatherer:CollectorsShot","floor":6,"key":"SMITH"},{"floor":12,"key":"REST"},{"floor":17,"key":"REST"}],"circlet_count":0,"master_deck":["Gatherer:Strike_Gatherer","Gatherer:Strike_Gatherer","Gatherer:Strike_Gatherer","Gatherer:Strike_Gatherer+1","Gatherer:Strike_Gatherer","Gatherer:Defend_Gatherer","Gatherer:Defend_Gatherer","Gatherer:Defend_Gatherer","Gatherer:Defend_Gatherer","Gatherer:Defend_Gatherer","Gatherer:Centralize","Gatherer:FlowerWhip","Gatherer:EnergyBasket","Gatherer:GatherMaterial","Gatherer:HeartToFruit","Gatherer:CollectorsShot+1","Gatherer:CarefulStrike","Gatherer:DrugPower","Normality","TheCursedMod:SpitefulStrike"],"relics":["Gatherer:AlchemyBag","NeowsBlessing","Ice Cream","Golden Egg","PrismaticShard","Gatherer:MistGenerator","Orichalcum"],"acts_visited":["Exordium"],"potions_floor_usage":[5,10,14],"damage_taken":[{"damage":0,"enemies":"Cultist","floor":1,"turns":1},{"damage":0,"enemies":"Small Slimes","floor":2,"turns":1},{"damage":0,"enemies":"Jaw Worm","floor":3,"turns":1},{"damage":9,"enemies":"Blue Slaver","floor":5,"turns":4},{"damage":0,"enemies":"3 Louse","floor":9,"turns":2},{"damage":49,"enemies":"Lagavulin","floor":10,"turns":7},{"damage":0,"enemies":"Lots of Slimes","floor":14,"turns":2},{"damage":76,"enemies":"The Guardian","floor":18,"turns":9}],"seed_played":"-8613188597614375326","potions_obtained":[{"floor":2,"key":"Adrenaline Potion"},{"floor":9,"key":"SpeedPotion"},{"floor":10,"key":"Fire Potion"}],"is_trial":false,"path_per_floor":["M","M","M","?","M","R","PTL","PTL","M","E","T","R","$","M","?","$","R","B"],"character_chosen":"THE_GATHERER","items_purchased":["PrismaticShard","Gatherer:MistGenerator","Orichalcum"],"campfire_rested":2,"item_purchase_floors":[13,13,13],"current_hp_per_floor":[72,72,72,72,66,66,66,66,69,23,23,47,47,50,50,50,75,0,0,0],"gold":42,"neow_bonus":"THREE_ENEMY_KILL","is_daily":false,"chose_seed":false,"campfire_upgraded":1,"win_rate":0.0,"timestamp":1608696289,"path_taken":["M","?","M","?","M","R","PTL","PTL","M","E","T","R","$","?","?","?","R","BOSS"],"items_purchased_type":["Relic","Relic","Relic"],"build_version":"2020-12-13","purchased_purges":0,"victory":false,"max_hp_per_floor":[72,72,72,72,75,75,75,75,78,81,81,81,81,84,84,84,84,84,84,84],"card_choices":[{"not_picked":["Gatherer:QuickSynthesis","Gatherer:BalancedGrowth"],"picked":"Gatherer:EnergyBasket","floor":1},{"not_picked":["Gatherer:PotentialSlash","Gatherer:BigPouch"],"picked":"Gatherer:GatherMaterial","floor":2},{"not_picked":["Gatherer:AromaProtection","Gatherer:SaveValuables"],"picked":"Gatherer:HeartToFruit","floor":3},{"not_picked":["Gatherer:BambuSword","Gatherer:Liquidism"],"picked":"Gatherer:CollectorsShot","floor":5},{"not_picked":["Gatherer:Frenzy","Gatherer:WoolGloves"],"picked":"Gatherer:CarefulStrike","floor":9},{"not_picked":["Gatherer:Herbalism","Gatherer:Duality"],"picked":"Gatherer:DrugPower","floor":10},{"not_picked":["Outmaneuver","sneckomod:Nope"],"picked":"TheCursedMod:SpitefulStrike","floor":14}],"player_experience":173472,"relics_obtained":[{"floor":10,"key":"Ice Cream"},{"floor":11,"key":"Golden Egg"}],"event_choices":[{"damage_healed":0,"gold_gain":100,"player_choice":"Pray","damage_taken":0,"max_hp_gain":0,"max_hp_loss":0,"event_name":"Golden Shrine","floor":4,"gold_loss":0}],"is_beta":false,"boss_relics":[],"items_purged_floors":[],"is_endless":false,"potions_floor_spawned":[2,9,10],"killed_by":"The Guardian","ascension_level":0}}