{"host":"c2vrdknshfutmcsq","time":1608716217,"event":{"mods":["BaseMod","Minty Spire (QoL Compilation)"],"gold_per_floor":[109,109,122,7,25,56,74,90,90,90,106,106,135,159,159,232,232,221,236,236,13,25,50,69,85,110,142,156,156,167,167,167],"floor_reached":31,"playtime":2975,"items_purged":["Strike_B"],"score":509,"play_id":"d678fbea-e47e-478c-a7f6-81362ca4e6dc","local_time":"20201223103657","is_ascension_mode":true,"campfire_choices":[{"floor":10.0,"key":"REST"},{"floor":12.0,"key":"REST"},{"data":"Buffer","floor":15.0,"key":"SMITH"}],"circlet_count":0,"master_deck":["AscendersBane","Strike_B","Strike_B","Defend_B","Defend_B","Defend_B","Defend_B","Zap+1","Dualcast+1","Sweeping Beam","Melter","Fusion","Go for the Eyes","Glacier","Conserve Battery","Conserve Battery","Glacier","Buffer+1","Auto Shields","All For One","CurseOfTheBell","Barrage","Stack","Self Repair","Leap","Meteor Strike","Rebound","Go for the Eyes+1","Biased Cognition","Blizzard","BootSequence"],"relics":["Cracked Core","Matryoshka","DataDisk","Lantern","Blue Candle","Odd Mushroom","Calling Bell","Anchor","Mummified Hand","StoneCalendar","PreservedInsect","Pantograph","Orichalcum","Art of War","Calipers"],"acts_visited":["Exordium","TheCity"],"potions_floor_usage":[23,25,31],"damage_taken":[{"damage":0.0,"enemies":"2 Louse","floor":1.0,"turns":2.0},{"damage":0.0,"enemies":"Cultist","floor":3.0,"turns":3.0},{"damage":3.0,"enemies":"Small Slimes","floor":5.0,"turns":2.0},{"damage":53.0,"enemies":"Lagavulin","floor":6.0,"turns":7.0},{"damage":1.0,"enemies":"2 Fungi Beasts","floor":7.0,"turns":3.0},{"damage":3.0,"enemies":"Exordium Thugs","floor":8.0,"turns":4.0},{"damage":6.0,"enemies":"Looter","floor":11.0,"turns":3.0},{"damage":9.0,"enemies":"3 Sentries","floor":13.0,"turns":8.0},{"damage":1.0,"enemies":"The Mushroom Lair","floor":14.0,"turns":3.0},{"damage":28.0,"enemies":"Slime Boss","floor":16.0,"turns":17.0},{"damage":14.0,"enemies":"2 Thieves","floor":18.0,"turns":4.0},{"damage":0.0,"enemies":"3 Byrds","floor":19.0,"turns":5.0},{"damage":5.0,"enemies":"3 Cultists","floor":22.0,"turns":7.0},{"damage":30,"enemies":"Gremlin Leader","floor":23,"turns":7},{"damage":0,"enemies":"Centurion and Healer","floor":24,"turns":7},{"damage":6,"enemies":"Shelled Parasite and Fungi","floor":25,"turns":7},{"damage":5,"enemies":"Book of Stabbing","floor":27,"turns":7},{"damage":0,"enemies":"Chosen and Byrds","floor":28,"turns":7},{"damage":0,"enemies":"Centurion and Healer","floor":30,"turns":10},{"damage":14,"enemies":"Gremlin Leader","floor":31,"turns":4}],"seed_played":"-2800060219149003919","potions_obtained":[{"floor":6.0,"key":"FearPotion"},{"floor":7.0,"key":"Fire Potion"},{"floor":13.0,"key":"AttackPotion"},{"floor":19.0,"key":"DistilledChaos"},{"floor":22.0,"key":"FairyPotion"},{"floor":24,"key":"EssenceOfSteel"},{"floor":27,"key":"Strength Potion"}],"is_trial":false,"path_per_floor":["M","?","M","$","M","E","M","M","T","R","M","R","E","?","R","B",null,"M","M","?","$","M","E","M","M","T","E","M","?","M","E"],"character_chosen":"DEFECT","items_purchased":["Fusion","PreservedInsect","Self Repair"],"campfire_rested":2,"item_purchase_floors":[4,21,21],"current_hp_per_floor":[64,64,64,64,61,8,7,4,4,25,19,40,31,30,30,2,54,40,40,40,40,42,19,26,27,27,29,29,9,16,2,2],"gold":167,"neow_bonus":"UPGRADE_CARD","is_daily":false,"chose_seed":false,"campfire_upgraded":1,"win_rate":0.0,"timestamp":1608716217,"path_taken":["M","?","M","$","?","E","M","M","T","R","M","R","E","?","R","BOSS","M","M","?","?","M","E","M","M","T","E","M","?","M","E"],"items_purchased_type":["Card","Relic","Card"],"build_version":"2020-12-22","purchased_purges":1,"victory":false,"max_hp_per_floor":[71,71,71,71,71,71,71,71,71,71,71,71,71,71,71,71,71,71,71,71,71,71,71,71,71,71,71,71,76,76,76,76],"card_choices":[{"not_picked":["Beam Cell","Turbo"],"picked":"Sweeping Beam","floor":1.0},{"not_picked":["Stack","Recycle"],"picked":"Melter","floor":3.0},{"not_picked":["Hello World","Sweeping Beam"],"picked":"Go for the Eyes","floor":5.0},{"not_picked":["Rebound","Cold Snap"],"picked":"Glacier","floor":6.0},{"not_picked":["Hologram","Leap"],"picked":"Conserve Battery","floor":7.0},{"not_picked":["Steam Power","Turbo"],"picked":"Conserve Battery","floor":8.0},{"not_picked":["Hello World","Consume"],"picked":"Glacier","floor":11.0},{"not_picked":["Ball Lightning","Redo"],"picked":"Buffer","floor":13.0},{"not_picked":["Hologram","Conserve Battery"],"picked":"Auto Shields","floor":14.0},{"not_picked":["Multi-Cast","Biased Cognition"],"picked":"All For One","floor":16.0},{"not_picked":["Hello World","Self Repair"],"picked":"Barrage","floor":18.0},{"not_picked":["Go for the Eyes","Compile Driver"],"picked":"Stack","floor":19.0},{"not_picked":["Rebound","Melter"],"picked":"Leap","floor":22.0},{"not_picked":["Go for the Eyes","Rebound"],"picked":"Meteor Strike","floor":23},{"not_picked":["Leap","Go for the Eyes"],"picked":"Rebound","floor":24},{"not_picked":["Coolheaded","Redo"],"picked":"Go for the Eyes+1","floor":25},{"not_picked":["Blizzard","Coolheaded"],"picked":"Biased Cognition","floor":27},{"not_picked":["Loop","Heatsinks"],"picked":"Blizzard","floor":28},{"not_picked":["Coolheaded+1","Leap"],"picked":"BootSequence","floor":30}],"player_experience":1215945,"relics_obtained":[{"floor":6.0,"key":"Matryoshka"},{"floor":9.0,"key":"DataDisk"},{"floor":9.0,"key":"Lantern"},{"floor":13.0,"key":"Blue Candle"},{"floor":14.0,"key":"Odd Mushroom"},{"floor":17.0,"key":"Anchor"},{"floor":17.0,"key":"Mummified Hand"},{"floor":17.0,"key":"StoneCalendar"},{"floor":23,"key":"Pantograph"},{"floor":26,"key":"Orichalcum"},{"floor":26,"key":"Art of War"},{"floor":27,"key":"Calipers"}],"event_choices":[{"damage_healed":0.0,"max_hp_gain":0.0,"max_hp_loss":0.0,"gold_gain":0.0,"event_name":"Accursed Blacksmith","player_choice":"Forge","floor":2.0,"gold_loss":0.0,"damage_taken":0.0,"cards_upgraded":["Zap"]},{"damage_healed":0.0,"max_hp_gain":0.0,"max_hp_loss":0.0,"gold_gain":0.0,"event_name":"Mushrooms","player_choice":"Fought Mushrooms","floor":14.0,"gold_loss":0.0,"damage_taken":0.0},{"cards_removed":["Strike_B"],"damage_healed":0.0,"max_hp_gain":0.0,"max_hp_loss":0.0,"gold_gain":0.0,"event_name":"Purifier","player_choice":"Purged","floor":20.0,"gold_loss":0.0,"damage_taken":0.0},{"damage_healed":0,"gold_gain":0,"player_choice":"Shed Blood","damage_taken":25,"max_hp_gain":5,"max_hp_loss":0,"event_name":"Forgotten Altar","floor":29,"gold_loss":0}],"is_beta":false,"boss_relics":[{"not_picked":["Cursed Key","Sozu"],"picked":"Calling Bell"}],"items_purged_floors":[4],"is_endless":false,"potions_floor_spawned":[6,7,8,11,13,19,22,24,27,28],"killed_by":"Gremlin Leader","ascension_level":15}}