{"host":"15dd7v8o90xso62x","time":1608752943,"event":{"mods":["BaseMod","Minty Spire (QoL Compilation)","Quick Restart","StSLib"],"gold_per_floor":[114,125,135,135,135,135,169,169,169,169,54,54,54,54],"floor_reached":13,"playtime":246,"items_purged":["Strike_G"],"score":162,"play_id":"c7af47f5-8e70-40af-a06c-9980bf6ad9b7","local_time":"20201224044903","is_ascension_mode":true,"campfire_choices":[{"data":"Bouncing Flask","floor":6,"key":"SMITH"},{"data":"Strike_G","floor":10,"key":"PURGE"},{"floor":12,"key":"REST"}],"circlet_count":0,"master_deck":["AscendersBane","Strike_G","Defend_G","Defend_G","Defend_G","Defend_G","Survivor","Neutralize","Tools of the Trade","Corpse Explosion","Bouncing Flask+1","Backstab","Accuracy","Acrobatics","Accuracy"],"relics":["Ring of the Snake","Golden Idol","Letter Opener","Peace Pipe"],"acts_visited":["Exordium"],"potions_floor_usage":[7],"damage_taken":[{"damage":0.0,"enemies":"Jaw Worm","floor":1.0,"turns":4.0},{"damage":0.0,"enemies":"2 Louse","floor":2.0,"turns":1.0},{"damage":1.0,"enemies":"Small Slimes","floor":3.0,"turns":3.0},{"damage":12,"enemies":"Lagavulin","floor":7,"turns":4},{"damage":2,"enemies":"Gremlin Nob","floor":13,"turns":3}],"seed_played":"-717672761651188291","potions_obtained":[{"floor":1.0,"key":"DuplicationPotion"}],"is_trial":false,"path_per_floor":["M","M","M","?","?","R","E","?","T","R","$","R","E"],"character_chosen":"THE_SILENT","items_purchased":["Accuracy"],"campfire_rested":1,"item_purchase_floors":[11],"current_hp_per_floor":[44,44,43,43,20,20,8,8,8,8,8,27,25,25],"gold":54,"neow_bonus":"TRANSFORM_TWO_CARDS","is_daily":false,"chose_seed":false,"campfire_upgraded":1,"win_rate":0.0,"timestamp":1608752943,"path_taken":["M","M","M","?","?","R","E","?","T","R","$","R","E"],"items_purchased_type":["Card"],"build_version":"2020-12-22","purchased_purges":1,"victory":false,"max_hp_per_floor":[66,66,66,66,66,66,66,66,66,66,66,66,66,66],"card_choices":[{"not_picked":["Leg Sweep","Acrobatics"],"picked":"Bouncing Flask","floor":1.0},{"not_picked":["Leg Sweep","Poisoned Stab"],"picked":"Backstab","floor":2.0},{"not_picked":["Prepared","Cloak And Dagger"],"picked":"Accuracy","floor":3.0},{"not_picked":["Flechettes","Dagger Throw"],"picked":"Acrobatics","floor":7}],"player_experience":938405,"relics_obtained":[{"floor":7,"key":"Letter Opener"},{"floor":9,"key":"Peace Pipe"}],"event_choices":[{"cards_removed":["Strike_G"],"damage_healed":0,"gold_gain":0,"player_choice":"Forget","damage_taken":0,"max_hp_gain":0,"max_hp_loss":0,"event_name":"Living Wall","floor":4,"gold_loss":0},{"damage_healed":0,"gold_gain":0,"player_choice":"Take Damage","damage_taken":23,"relics_obtained":["Golden Idol"],"max_hp_gain":0,"max_hp_loss":0,"event_name":"Golden Idol","floor":5,"gold_loss":0},{"damage_healed":0,"gold_gain":0,"player_choice":"Ignored","damage_taken":0,"max_hp_gain":0,"max_hp_loss":0,"event_name":"Liars Game","floor":8,"gold_loss":0}],"is_beta":false,"boss_relics":[],"items_purged_floors":[11],"is_endless":false,"potions_floor_spawned":[1],"killed_by":"Gremlin Nob","ascension_level":20}}