{"host":"pecumnp00ic55u1k","time":1608708202,"event":{"mods":["Act Like it!","BaseMod","Colored Map","Colored Powertips","Downfall","Hallownest","Hermit","Hubris","Minty Spire (QoL Compilation)","Quick Restart","StSLib","The Blue Laboratory","The Bug Knight","The Cursed"],"gold_per_floor":[109,120,120,120,139,139,139,139,139,157,5,39,52,81,81,181,181,196,46,65,65,77,77,90,90,90,45,45,45,45,56,56,56,56],"floor_reached":33,"playtime":1696,"items_purged":[],"score":255,"play_id":"cae55b5a-94ee-4dc2-a5f6-5ceea22e5593","local_time":"20201223022322","is_ascension_mode":false,"campfire_choices":[{"data":"HollowMod:BaldurShell","floor":6,"key":"SMITH"},{"data":"HollowMod:SoulStrike","floor":8,"key":"SMITH"},{"floor":15,"key":"REST"},{"floor":23,"key":"REST"},{"floor":28,"key":"REST"},{"floor":32,"key":"REST"}],"circlet_count":0,"master_deck":["HollowMod:NailStrikeStart","HollowMod:NailStrikeStart","HollowMod:NailStrikeStart","HollowMod:NailStrikeStart","HollowMod:QuickDashStart","HollowMod:QuickDashStart","HollowMod:FocusHealStart","HollowMod:PogoStrike","HollowMod:Weaversong+1","HollowMod:HowlingWraiths","HollowMod:SoulStrike+1","HollowMod:BaldurShell+1","hubris:DuctTapeCard","HollowMod:Grubsong","HollowMod:GoodIntentions","HollowMod:SoulShaman","HollowMod:SlysStrikes+1","HollowMod:PureNailStrike"],"relics":["HollowMod:VesselMask","Ancient Tea Set","Ice Cream","hubris:DuctTape","hubris:HerbalPaste","Shuriken","HollowMod:StagPassRelic","Philosopher\u0027s Stone","Sling","InkBottle"],"acts_visited":["Hallownest:Greenpath","Hallownest:CityofTears"],"potions_floor_usage":[14,33,33,33],"damage_taken":[{"damage":2,"enemies":"Hallownest:monsterHuskGuard","floor":1,"turns":4},{"damage":3,"enemies":"Hallownest:2_MossCreeps","floor":2,"turns":4},{"damage":5,"enemies":"Hallownest:2_Baldur","floor":5,"turns":2},{"damage":2,"enemies":"Hallownest:monsterMossCharger","floor":10,"turns":4},{"damage":39,"enemies":"Hallownest:eliteMossKnight","floor":12,"turns":9},{"damage":32,"enemies":"Hallownest:Guard_and_Warrior","floor":13,"turns":9},{"damage":12,"enemies":"Hallownest:eliteCrystalGuardian","floor":14,"turns":6},{"damage":36,"enemies":"Hallownest:BossFalseKnight","floor":16,"turns":10},{"damage":15,"enemies":"Hallownest:2_Mistakes","floor":18,"turns":7},{"damage":38,"enemies":"Hallownest:Guard_and_Sentry","floor":20,"turns":6},{"damage":29,"enemies":"Hallownest:2_Flukemon","floor":22,"turns":7},{"damage":36,"enemies":"Hallownest:3_Mistakes","floor":24,"turns":6},{"damage":10,"enemies":"Hallownest:Warrior_and_Youth","floor":31,"turns":6},{"damage":78,"enemies":"Hallownest:BossMantisLord","floor":33,"turns":6}],"seed_played":"8523218630500164635","potions_obtained":[{"floor":5,"key":"SteroidPotion"},{"floor":10,"key":"Guardian:BlockOnCardUsePotion"},{"floor":12,"key":"blueLaboratory:BubblePotion"},{"floor":16,"key":"Slimebound:ThreeZeroPotion"},{"floor":18,"key":"Fire Potion"}],"is_trial":false,"path_per_floor":["M","M","?","T","M","R","T","R","T","M","$","E","M","E","R","B",null,"M","$","M","$","M","R","M","?","T","?","R","?","?","M","R","B"],"character_chosen":"THE_BUGKNIGHT","items_purchased":["hubris:HerbalPaste","Sling"],"campfire_rested":4,"item_purchase_floors":[11,19],"current_hp_per_floor":[73,70,70,70,65,65,65,65,65,69,69,46,32,38,60,40,75,63,63,31,31,14,36,6,6,6,6,28,28,28,34,56,0,0],"gold":56,"neow_bonus":"ONE_RANDOM_RARE_CARD","is_daily":false,"chose_seed":false,"campfire_upgraded":2,"win_rate":0.0,"timestamp":1608708202,"path_taken":["M","?","?","?","M","R","?","R","T","M","$","E","?","E","R","BOSS","M","$","M","$","M","R","M","?","T","?","R","?","?","M","R","BOSS"],"items_purchased_type":["Relic","Relic"],"build_version":"2020-12-22","purchased_purges":0,"victory":false,"max_hp_per_floor":[75,75,75,75,75,75,75,75,75,75,75,75,75,75,75,75,75,75,75,75,75,75,75,75,75,75,75,75,75,75,75,75,75,75],"card_choices":[{"not_picked":["HollowMod:CloakDash","HollowMod:VengefulSpirit"],"picked":"HollowMod:HowlingWraiths","floor":1},{"not_picked":["HollowMod:WraithStrike","HollowMod:DashSlash"],"picked":"HollowMod:SoulStrike","floor":2},{"not_picked":["HollowMod:HowlingWraiths","HollowMod:TaintedHusks"],"picked":"HollowMod:BaldurShell","floor":5},{"not_picked":["HollowMod:MonarchWings","HollowMod:HornetsHelp"],"picked":"HollowMod:Grubsong","floor":10},{"not_picked":["HollowMod:MothsMistake","HollowMod:HuntersJournal"],"picked":"HollowMod:GoodIntentions","floor":12},{"not_picked":["HollowMod:QuirrelsAssistance","HollowMod:DescendingDark","HollowMod:HowlingWraiths"],"picked":"SKIP","floor":13},{"not_picked":["HollowMod:InfectedCysts","HollowMod:Grubsong"],"picked":"HollowMod:SoulShaman","floor":14},{"not_picked":["HollowMod:LifebloodCore","HollowMod:AwokenDreamNail"],"picked":"HollowMod:SlysStrikes","floor":16},{"not_picked":["HollowMod:CrystalDash","HollowMod:ShapeofUnn","HollowMod:SoulStrike"],"picked":"SKIP","floor":18},{"not_picked":["HollowMod:CycloneSlash+1","HollowMod:DoubleDash+1"],"picked":"HollowMod:PureNailStrike","floor":20},{"not_picked":["HollowMod:MonarchWings","HollowMod:MothsMistake","HollowMod:SoulShaman"],"picked":"SKIP","floor":22},{"not_picked":["HollowMod:InfectedAttack+1","HollowMod:NewLittleFool","HollowMod:HuntersJournal"],"picked":"SKIP","floor":24},{"not_picked":["HollowMod:MawleksShell","HollowMod:SoulShaman","HollowMod:HeavyBlow+1"],"picked":"SKIP","floor":31}],"player_experience":72688,"relics_obtained":[{"floor":4,"key":"Ancient Tea Set"},{"floor":7,"key":"Ice Cream"},{"floor":9,"key":"hubris:DuctTape"},{"floor":12,"key":"Shuriken"},{"floor":14,"key":"HollowMod:StagPassRelic"},{"floor":26,"key":"InkBottle"}],"event_choices":[],"is_beta":false,"boss_relics":[{"not_picked":["hubris:VirtuousBlindfold","hubris:CrackedHourglass"],"picked":"Philosopher\u0027s Stone"}],"items_purged_floors":[],"is_endless":false,"potions_floor_spawned":[5,10,12,16,18,20,31],"killed_by":"Hallownest:BossMantisLord","ascension_level":0}}