{"host":"lh9qfzqeqctr28d2","time":1608715710,"event":{"mods":["BaseMod","Minty Spire (QoL Compilation)","Quick Restart","Relic Stats","Remilia£®¿Ÿ√◊¿Ú—«£©","StSLib"],"gold_per_floor":[113,128,138,153,165,165,165],"floor_reached":6,"playtime":269,"items_purged":[],"score":42,"play_id":"fd11daed-d283-4458-be94-095febc593c8","local_time":"20201223172830","is_ascension_mode":true,"campfire_choices":[],"circlet_count":0,"master_deck":["Strike_RM","Strike_RM","Strike_RM","Strike_RM","Defend_RM","Defend_RM","Defend_RM","Defend_RM","RedMoon","ScarletShoot","ScarletImprint","BombardNight","EternalNight","ScarletDevilSign"],"relics":["ScarletHat","NeowsBlessing"],"acts_visited":["Exordium"],"potions_floor_usage":[],"damage_taken":[{"damage":0,"enemies":"Cultist","floor":1,"turns":1},{"damage":0,"enemies":"Small Slimes","floor":2,"turns":1},{"damage":0,"enemies":"Jaw Worm","floor":3,"turns":1},{"damage":6,"enemies":"Blue Slaver","floor":4,"turns":5},{"damage":2,"enemies":"Red Slaver","floor":5,"turns":4},{"damage":0,"enemies":"Gremlin Nob","floor":6,"turns":1}],"seed_played":"-2698623499789542525","potions_obtained":[{"floor":1,"key":"Explosive Potion"},{"floor":2,"key":"SkillPotion"},{"floor":3,"key":"BlessingOfTheForge"}],"is_trial":false,"path_per_floor":["M","M","M","M","M","E"],"character_chosen":"REMILIA","items_purchased":[],"campfire_rested":0,"item_purchase_floors":[],"current_hp_per_floor":[75,75,75,69,67,67,67],"gold":165,"neow_bonus":"THREE_ENEMY_KILL","is_daily":false,"chose_seed":false,"campfire_upgraded":0,"win_rate":0.0,"timestamp":1608715710,"path_taken":["M","M","?","M","M","E"],"items_purchased_type":[],"build_version":"2020-12-22","purchased_purges":0,"victory":false,"max_hp_per_floor":[75,75,75,75,75,75,75],"relic_stats":{"counters":[6,13],"obtain_stats":[{"NeowsBlessing":0,"ScarletHat":0},{"NeowsBlessing":0,"ScarletHat":0},{"NeowsBlessing":0,"ScarletHat":0}]},"card_choices":[{"not_picked":["Ultimatum","StarOfDavid"],"picked":"ScarletImprint","floor":1},{"not_picked":["BloodAndWine","ScarletDevil"],"picked":"BombardNight","floor":2},{"not_picked":["ChaoticDestiny","BlasphemousPunishment"],"picked":"EternalNight","floor":3},{"not_picked":["HunterOfTheNight","CharismaGuard","BadLadyScramble"],"picked":"SKIP","floor":4},{"not_picked":["RedMagic","GlobalNightmare"],"picked":"ScarletDevilSign","floor":5}],"player_experience":349768,"relics_obtained":[],"event_choices":[],"is_beta":false,"boss_relics":[],"items_purged_floors":[],"is_endless":false,"potions_floor_spawned":[1,2,3],"killed_by":"Gremlin Nob","ascension_level":1}}