{"host":"q0qnzbgdx8oqogg9","time":1608753430,"event":{"mods":["BaseMod","Minty Spire (QoL Compilation)","Slay-I","StSLib"],"gold_per_floor":[119,136,151,165,177,208,208,236,236,249,269,296,276,335,335,430,430,445,24,42,58,74,74,101,113,161,161,161],"floor_reached":27,"playtime":670,"items_purged":["Rupture+1"],"score":380,"play_id":"e67db906-a62a-43a3-9757-6bb8d66dfa2e","local_time":"20201223145710","is_ascension_mode":true,"campfire_choices":[{"floor":7.0,"key":"REST"},{"floor":15.0,"key":"REST"},{"data":"Apotheosis","floor":23.0,"key":"SMITH"}],"circlet_count":0,"master_deck":["Strike_R","Strike_R","Strike_R","Defend_R+1","Defend_R","Defend_R+1","Bash","Inflame","Cleave","Inflame","Inflame","Immolate","Immolate","Perfected Strike+1","Juggernaut+1","Apotheosis+1"],"relics":["Busted Crown","Regal Pillow","Singing Bowl","Gremlin Horn","Eternal Feather","Astrolabe","War Paint","Akabeko","Lantern"],"acts_visited":["Exordium","TheCity"],"potions_floor_usage":[],"damage_taken":[{"damage":0.0,"enemies":"2 Louse","floor":1.0,"turns":2.0},{"damage":10.0,"enemies":"Small Slimes","floor":2.0,"turns":4.0},{"damage":7.0,"enemies":"Jaw Worm","floor":3.0,"turns":3.0},{"damage":1.0,"enemies":"3 Louse","floor":4.0,"turns":2.0},{"damage":11.0,"enemies":"Lots of Slimes","floor":5.0,"turns":3.0},{"damage":20.0,"enemies":"Gremlin Nob","floor":6.0,"turns":4.0},{"damage":20.0,"enemies":"Lagavulin","floor":8.0,"turns":5.0},{"damage":7.0,"enemies":"Looter","floor":10.0,"turns":3.0},{"damage":6.0,"enemies":"2 Fungi Beasts","floor":11.0,"turns":3.0},{"damage":32.0,"enemies":"Gremlin Nob","floor":12.0,"turns":4.0},{"damage":0.0,"enemies":"Slime Boss","floor":16.0,"turns":4.0},{"damage":6.0,"enemies":"2 Thieves","floor":18.0,"turns":2.0},{"damage":14.0,"enemies":"Shell Parasite","floor":20.0,"turns":4.0},{"damage":9.0,"enemies":"Snecko","floor":21.0,"turns":4.0},{"damage":14.0,"enemies":"Chosen and Byrds","floor":22.0,"turns":3.0},{"damage":56.0,"enemies":"Book of Stabbing","floor":24.0,"turns":5.0},{"damage":1.0,"enemies":"Centurion and Healer","floor":25.0,"turns":2.0},{"damage":18,"enemies":"Slavers","floor":27,"turns":1}],"seed_played":"7066469408339468226","potions_obtained":[{"floor":1.0,"key":"HeartOfIron"},{"floor":3.0,"key":"SpeedPotion"},{"floor":5.0,"key":"SteroidPotion"},{"floor":8.0,"key":"Strength Potion"},{"floor":18.0,"key":"Weak Potion"},{"floor":22.0,"key":"EntropicBrew"}],"is_trial":false,"path_per_floor":["M","M","M","M","M","E","R","E","T","M","M","E","?","?","R","B",null,"M","$","M","M","M","R","E","M","T","E"],"character_chosen":"IRONCLAD","items_purchased":["Apotheosis","War Paint"],"campfire_rested":2,"item_purchase_floors":[19,19],"current_hp_per_floor":[80,70,63,62,51,31,70,52,52,45,41,9,9,9,58,58,84,80,80,68,61,49,58,4,5,5,0,0],"gold":161,"neow_bonus":"BOSS_RELIC","is_daily":false,"chose_seed":false,"campfire_upgraded":1,"win_rate":0.0,"timestamp":1608753430,"path_taken":["M","M","M","M","M","E","R","E","T","M","M","E","?","?","R","BOSS","M","$","M","M","M","R","E","M","T","E"],"items_purchased_type":["Card","Relic"],"build_version":"2020-12-22","purchased_purges":1,"victory":false,"max_hp_per_floor":[80,80,80,80,80,80,80,82,82,82,84,84,84,84,84,84,84,86,86,88,90,92,92,94,96,96,96,96],"card_choices":[{"not_picked":[],"picked":"Inflame","floor":1.0},{"not_picked":[],"picked":"Cleave","floor":2.0},{"not_picked":["Body Slam"],"picked":"SKIP","floor":3.0},{"not_picked":["Perfected Strike"],"picked":"SKIP","floor":4.0},{"not_picked":["Warcry"],"picked":"SKIP","floor":5.0},{"not_picked":[],"picked":"Inflame","floor":6.0},{"not_picked":["Clash"],"picked":"Singing Bowl","floor":8.0},{"not_picked":[],"picked":"Inflame","floor":10.0},{"not_picked":["Dark Embrace"],"picked":"Singing Bowl","floor":11.0},{"not_picked":[],"picked":"Immolate","floor":12.0},{"not_picked":[],"picked":"Immolate","floor":16.0},{"not_picked":["Cleave"],"picked":"Singing Bowl","floor":18.0},{"not_picked":["Heavy Blade"],"picked":"Singing Bowl","floor":20.0},{"not_picked":["Flex"],"picked":"Singing Bowl","floor":21.0},{"not_picked":["Heavy Blade"],"picked":"Singing Bowl","floor":22.0},{"not_picked":["True Grit"],"picked":"Singing Bowl","floor":24.0},{"not_picked":["Sever Soul"],"picked":"Singing Bowl","floor":25.0}],"player_experience":193525,"relics_obtained":[{"floor":6.0,"key":"Regal Pillow"},{"floor":8.0,"key":"Singing Bowl"},{"floor":9.0,"key":"Gremlin Horn"},{"floor":12.0,"key":"Eternal Feather"},{"floor":24.0,"key":"Akabeko"},{"floor":26.0,"key":"Lantern"}],"event_choices":[{"damage_healed":0.0,"max_hp_gain":0.0,"max_hp_loss":0.0,"gold_gain":0.0,"event_name":"World of Goop","player_choice":"Left Gold","floor":13.0,"gold_loss":20.0,"damage_taken":0.0},{"damage_healed":0.0,"max_hp_gain":0.0,"max_hp_loss":0.0,"gold_gain":59.0,"event_name":"Golden Wing","player_choice":"Gained Gold","floor":14.0,"gold_loss":0.0,"damage_taken":0.0}],"is_beta":false,"boss_relics":[{"not_picked":["Pandora\u0027s Box","Ectoplasm"],"picked":"Astrolabe"}],"items_purged_floors":[19],"is_endless":false,"potions_floor_spawned":[1,3,5,8,10,12,18,22],"killed_by":"Slavers","ascension_level":3}}