{"host":"95i1gxnztdrdyvhi","time":1608760390,"event":{"mods":["AchievementEnabler","Act Like it!","BaseMod","Downfall","Minty Spire (QoL Compilation)","Quick Restart","StSLib"],"gold_per_floor":[99,99,24,24,54,54,54,54,54,88,188,200,213,225,245,346,346,196,210,229,242,310,328,355,123,123,154,221,249,249,265,285,382,382,382,402,415,131,151,151,199,249,174,49,117,128,178,228,239,239,239,268,20,20,20],"floor_reached":56,"playtime":3896,"items_purged":["champ:Defend","champ:Defend","champ:Strike","champ:Strike"],"score":2141,"play_id":"2349b292-fbf3-42f7-baf7-088278729a25","local_time":"20201223215310","is_ascension_mode":false,"campfire_choices":[{"floor":1,"key":"RECALL"},{"data":"champ:Taunt","floor":6,"key":"SMITH"},{"data":"champ:FocusedDefense","floor":18,"key":"SMITH"},{"data":"champ:DefensiveStyle","floor":26,"key":"SMITH"},{"data":"champ:ShieldSigil","floor":30,"key":"SMITH"},{"data":"champ:FocusedDefense","floor":35,"key":"SMITH"},{"data":"champ:SwordSigil","floor":40,"key":"SMITH"},{"data":"champ:EnGarde","floor":43,"key":"SMITH"},{"floor":54,"key":"REST"}],"circlet_count":0,"master_deck":["champ:Strike","champ:Defend","champ:Defend","champ:Execute","champ:Taunt+1","champ:EnGarde+1","champ:BringItOn","champ:FocusedDefense+1","champ:ShieldSigil+1","champ:Circumvent","champ:DefensiveShout","champ:MurderStrike","champ:Lariat+1","champ:FalseCounter+1","champ:SwordSigil+1","champ:DeathBlow","champ:DefensiveShout+1","champ:SkillfulDodge","champ:FocusedDefense+1","champ:EnchantShield","champ:SwordSigil+1","champ:CheapShot","champ:DefensiveStyle+1","champ:VampiricStrike","expansioncontent:Chronoboost+1","expansioncontent:DecasProtection","champ:ShieldSigil+1"],"relics":["champ:ChampionCrown","downfall:HeartsMalice","InkBottle","Letter Opener","Akabeko","downfall:CloakOfManyFaces","CultistMask","FaceOfCleric","NlothsMask","GremlinMask","SsserpentHead","Sozu","downfall:HeartBlessingRed","downfall:HeartBlessingGreen","Frozen Egg 2","Prayer Wheel","downfall:HeartBlessingBlue","Oddly Smooth Stone","Lee\u0027s Waffle","Bronze Scales","Bottled Tornado"],"acts_visited":["Exordium","TheCity","TheBeyond","TheEnding"],"potions_floor_usage":[27,32,52],"damage_taken":[{"damage":0,"enemies":"downfall:FleeingMerchant","floor":3,"turns":1},{"damage":0,"enemies":"Jaw Worm","floor":8,"turns":1},{"damage":0,"enemies":"Cultist","floor":9,"turns":1},{"damage":28,"enemies":"3 Sentries","floor":10,"turns":6},{"damage":20,"enemies":"downfall:FaceTrader","floor":11,"turns":5},{"damage":0,"enemies":"Small Slimes","floor":12,"turns":2},{"damage":5,"enemies":"Blue Slaver","floor":13,"turns":2},{"damage":5,"enemies":"2 Fungi Beasts","floor":14,"turns":2},{"damage":0,"enemies":"Lots of Slimes","floor":15,"turns":4},{"damage":7,"enemies":"downfall:Silent","floor":16,"turns":8},{"damage":7,"enemies":"Shell Parasite","floor":19,"turns":4},{"damage":17,"enemies":"Snecko","floor":20,"turns":5},{"damage":0,"enemies":"Snake Plant","floor":21,"turns":3},{"damage":10,"enemies":"Centurion and Healer","floor":22,"turns":4},{"damage":0,"enemies":"Snecko","floor":23,"turns":4},{"damage":33,"enemies":"downfall:FleeingMerchant","floor":25,"turns":4},{"damage":20,"enemies":"Book of Stabbing","floor":27,"turns":3},{"damage":15,"enemies":"Chosen and Byrds","floor":28,"turns":3},{"damage":47,"enemies":"Slavers","floor":29,"turns":4},{"damage":8,"enemies":"3 Cultists","floor":31,"turns":3},{"damage":7,"enemies":"Snake Plant","floor":32,"turns":3},{"damage":26,"enemies":"downfall:Defect","floor":33,"turns":6},{"damage":0,"enemies":"Orb Walker","floor":36,"turns":3},{"damage":20,"enemies":"3 Darklings","floor":37,"turns":4},{"damage":5,"enemies":"downfall:FleeingMerchant","floor":38,"turns":4},{"damage":17,"enemies":"Maw","floor":39,"turns":4},{"damage":9,"enemies":"downfall:FleeingMerchant","floor":44,"turns":4},{"damage":21,"enemies":"4 Shapes","floor":45,"turns":4},{"damage":15,"enemies":"Writhing Mass","floor":46,"turns":4},{"damage":6,"enemies":"Sphere and 2 Shapes","floor":49,"turns":5},{"damage":32,"enemies":"downfall:Ironclad","floor":50,"turns":9},{"damage":76,"enemies":"downfall:CharBossMerchant","floor":52,"turns":8},{"damage":50,"enemies":"downfall:NeowBoss","floor":55,"turns":23}],"seed_played":"-2765546586735230190","potions_obtained":[{"floor":12,"key":"sneckomod:MuddlingPotion"},{"floor":13,"key":"AttackPotion"},{"floor":15,"key":"SneckoOil"}],"is_trial":false,"path_per_floor":["R","?","$","?","?","R","T","M","M","E","?","M","M","M","M","B",null,"R","M","M","M","M","M","T","$","R","E","M","E","R","M","M","B",null,"R","M","M","$","M","R","T","?","R","$","M","M","?","?","M","B",null,"E","$","R","B",null],"character_chosen":"THE_CHAMP","items_purchased":["champ:DefensiveStyle","champ:DeathBlow","champ:CheapShot","Oddly Smooth Stone","Lee\u0027s Waffle","Bottled Tornado"],"campfire_rested":1,"item_purchase_floors":[25,25,38,44,44,53],"current_hp_per_floor":[90,55,55,55,55,55,55,55,55,37,22,23,24,20,21,15,95,95,94,83,84,85,86,86,83,83,84,85,49,49,47,46,31,107,107,108,89,90,74,74,74,39,49,129,119,105,105,95,102,81,133,68,68,108,79],"gold":20,"neow_bonus":"THREE_ENEMY_KILL","is_daily":false,"chose_seed":false,"campfire_upgraded":7,"win_rate":0.0,"timestamp":1608760390,"path_taken":["R","?","?","?","?","R","T","?","M","E","?","M","M","M","M","BOSS","R","M","M","M","?","M","T","$","R","E","?","E","R","M","M","BOSS","R","M","M","$","M","R","T","?","R","$","?","M","?","?","M","BOSS","E","$","R","BOSS"],"items_purchased_type":["Card","Card","Card","Relic","Relic","Relic"],"build_version":"2020-12-22","purchased_purges":4,"victory":true,"max_hp_per_floor":[90,90,90,90,90,90,90,90,90,90,90,91,92,93,94,95,95,95,96,97,98,99,100,100,101,101,102,103,104,104,105,106,107,107,107,108,109,110,111,111,111,111,121,129,130,131,131,131,132,133,133,134,134,134,135],"card_choices":[{"not_picked":["champ:IronFortress","champ:CrookedStrike","champ:AdrenalArmor"],"picked":"SKIP","floor":3},{"not_picked":["champ:BerserkersShout","champ:Control"],"picked":"champ:EnGarde","floor":8},{"not_picked":["champ:GutPunch","champ:RisingSlash"],"picked":"champ:BringItOn","floor":9},{"not_picked":["champ:GutPunch","champ:HoldFirm"],"picked":"champ:FocusedDefense","floor":10},{"not_picked":["champ:Aggression","champ:Haymaker"],"picked":"champ:ShieldSigil","floor":11},{"not_picked":["champ:Shatter","champ:Riposte","champ:RageSigil"],"picked":"SKIP","floor":12},{"not_picked":["champ:BerserkersShout","champ:EnragedBash"],"picked":"champ:Circumvent","floor":13},{"not_picked":["champ:BerserkersShout","champ:PreciseThrust"],"picked":"champ:DefensiveShout","floor":14},{"not_picked":["champ:AdrenalArmor","champ:FocusedBerserking","champ:CrookedStrike"],"picked":"SKIP","floor":15},{"not_picked":["champ:ShieldSlam","champ:EnchantSword"],"picked":"champ:MurderStrike","floor":16},{"not_picked":["champ:FanOfKnives","champ:EnGarde","champ:AdrenalArmor"],"picked":"SKIP","floor":19},{"not_picked":["champ:HeartStrike","champ:GutPunch+1","champ:GladiatorsShout"],"picked":"SKIP","floor":20},{"not_picked":["champ:FaceSlap","champ:Balance+1","champ:FlashCut"],"picked":"SKIP","floor":21},{"not_picked":["champ:GladiatorsShout","champ:BringItOn"],"picked":"champ:Lariat+1","floor":22},{"not_picked":["champ:BringItOn","champ:BerserkersShout"],"picked":"champ:FalseCounter+1","floor":23},{"not_picked":["champ:CrookedStrike+1","champ:Haymaker"],"picked":"champ:SwordSigil","floor":25},{"not_picked":["champ:Backstep+1","champ:AdrenalArmor+1"],"picked":"champ:DefensiveShout+1","floor":27},{"not_picked":["champ:SwordThrow","champ:CrookedStrike","champ:FanOfKnives"],"picked":"SKIP","floor":28},{"not_picked":["champ:Shatter","champ:StanceDance","champ:FocusedGladiator"],"picked":"SKIP","floor":29},{"not_picked":["champ:ViciousMockery","champ:Haymaker+1"],"picked":"champ:SkillfulDodge","floor":31},{"not_picked":["champ:FlashCut+1","champ:RapidStrikes","champ:Backstep"],"picked":"SKIP","floor":31},{"not_picked":["champ:FlashCut+1","champ:RapidStrikes","champ:Backstep"],"picked":"SKIP","floor":31},{"not_picked":["champ:EnGarde+1","champ:StanceDance"],"picked":"champ:FocusedDefense","floor":32},{"not_picked":["champ:Shatter","champ:FlashCut","champ:GutPunch"],"picked":"SKIP","floor":32},{"not_picked":["champ:EnchantCrown","champ:StrikeOfGenius+1"],"picked":"champ:EnchantShield","floor":33},{"not_picked":["champ:TornadoPunch+1","champ:BladeFlurry","champ:GladiatorsShout+1"],"picked":"SKIP","floor":36},{"not_picked":["champ:GladiatorStyle+1","champ:GladiatorsShout","champ:FlashCut+1"],"picked":"SKIP","floor":36},{"not_picked":["champ:AdrenalArmor","champ:SkillfulDodge","champ:BladeFlurry+1"],"picked":"SKIP","floor":37},{"not_picked":["champ:GladiatorStyle+1","champ:TornadoPunch","champ:PerfectedStrike+1"],"picked":"SKIP","floor":37},{"not_picked":["champ:BladeFlurry","champ:AdrenalArmor"],"picked":"champ:SwordSigil+1","floor":38},{"not_picked":["champ:DeathBlow","champ:GladiatorsShout+1","champ:HeavySlash"],"picked":"SKIP","floor":39},{"not_picked":["champ:Backstep+1","champ:GladiatorsShout","champ:IronFortress+1"],"picked":"SKIP","floor":39},{"not_picked":["champ:GutPunch+1","champ:AdrenalArmor+1"],"picked":"champ:DefensiveStyle+1","floor":44},{"not_picked":["champ:PreciseThrust","champ:TornadoPunch"],"picked":"champ:VampiricStrike","floor":45},{"not_picked":["champ:GutPunch","champ:RageSigil","champ:Backstep+1"],"picked":"SKIP","floor":45},{"not_picked":["champ:PreciseThrust+1","champ:FightOn","champ:BerserkersShout"],"picked":"SKIP","floor":46},{"not_picked":["champ:DefensiveStyle+1","champ:GladiatorsShout","champ:CrookedStrike+1"],"picked":"SKIP","floor":46},{"not_picked":["expansioncontent:Collect+1","expansioncontent:DonusPower"],"picked":"expansioncontent:Chronoboost+1","floor":48},{"not_picked":["expansioncontent:TimeRipple","expansioncontent:Hexaburn"],"picked":"expansioncontent:DecasProtection","floor":48},{"not_picked":["champ:Shatter","champ:TornadoPunch"],"picked":"champ:ShieldSigil+1","floor":49},{"not_picked":["champ:RageSigil+1","champ:StanceDance+1","champ:Backstep+1"],"picked":"SKIP","floor":49},{"not_picked":["champ:EnGarde","champ:BerserkersShout","champ:BringItOn+1"],"picked":"SKIP","floor":52}],"player_experience":806622,"relics_obtained":[{"floor":7,"key":"Letter Opener"},{"floor":10,"key":"Akabeko"},{"floor":11,"key":"downfall:CloakOfManyFaces"},{"floor":27,"key":"Frozen Egg 2"},{"floor":29,"key":"Prayer Wheel"},{"floor":52,"key":"Bronze Scales"}],"event_choices":[{"cards_removed":["champ:DefensiveStyle"],"damage_healed":0,"gold_gain":0,"player_choice":"Removed Power","damage_taken":0,"max_hp_gain":0,"max_hp_loss":0,"event_name":"Falling","floor":47,"gold_loss":0}],"is_beta":false,"boss_relics":[{"not_picked":["SacredBark","Coffee Dripper"],"picked":"Sozu"},{"not_picked":["Velvet Choker","Snecko Eye","Calling Bell"]}],"items_purged_floors":[3,25,38,44],"is_endless":false,"potions_floor_spawned":[12,13,15,16,20,22,23,31,32,36,37,46,49],"ascension_level":0}}