{"host":"c4exyvkw5bx8cymg","time":1608705301,"event":{"mods":["AchievementEnabler","Aspiration","BaseMod","Better Altar","Better Match","Better Note","Better Sensory Stone","Better Skull","Better Third Choice","BetterRewards","CCEM","Clawfect","Colored Map","Conspire","Downfall","GifTheSpireLib","Halation","Highlight Path","Hubris","Infinite Spire","Mimic Mod","Minty Spire (QoL Compilation)","Permanent Neow","Replay The Spire","Shop Mod","Spicy Shops","StSLib","Stuff the Spire","Unceasing Turn Reminder","[IsaacMod]????"],"gold_per_floor":[112,112,132,132,146,173,184,218,249,249,269,269,294,319,319,418,418,446,467,7,7,7,7,35,35,35,64,82,99,122,141,141,250,250,294,11,39,67,67,67,67,103,156,190,190,237,276,318,318,364],"floor_reached":51,"playtime":3984,"items_purged":["conspire:HitWhereItHurts","hubris:ReadiedAction","Regret"],"score":692,"play_id":"6c4a5c8b-7fa0-484a-96f1-11977f03697d","local_time":"20201223043500","is_ascension_mode":false,"campfire_choices":[{"floor":10,"key":"REST"},{"floor":15,"key":"DIG"},{"floor":23,"key":"REST"},{"floor":32,"key":"REST"},{"data":"ReplayTheSpireMod:Faulty Equipment","floor":40,"key":"SMITH"},{"data":"Shockwave","floor":49,"key":"SMITH"}],"circlet_count":0,"master_deck":["Strike_R","Strike_R","Strike_R","Strike_R","Defend_R","Defend_R","Defend_R","Defend_R","Bash","Shockwave+1","Seeing Red","Ghostly Armor","Power Through","Reaper","ReplayTheSpireMod:Corrosion Curse","Fire Breathing","Disarm","Impervious","Impervious","Shrug It Off+1","Iron Wave","Combust","Inflame","Shrug It Off","Power Through","Armaments+1","Offering","Rage+1","Metallicize","Perfected Strike+1","Shrug It Off","Pommel Strike+1","Barricade","True Grit","Reaper"],"relics":["Burning Blood","HushsDoor","aspiration:Nostalgia","StuffTheSpire:OccultApparatus","BookofShadows","Boot","White Beast Statue","Replay:Bandana","BookOfRevelations","Runic Cube","GuppysCollar","SteamSale","HowToJump","HandDrill","Orichalcum","hubris:Icosahedron","aspiration:ChemicalBlood","Mummified Hand","Replay:Grab Bag","ReplayTheSpireMod:Onyx Gauntlets","infinitespire:Cupcake","infinitespire:Burning Sword","aspiration:PoetsPen_weak","ReplayTheSpireMod:CursedCoin","ReplayTheSpireMod:TigerMarble","CCEMRelics:SpiritsEdge","infinitespire:BottledMercury","infinitespire:Satchel","hubris:HerbalPaste","StuffTheSpire:Nightcore","halation:PapillonHeart","halation:PinkSoulGem","Lantern"],"acts_visited":["Exordium","TheCity","TheBeyond"],"potions_floor_usage":[8,8,9,13,16,16,19,24,24,24,33,33,38,50,50],"damage_taken":[{"damage":0,"enemies":"Small Slimes","floor":1,"turns":3},{"damage":5,"enemies":"Cultist","floor":3,"turns":4},{"damage":0,"enemies":"conspire:RoseBush","floor":5,"turns":3},{"damage":35,"enemies":"Gremlin Nob","floor":6,"turns":5},{"damage":0,"enemies":"Large Slime","floor":7,"turns":6},{"damage":22,"enemies":"Lagavulin","floor":8,"turns":7},{"damage":19,"enemies":"Red Slaver","floor":9,"turns":14},{"damage":7,"enemies":"Red Slaver","floor":11,"turns":4},{"damage":14,"enemies":"conspire:2 RoseBushes","floor":13,"turns":7},{"damage":2,"enemies":"Exordium Wildlife","floor":14,"turns":5},{"damage":0,"enemies":"Fading Forest","floor":16,"turns":11},{"damage":18,"enemies":"conspire:FuzzyDice","floor":18,"turns":9},{"damage":36,"enemies":"3 Byrds","floor":19,"turns":7},{"damage":54,"enemies":"Nightmare","floor":24,"turns":14},{"damage":0,"enemies":"Cultist and Chosen","floor":27,"turns":6},{"damage":16,"enemies":"Centurion and Healer","floor":28,"turns":8},{"damage":37,"enemies":"Sentry and Sphere","floor":29,"turns":11},{"damage":16,"enemies":"Shelled Parasite and Fungi","floor":30,"turns":14},{"damage":30,"enemies":"Cultist and Chosen","floor":31,"turns":7},{"damage":49,"enemies":"Automaton","floor":33,"turns":17},{"damage":7,"enemies":"3 Shapes","floor":35,"turns":2},{"damage":15,"enemies":"Orb Walker","floor":37,"turns":3},{"damage":16,"enemies":"Maw","floor":38,"turns":6},{"damage":6,"enemies":"3 Darklings","floor":42,"turns":4},{"damage":7,"enemies":"Writhing Mass","floor":43,"turns":6},{"damage":0,"enemies":"Writhing Mass","floor":44,"turns":4},{"damage":5,"enemies":"Nightmare","floor":46,"turns":9},{"damage":12,"enemies":"Sphere and 2 Shapes","floor":47,"turns":3},{"damage":6,"enemies":"Jaw Worm Horde","floor":48,"turns":3},{"damage":12,"enemies":"Replay:Hell Engine","floor":50,"turns":12}],"seed_played":"7947238507914809741","potions_obtained":[{"floor":3,"key":"Energy Potion"},{"floor":6,"key":"SteroidPotion"},{"floor":7,"key":"Adrenaline Potion"},{"floor":9,"key":"hexamod:EctoCoolerPotion"},{"floor":11,"key":"Explosive Potion"},{"floor":13,"key":"Fire Potion"},{"floor":14,"key":"PowerPotion"},{"floor":16,"key":"Weak Potion"},{"floor":18,"key":"Guardian:BlockOnCardUsePotion"},{"floor":19,"key":"Elixir"},{"floor":24,"key":"Guardian:BlockOnCardUsePotion"},{"floor":27,"key":"Reflective Coating"},{"floor":29,"key":"sneckomod:MuddlingPotion"},{"floor":33,"key":"PowerPotion"},{"floor":33,"key":"Milkshake"},{"floor":37,"key":"AttackPotion"},{"floor":38,"key":"hexamod:EctoCoolerPotion"},{"floor":43,"key":"BloodPotion"},{"floor":46,"key":"Energy Potion"},{"floor":47,"key":"DuplicationPotion"}],"is_trial":false,"path_per_floor":["M","?","M","?","M","E","M","E","MIM","R","M","?","M","M","R_BF","B",null,"M","M","$","?","?","R","NM","?","T","M","M","M","M","M","R","B",null,"M","$","M","M","AVR","R","?","M","MIM","M","?","NM","M","M","R","B",null],"character_chosen":"IRONCLAD","items_purchased":["Impervious","GuppysCollar","SteamSale","HowToJump","Iron Wave","HandDrill","Orichalcum","Combust","ReplayTheSpireMod:CursedCoin","ReplayTheSpireMod:TigerMarble","CCEMRelics:SpiritsEdge","Metallicize","infinitespire:BottledMercury","infinitespire:Satchel","hubris:HerbalPaste"],"campfire_rested":3,"item_purchase_floors":[17,17,20,20,20,20,20,20,36,36,36,36,36,36,36],"current_hp_per_floor":[80,80,80,80,80,51,57,41,33,57,56,56,58,72,72,80,63,57,37,37,37,37,55,12,18,18,60,59,46,46,32,50,27,63,62,62,63,55,55,55,55,60,59,60,60,60,60,60,60,54],"gold":364,"neow_bonus":"NOSTALGIA","is_daily":false,"chose_seed":false,"campfire_upgraded":2,"win_rate":0.0,"timestamp":1608705300,"path_taken":["M","?","M","?","M","E","M","E","MIM","R","M","?","M","M","R_BF","BOSS","M","M","$","?","?","R","NM","?","T","M","M","M","?","M","R","BOSS","M","$","M","M","AVR","R","?","?","MIM","M","?","NM","M","?","R","BOSS"],"items_purchased_type":["Card","Relic","Relic","Relic","Card","Relic","Relic","Card","Relic","Relic","Relic","Card","Relic","Relic","Relic"],"build_version":"2020-12-22","purchased_purges":3,"victory":true,"max_hp_per_floor":[80,80,80,80,80,80,80,80,80,80,80,80,80,80,80,80,63,63,63,63,63,63,63,63,63,63,63,63,63,63,63,63,63,63,63,63,63,63,63,63,60,60,60,60,60,60,60,60,60,60],"card_choices":[{"not_picked":["CrushJoints","Crescendo"],"picked":"Shockwave","floor":1},{"not_picked":["Tantrum","Pummel"],"picked":"Seeing Red","floor":3},{"not_picked":["Cleave","infinitespire:OneForAll"],"picked":"Ghostly Armor","floor":5},{"not_picked":["Perfected Strike","Cleave","Searing Blow"],"picked":"SKIP","floor":6},{"not_picked":["True Grit","Bomb"],"picked":"Power Through","floor":7},{"not_picked":["Halt","StuffTheSpire:Incineration"],"picked":"Reaper","floor":8},{"not_picked":["Clothesline","Pummel"],"picked":"ReplayTheSpireMod:Corrosion Curse","floor":9},{"not_picked":["Halt","Combust"],"picked":"Fire Breathing","floor":11},{"not_picked":["Crescendo","Dual Wield"],"picked":"Disarm","floor":13},{"not_picked":["Replay:Undeath\u0027s Touch","FollowUp"],"picked":"conspire:HitWhereItHurts","floor":14},{"not_picked":["Reaper","Fiend Fire"],"picked":"Impervious","floor":16},{"not_picked":["Sword Boomerang","Pommel Strike"],"picked":"Shrug It Off+1","floor":18},{"not_picked":["Replay:Undeath\u0027s Touch","Perfected Strike+1","StuffTheSpire:Pyroclast"],"picked":"SKIP","floor":19},{"not_picked":["StuffTheSpire:TitanForm","Clothesline"],"picked":"Inflame","floor":24},{"not_picked":["Rampage","ReplayTheSpireMod:Stacked"],"picked":"Shrug It Off","floor":27},{"not_picked":["ReplayTheSpireMod:Stacked","Perfected Strike+1"],"picked":"Power Through","floor":28},{"not_picked":["Pummel","StuffTheSpire:RagingBull+1"],"picked":"Armaments+1","floor":29},{"not_picked":["Sever Soul","Dropkick","Twin Strike+1"],"picked":"SKIP","floor":30},{"not_picked":["Pommel Strike","Run Through"],"picked":"hubris:ReadiedAction","floor":31},{"not_picked":["Corruption","Berserk"],"picked":"Offering","floor":33},{"not_picked":["Intimidate","Shrug It Off+1"],"picked":"Rage+1","floor":35},{"not_picked":["Flex","Replay:Undeath\u0027s Touch"],"picked":"Perfected Strike+1","floor":37},{"not_picked":["ReplayTheSpireMod:Muscle Training","conspire:Purge"],"picked":"Shrug It Off","floor":38},{"not_picked":["Thunderclap","Run Through"],"picked":"Pommel Strike+1","floor":42},{"not_picked":["Anger","Iron Wave+1"],"picked":"Barricade","floor":43},{"not_picked":["Burning Pact","Flex+1"],"picked":"True Grit","floor":44},{"not_picked":["Second Wind","Sever Soul+1"],"picked":"Reaper","floor":46},{"not_picked":["Clothesline","StuffTheSpire:RockThrow","Clash"],"picked":"SKIP","floor":47},{"not_picked":["Combust+1","Shrug It Off","StuffTheSpire:Slingshot"],"picked":"SKIP","floor":48}],"player_experience":2045,"relics_obtained":[{"floor":6,"key":"Boot"},{"floor":8,"key":"White Beast Statue"},{"floor":9,"key":"Replay:Bandana"},{"floor":15,"key":"BookOfRevelations"},{"floor":24,"key":"aspiration:ChemicalBlood"},{"floor":26,"key":"Mummified Hand"},{"floor":46,"key":"Lantern"}],"event_choices":[{"cards_removed":["Strike_R"],"damage_healed":0,"gold_gain":0,"player_choice":"Purged","damage_taken":0,"max_hp_gain":0,"max_hp_loss":0,"event_name":"Purifier","floor":2,"gold_loss":0},{"cards_removed":["ReplayTheSpireMod:Corrosion Curse"],"damage_healed":0,"gold_gain":0,"player_choice":"Give","damage_taken":0,"max_hp_gain":0,"max_hp_loss":0,"event_name":"betterNote:BetterNote","floor":21,"gold_loss":0,"cards_obtained":["Strike_R"]}],"is_beta":false,"boss_relics":[{"not_picked":["Replay:Drink Me","StuffTheSpire:RunicConfusion"],"picked":"Runic Cube"},{"not_picked":[]},{"not_picked":["Painkiller Herb","StuffTheSpire:ModemDavis"],"picked":"Replay:Grab Bag"},{"not_picked":["hubris:CrackedHourglass","halation:CatFaceCupcake"],"picked":"ReplayTheSpireMod:Onyx Gauntlets"},{"not_picked":["CCEMRelics:GreenEgg","halation:ForbiddenBikini"],"picked":"infinitespire:Cupcake"},{"not_picked":["Astrolabe","Snecko Eye"],"picked":"infinitespire:Burning Sword"},{"not_picked":["Runic Pyramid","SlaversCollar"],"picked":"aspiration:PoetsPen_weak"},{"not_picked":[]}],"items_purged_floors":[20,36,39],"is_endless":false,"potions_floor_spawned":[3,6,7,9,11,13,14,16,18,19,24,27,28,29,30,31,33,35,37,38,42,43,44,46,47,48],"ascension_level":0}}