{"host":"szp1d6dso4pv7ddl","time":1608766079,"event":{"mods":["AchievementEnabler","Alarm Clock","BaseMod","Bestiary","Block Reminder","Colored Map","Colored Powertips","Curses Come First","Displayed Cursed Tome","Highlight Path","Minty Spire (QoL Compilation)","Permanent Neow","Quick Restart","Relic Sorter","Relic Stats","StSLib","Synergy Search"],"gold_per_floor":[18,18,32,43,58,89,107,107,107,126,140,140,153,171,171,266,266,284,199,232,252,177,177,177,177],"floor_reached":24,"playtime":1978,"items_purged":[],"score":293,"play_id":"5ddcfa00-f1c1-460c-acd1-5e439d52ec7e","local_time":"20201223152759","is_ascension_mode":true,"campfire_choices":[{"floor":8.0,"key":"REST"},{"floor":12.0,"key":"REST"},{"floor":15.0,"key":"REST"},{"floor":23,"key":"REST"}],"circlet_count":0,"master_deck":["Strike_G","Strike_G","Strike_G","Strike_G","Strike_G","Defend_G","Defend_G","Defend_G","Defend_G","Survivor","Neutralize","Mayhem+1","Heel Hook","Bouncing Flask","Sucker Punch","Leg Sweep","Setup","Cloak And Dagger","Crippling Poison","Crippling Poison","Phantasmal Killer","Dagger Spray+1","Acrobatics+1","Backflip"],"relics":["Ring of the Snake","Happy Flower","Mummified Hand","WristBlade","Akabeko","Red Mask"],"acts_visited":["Exordium","TheCity"],"potions_floor_usage":[20,21],"damage_taken":[{"damage":5.0,"enemies":"Jaw Worm","floor":1.0,"turns":5.0},{"damage":0.0,"enemies":"Small Slimes","floor":3.0,"turns":4.0},{"damage":6.0,"enemies":"2 Louse","floor":4.0,"turns":3.0},{"damage":6.0,"enemies":"Exordium Wildlife","floor":5.0,"turns":4.0},{"damage":13.0,"enemies":"Lagavulin","floor":6.0,"turns":6.0},{"damage":9.0,"enemies":"Blue Slaver","floor":7.0,"turns":4.0},{"damage":33.0,"enemies":"Gremlin Gang","floor":10.0,"turns":9.0},{"damage":0.0,"enemies":"Looter","floor":11.0,"turns":3.0},{"damage":0.0,"enemies":"Exordium Wildlife","floor":13.0,"turns":3.0},{"damage":0.0,"enemies":"Red Slaver","floor":14.0,"turns":4.0},{"damage":23.0,"enemies":"Hexaghost","floor":16.0,"turns":11.0},{"damage":35.0,"enemies":"Chosen","floor":18.0,"turns":7.0},{"damage":12,"enemies":"Masked Bandits","floor":20,"turns":2},{"damage":10,"enemies":"2 Thieves","floor":21,"turns":4},{"damage":24,"enemies":"Gremlin Leader","floor":24,"turns":3}],"seed_played":"-3855263293115549273","potions_obtained":[{"floor":1.0,"key":"SpeedPotion"},{"floor":13.0,"key":"GamblersBrew"},{"floor":14.0,"key":"Strength Potion"},{"floor":16.0,"key":"FearPotion"},{"floor":20,"key":"SkillPotion"}],"is_trial":false,"path_per_floor":["M","?","M","M","M","E","M","R","T","M","M","R","M","M","R","B",null,"M","?","?","M","?","R","E"],"character_chosen":"THE_SILENT","items_purchased":[],"campfire_rested":4,"item_purchase_floors":[],"current_hp_per_floor":[58,58,58,52,46,33,24,45,45,12,12,33,33,33,54,31,60,25,25,13,3,3,24,0,0],"gold":177,"neow_bonus":"RANDOM_COLORLESS_2","is_daily":false,"chose_seed":false,"campfire_upgraded":0,"win_rate":0.0,"timestamp":1608766079,"path_taken":["M","?","M","M","M","E","M","R","T","M","M","R","M","M","R","BOSS","M","?","?","M","?","R","E"],"items_purchased_type":[],"build_version":"2020-12-22","purchased_purges":0,"victory":false,"max_hp_per_floor":[70,70,70,70,70,70,70,70,70,70,70,70,70,70,70,70,70,70,70,70,70,70,70,70,70],"relic_stats":{"Happy Flower":[15],"counters":[15,72],"Mummified Hand":[9],"obtain_stats":[{"Happy Flower":9,"WristBlade":17,"Mummified Hand":6,"Red Mask":20,"Akabeko":19,"Ring of the Snake":0},{"Happy Flower":6,"WristBlade":11,"Mummified Hand":5,"Red Mask":13,"Akabeko":12,"Ring of the Snake":0},{"Happy Flower":26,"WristBlade":56,"Mummified Hand":22,"Red Mask":65,"Akabeko":63,"Ring of the Snake":0}],"Ring of the Snake":[30]},"card_choices":[{"not_picked":["Apotheosis","Master of Strategy"],"picked":"Mayhem","floor":0.0},{"not_picked":["Backflip","PiercingWail"],"picked":"Heel Hook","floor":1.0},{"not_picked":["Bane","Prepared"],"picked":"Bouncing Flask","floor":3.0},{"not_picked":["Doppelganger","Dagger Throw"],"picked":"Sucker Punch","floor":4.0},{"not_picked":["Eviscerate","Blade Dance"],"picked":"Leg Sweep","floor":5.0},{"not_picked":["Slice","Dagger Throw"],"picked":"Setup","floor":6.0},{"not_picked":["Flying Knee","Distraction"],"picked":"Cloak And Dagger","floor":7.0},{"not_picked":["Dagger Spray","Dodge and Roll"],"picked":"Crippling Poison","floor":10.0},{"not_picked":["Blade Dance","Slice"],"picked":"Crippling Poison","floor":11.0},{"not_picked":["All Out Attack","Underhanded Strike","Escape Plan"],"picked":"SKIP","floor":13.0},{"not_picked":["Dodge and Roll","Sucker Punch","Tools of the Trade"],"picked":"SKIP","floor":14.0},{"not_picked":["Malaise","After Image"],"picked":"Phantasmal Killer","floor":16.0},{"not_picked":["Deadly Poison","Calculated Gamble"],"picked":"Dagger Spray+1","floor":18.0},{"not_picked":["PiercingWail","Deadly Poison+1"],"picked":"Acrobatics+1","floor":20},{"not_picked":["All Out Attack","Caltrops"],"picked":"Backflip","floor":21}],"player_experience":987721,"relics_obtained":[{"floor":6.0,"key":"Mummified Hand"},{"floor":9.0,"key":"Happy Flower"},{"floor":20,"key":"Red Mask"}],"event_choices":[{"damage_healed":0.0,"max_hp_gain":0.0,"max_hp_loss":0.0,"gold_gain":0.0,"event_name":"Living Wall","player_choice":"Grow","floor":2.0,"gold_loss":0.0,"damage_taken":0.0,"cards_upgraded":["Mayhem"]},{"damage_healed":0.0,"max_hp_gain":0.0,"max_hp_loss":0.0,"gold_gain":0.0,"event_name":"Addict","player_choice":"Obtained Relic","floor":19.0,"gold_loss":85.0,"damage_taken":0.0,"relics_obtained":["Akabeko"]},{"damage_healed":0,"gold_gain":0,"player_choice":"Fought Bandits","damage_taken":0,"max_hp_gain":0,"max_hp_loss":0,"event_name":"Masked Bandits","floor":20,"gold_loss":0},{"cards_removed":["Defend_G"],"damage_healed":0,"gold_gain":0,"player_choice":"Gave Gold","damage_taken":0,"max_hp_gain":0,"max_hp_loss":0,"event_name":"Beggar","floor":22,"gold_loss":75}],"is_beta":false,"boss_relics":[{"not_picked":["Sozu","Astrolabe"],"picked":"WristBlade"}],"items_purged_floors":[],"is_endless":false,"potions_floor_spawned":[1,13,14,16,20],"killed_by":"Gremlin Leader","ascension_level":9}}