{"host":"0rnesvkxrqb3qgnn","time":1608700539,"event":{"mods":["BaseMod","Colored Map","Colored Powertips","Highlight Path","Minty Spire (QoL Compilation)","Relic Stats","StSLib"],"gold_per_floor":[112,112,123,123,136,136,171,171,240,255,287,287,305,305,305,305,305],"floor_reached":16,"playtime":672,"items_purged":[],"score":110,"play_id":"c1a1c23b-e0a9-4e35-bef0-609691fcc31a","local_time":"20201223161539","is_ascension_mode":false,"campfire_choices":[{"data":"Zap","floor":6,"key":"SMITH"},{"data":"Redo","floor":8,"key":"SMITH"},{"floor":12,"key":"REST"},{"data":"Redo","floor":15,"key":"SMITH"}],"circlet_count":0,"master_deck":["Strike_B","Strike_B","Strike_B","Strike_B","Defend_B","Defend_B","Defend_B+1","Defend_B","Zap+1","Dualcast","Conserve Battery+1","Redo+1","Storm","BootSequence","Capacitor","Redo+1"],"relics":["Cracked Core","NeowsBlessing","MealTicket","Oddly Smooth Stone","Darkstone Periapt","Bottled Tornado"],"acts_visited":["Exordium"],"potions_floor_usage":[16,16],"damage_taken":[{"damage":0,"enemies":"Jaw Worm","floor":1,"turns":1},{"damage":0,"enemies":"2 Louse","floor":3,"turns":1},{"damage":0,"enemies":"Cultist","floor":5,"turns":1},{"damage":28,"enemies":"3 Sentries","floor":7,"turns":8},{"damage":2,"enemies":"Looter","floor":10,"turns":3},{"damage":16,"enemies":"Lagavulin","floor":11,"turns":8},{"damage":0,"enemies":"2 Fungi Beasts","floor":13,"turns":3},{"damage":37,"enemies":"Slime Boss","floor":16,"turns":9}],"seed_played":"5466171325159999884","potions_obtained":[{"floor":7,"key":"CultistPotion"},{"floor":11,"key":"Explosive Potion"},{"floor":13,"key":"DuplicationPotion"}],"is_trial":false,"path_per_floor":["M","?","M","?","M","R","E","R","T","M","E","R","M","?","R","B"],"character_chosen":"DEFECT","items_purchased":[],"campfire_rested":1,"item_purchase_floors":[],"current_hp_per_floor":[75,60,60,60,60,60,32,32,32,30,14,36,36,36,36,0,0],"gold":305,"neow_bonus":"THREE_ENEMY_KILL","is_daily":false,"chose_seed":false,"campfire_upgraded":3,"win_rate":0.0,"timestamp":1608700539,"path_taken":["M","?","M","?","M","R","E","R","T","M","E","R","M","?","R","BOSS"],"items_purchased_type":[],"build_version":"2020-12-22","purchased_purges":0,"victory":false,"max_hp_per_floor":[75,75,75,75,75,75,75,75,75,75,75,75,75,75,75,75,75],"relic_stats":{"Darkstone Periapt":0,"counters":[8,34],"MealTicket":0,"obtain_stats":[{"Darkstone Periapt":9,"NeowsBlessing":0,"Oddly Smooth Stone":7,"MealTicket":4,"Bottled Tornado":11,"Cracked Core":0},{"Darkstone Periapt":4,"NeowsBlessing":0,"Oddly Smooth Stone":4,"MealTicket":2,"Bottled Tornado":6,"Cracked Core":0},{"Darkstone Periapt":11,"NeowsBlessing":0,"Oddly Smooth Stone":11,"MealTicket":2,"Bottled Tornado":22,"Cracked Core":0}]},"card_choices":[{"not_picked":["Turbo","Go for the Eyes"],"picked":"Conserve Battery","floor":1},{"not_picked":["Consume","Cold Snap"],"picked":"Redo","floor":3},{"not_picked":["Coolheaded","Streamline"],"picked":"Storm","floor":5},{"not_picked":["Ball Lightning","Tempest"],"picked":"BootSequence","floor":7},{"not_picked":["Reprogram","BootSequence","Compile Driver"],"picked":"SKIP","floor":10},{"not_picked":["Blizzard","Tempest"],"picked":"Capacitor","floor":11},{"not_picked":["Reprogram","Cold Snap"],"picked":"Redo","floor":13}],"player_experience":89515,"relics_obtained":[{"floor":7,"key":"Oddly Smooth Stone"},{"floor":9,"key":"Darkstone Periapt"},{"floor":11,"key":"Bottled Tornado"}],"event_choices":[{"damage_healed":0,"gold_gain":0,"player_choice":"Entered Light","damage_taken":15,"max_hp_gain":0,"max_hp_loss":0,"event_name":"Shining Light","floor":2,"gold_loss":0,"cards_upgraded":["Defend_B","Conserve Battery"]},{"damage_healed":0,"gold_gain":0,"player_choice":"Box","damage_taken":0,"relics_obtained":["MealTicket"],"max_hp_gain":0,"max_hp_loss":0,"event_name":"Big Fish","floor":4,"gold_loss":0,"cards_obtained":["Regret"]},{"cards_removed":["Regret"],"damage_healed":0,"gold_gain":0,"player_choice":"Purged","damage_taken":0,"max_hp_gain":0,"max_hp_loss":0,"event_name":"Purifier","floor":14,"gold_loss":0}],"is_beta":false,"boss_relics":[],"items_purged_floors":[],"is_endless":false,"potions_floor_spawned":[7,11,13],"killed_by":"Slime Boss","ascension_level":0}}