{"host":"o54aw4mfims5m8ve","time":1608748919,"event":{"mods":["BaseMod","Downfall","Minty Spire (QoL Compilation)","StSLib"],"gold_per_floor":[115,131,41,56,70,105,105,105,115,144,154,2,2,2,2,105,155,173,192,52,152,152,152,152,163,13,31,31,47,80,65,65,166,166,179,190,190,209,110,460,460,460,471,497,497,508,537,557,482,482,482,514,118,118,118,118,118],"floor_reached":55,"playtime":8387,"items_purged":["Guardian:Strike_Guardian","Guardian:Strike_Guardian","Guardian:Defend_Guardian","Guardian:Defend_Guardian"],"score":859,"play_id":"00ca5588-bf89-44aa-a879-9e9728964545","local_time":"20201223184159","is_ascension_mode":false,"campfire_choices":[{"data":"Guardian:TwinSlam","floor":13,"key":"SMITH"},{"floor":15,"key":"RECALL"},{"data":"Guardian:SphericShield","floor":26,"key":"SMITH"},{"data":"Guardian:BronzeOrb","floor":28,"key":"SMITH"},{"data":"Guardian:SentryBeam","floor":32,"key":"SMITH"},{"data":"Guardian:RevengeProtocol","floor":42,"key":"SMITH"},{"floor":49,"key":"REST"},{"data":"Guardian:DonusPower","floor":54,"key":"SMITH"}],"circlet_count":0,"master_deck":["Guardian:Strike_Guardian+1","Guardian:Defend_Guardian","Guardian:CurlUp","Guardian:TwinSlam+1","Guardian:SentryBeam+1","Guardian:Repulse","Guardian:Planning","Guardian:FloatingOrbs","Guardian:PiercingHide","Guardian:Gem_Green","Guardian:BronzeOrb+1","Guardian:ChargeCore+1","Guardian:SphericShield+1","Guardian:FloatingOrbs","Guardian:TimeCapacitor","Guardian:DonusPower+1","Guardian:ChargeUp","Guardian:Gem_Red","RitualDagger+1","Guardian:Preprogram","Guardian:PrimingBeam","Guardian:TemporalStrike+1","Guardian:Gem_Blue","Guardian:RevengeProtocol+1","Guardian:SpikerProtocol","Guardian:FastForward","Guardian:TemporalShield","Guardian:GuardianWhirl+1"],"relics":["Guardian:ModeShifter","Lantern","Guardian:SackOfGems","Tiny House","Shuriken","Gambling Chip","MutagenicStrength","Bottled Flame","downfall:HeartBlessingBlue","downfall:HeartBlessingRed","Boot","Empty Cage","Matryoshka","Old Coin","Whetstone","White Beast Statue","Blood Vial","Letter Opener","downfall:HeartBlessingGreen","PreservedInsect","Medical Kit","Bottled Lightning"],"acts_visited":["Exordium","TheCity","TheBeyond","TheEnding"],"potions_floor_usage":[6,9,20,20,21,29,33,33,40,46,47,47,47,48,50,55],"damage_taken":[{"damage":5,"enemies":"Jaw Worm","floor":1,"turns":4},{"damage":0,"enemies":"2 Louse","floor":2,"turns":3},{"damage":0,"enemies":"downfall:FleeingMerchant","floor":3,"turns":4},{"damage":0,"enemies":"Small Slimes","floor":4,"turns":4},{"damage":4,"enemies":"Exordium Thugs","floor":5,"turns":4},{"damage":14,"enemies":"3 Sentries","floor":6,"turns":9},{"damage":0,"enemies":"2 Fungi Beasts","floor":9,"turns":3},{"damage":15,"enemies":"Gremlin Nob","floor":10,"turns":5},{"damage":11,"enemies":"Large Slime","floor":11,"turns":6},{"damage":5,"enemies":"downfall:FleeingMerchant","floor":12,"turns":4},{"damage":13,"enemies":"downfall:Ironclad","floor":16,"turns":9},{"damage":5,"enemies":"Shell Parasite","floor":18,"turns":6},{"damage":0,"enemies":"3 Cultists","floor":19,"turns":4},{"damage":4,"enemies":"downfall:FleeingMerchant","floor":20,"turns":4},{"damage":8,"enemies":"downfall:Silent","floor":21,"turns":6},{"damage":0,"enemies":"Shelled Parasite and Fungi","floor":25,"turns":5},{"damage":5,"enemies":"Chosen and Byrds","floor":27,"turns":3},{"damage":0,"enemies":"Centurion and Healer","floor":29,"turns":4},{"damage":16,"enemies":"Slavers","floor":30,"turns":3},{"damage":0,"enemies":"downfall:FleeingMerchant","floor":31,"turns":4},{"damage":0,"enemies":"downfall:Watcher","floor":33,"turns":6},{"damage":0,"enemies":"3 Shapes","floor":35,"turns":3},{"damage":2,"enemies":"Orb Walker","floor":36,"turns":3},{"damage":20,"enemies":"Transient","floor":38,"turns":5},{"damage":8,"enemies":"downfall:FleeingMerchant","floor":39,"turns":4},{"damage":11,"enemies":"Mind Bloom Boss Battle","floor":40,"turns":4},{"damage":25,"enemies":"Spire Growth","floor":43,"turns":4},{"damage":0,"enemies":"Giant Head","floor":44,"turns":6},{"damage":5,"enemies":"Sphere and 2 Shapes","floor":46,"turns":3},{"damage":16,"enemies":"Nemesis","floor":47,"turns":6},{"damage":3,"enemies":"Maw","floor":48,"turns":6},{"damage":27,"enemies":"downfall:Silent","floor":50,"turns":9},{"damage":23,"enemies":"downfall:CharBossMerchant","floor":52,"turns":7},{"damage":91,"enemies":"downfall:NeowBoss","floor":55,"turns":18}],"seed_played":"-7117292728199810006","potions_obtained":[{"floor":4,"key":"BlessingOfTheForge"},{"floor":5,"key":"SteroidPotion"},{"floor":6,"key":"Guardian:AcceleratePotion"},{"floor":10,"key":"Swift Potion"},{"floor":11,"key":"Slimebound:ThreeZeroPotion"},{"floor":18,"key":"Guardian:AcceleratePotion"},{"floor":22,"key":"CultistPotion"},{"floor":25,"key":"DuplicationPotion"},{"floor":27,"key":"SkillPotion"},{"floor":35,"key":"SteroidPotion"},{"floor":38,"key":"SpeedPotion"},{"floor":43,"key":"Weak Potion"},{"floor":44,"key":"AttackPotion"},{"floor":46,"key":"champ:CounterPotion"},{"floor":47,"key":"SkillPotion"},{"floor":48,"key":"FearPotion"},{"floor":52,"key":"SkillPotion"}],"is_trial":false,"path_per_floor":["M","M","$","M","M","E","T","?","M","E","M","$","R","?","R","B",null,"M","M","$","?","?","?","T","M","R","M","R","M","E","$","R","B",null,"M","M","?","M","$","?","T","R","M","E","?","M","E","M","R","B",null,"E","$","R","B"],"character_chosen":"GUARDIAN","items_purchased":["Guardian:FloatingOrbs","Guardian:SpikerProtocol","Matryoshka","Medical Kit","Bottled Lightning"],"campfire_rested":1,"item_purchase_floors":[12,39,39,53,53],"current_hp_per_floor":[83,83,83,83,79,65,65,65,65,50,39,34,34,34,34,21,93,88,88,84,76,76,76,76,76,86,81,81,81,65,65,65,65,103,103,101,101,81,73,62,62,62,37,37,37,34,20,19,49,24,103,80,80,80,0,0,0],"gold":118,"neow_bonus":"TEN_PERCENT_HP_BONUS","is_daily":false,"chose_seed":false,"campfire_upgraded":6,"win_rate":0.0,"timestamp":1608748919,"path_taken":["M","M","$","M","M","E","T","?","M","E","M","$","R","?","R","BOSS","M","M","$","?","?","?","T","M","R","M","R","?","E","$","R","BOSS","M","M","?","M","$","?","T","R","M","E","?","M","E","M","R","BOSS","E","$","R","BOSS"],"items_purchased_type":["Card","Card","Relic","Relic","Relic"],"build_version":"2020-12-22","purchased_purges":4,"victory":false,"max_hp_per_floor":[88,88,88,88,88,88,88,88,88,88,88,88,88,88,88,88,93,93,93,93,93,93,93,93,93,103,103,103,103,103,103,103,103,103,103,103,103,103,103,103,103,103,103,103,103,103,103,103,103,103,103,103,103,103,103,103,103],"card_choices":[{"not_picked":["Guardian:PrimingBeam","Guardian:VentSteam"],"picked":"Guardian:Gem_Crimson","floor":1},{"not_picked":["Guardian:ShieldSpikes","Guardian:Reroute"],"picked":"Guardian:SentryBeam","floor":2},{"not_picked":["Guardian:PolyBeam","Guardian:Emergency"],"picked":"Guardian:Repulse","floor":3},{"not_picked":["Guardian:PrismaticBarrier","Guardian:RollAttack"],"picked":"Guardian:Planning","floor":4},{"not_picked":["Guardian:TemporalStrike","Guardian:VentSteam"],"picked":"Guardian:Gem_Orange","floor":5},{"not_picked":["Guardian:PolyBeam","Guardian:TemporalShield"],"picked":"Guardian:FloatingOrbs","floor":6},{"not_picked":["Guardian:PrismaticBarrier","Guardian:VentSteam"],"picked":"Guardian:PiercingHide","floor":9},{"not_picked":["Guardian:Recover","Guardian:Emergency"],"picked":"Guardian:BronzeOrb","floor":10},{"not_picked":["Guardian:Repulse","Guardian:Harden"],"picked":"Guardian:ChargeCore","floor":11},{"not_picked":["Guardian:PiercingHide","Guardian:PrismaticBeam"],"picked":"Guardian:SphericShield","floor":12},{"not_picked":["Guardian:SphericShield","Guardian:ExploitGems"],"picked":"Guardian:Gem_Orange","floor":16},{"not_picked":["Guardian:RollAttack","Guardian:Recover"],"picked":"Guardian:TimeCapacitor","floor":17},{"not_picked":["Guardian:ChargeCore","Guardian:Repulse+1"],"picked":"Guardian:DonusPower","floor":18},{"not_picked":["Guardian:Planning","Guardian:PrismaticBarrier","Guardian:Gem_Crimson"],"picked":"SKIP","floor":19},{"not_picked":["Guardian:FloatingOrbs+1","Guardian:Suspension"],"picked":"Guardian:ChargeUp","floor":20},{"not_picked":["Guardian:Gem_White","Guardian:Gem_Lightblue"],"picked":"Guardian:Gem_Red","floor":21},{"not_picked":["Guardian:Gem_Red","Guardian:Emergency"],"picked":"Guardian:Preprogram","floor":25},{"not_picked":["Guardian:VentSteam+1","Guardian:RollAttack"],"picked":"Guardian:PrimingBeam","floor":27},{"not_picked":["Guardian:RollAttack","Guardian:Clone"],"picked":"Guardian:TemporalStrike+1","floor":29},{"not_picked":["Guardian:MultiBeam+1","Guardian:PrimingBeam"],"picked":"Guardian:Gem_Blue","floor":30},{"not_picked":["Guardian:DonusPower","Guardian:TemporalStrike","Guardian:CrystalBeam+1"],"picked":"SKIP","floor":31},{"not_picked":["Guardian:Gem_Synthetic","Guardian:ExploitGems"],"picked":"Guardian:RevengeProtocol","floor":33},{"not_picked":["Guardian:PrimingBeam+1","Guardian:TimeBomb+1","Guardian:WalkerClaw"],"picked":"SKIP","floor":35},{"not_picked":["Guardian:ChargeCore","Guardian:MultiBeam","Guardian:WalkerClaw+1"],"picked":"SKIP","floor":36},{"not_picked":["Guardian:Gem_Green","Guardian:GuardianWhirl+1","Guardian:Gem_Lightblue"],"picked":"SKIP","floor":38},{"not_picked":["Guardian:Gem_Blue","Guardian:ChargeUp+1","Guardian:Gem_Cyan"],"picked":"SKIP","floor":39},{"not_picked":["Guardian:Gem_Red","Guardian:Gem_Fragmented"],"picked":"Guardian:Incinerate","floor":40},{"not_picked":["Guardian:PiercingHide+1","Guardian:RollAttack+1","Guardian:Gem_Red"],"picked":"SKIP","floor":43},{"not_picked":["Guardian:TimeBomb","Guardian:TemporalStrike+1","Guardian:Harden"],"picked":"SKIP","floor":44},{"not_picked":["Guardian:ChargeCore","Guardian:Reroute+1"],"picked":"Guardian:FastForward","floor":46},{"not_picked":["Guardian:WalkerClaw+1","Guardian:ChargeUp+1","Guardian:Planning+1"],"picked":"SKIP","floor":47},{"not_picked":["Guardian:RollAttack+1","Guardian:Gem_Red"],"picked":"Guardian:TemporalShield","floor":48},{"not_picked":["Guardian:Gem_Green","Guardian:CrystalBeam"],"picked":"Guardian:GuardianWhirl+1","floor":52}],"player_experience":113086,"relics_obtained":[{"floor":6,"key":"Lantern"},{"floor":10,"key":"Guardian:SackOfGems"},{"floor":21,"key":"Shuriken"},{"floor":21,"key":"Gambling Chip"},{"floor":24,"key":"Bottled Flame"},{"floor":30,"key":"Boot"},{"floor":40,"key":"Old Coin"},{"floor":41,"key":"Whetstone"},{"floor":41,"key":"White Beast Statue"},{"floor":44,"key":"Blood Vial"},{"floor":47,"key":"Letter Opener"},{"floor":52,"key":"PreservedInsect"}],"event_choices":[{"damage_healed":0,"gold_gain":0,"player_choice":"Inject Mutagens","damage_taken":0,"relics_obtained":["MutagenicStrength"],"max_hp_gain":0,"max_hp_loss":0,"event_name":"Drug Dealer","floor":23,"gold_loss":0},{"cards_removed":["Guardian:Incinerate"],"damage_healed":0,"gold_gain":0,"player_choice":"Removed Attack","damage_taken":0,"max_hp_gain":0,"max_hp_loss":0,"event_name":"Falling","floor":45,"gold_loss":0}],"is_beta":false,"boss_relics":[{"not_picked":["Calling Bell","SacredBark"],"picked":"Tiny House"},{"not_picked":["Black Star","Coffee Dripper"],"picked":"Empty Cage"}],"items_purged_floors":[3,12,20,39],"is_endless":false,"potions_floor_spawned":[4,5,6,10,11,18,19,25,27,35,38,43,44,46,47,48,52],"killed_by":"downfall:NeowBoss","ascension_level":0}}