{"host":"kdt6w7ix8lwe69i9","time":1608736095,"event":{"mods":["Bartender","BaseMod","Downfall","Fiend Mod","Jorbs\u0027s Wanderer Trilogy","Minty Spire (QoL Compilation)","Reimu（博丽灵梦）","Robot Space Explorer","StSLib","The Cursed","The Disciple","The Dragon Tamer","The Druid","The Elementalist","The Forsaken","The Gatherer","The Judge","TheBandit"],"gold_per_floor":[110,110,123,141,70,105,105,118,169,183,32,95,95,95,95,192,192,212,227,227,243,258,258,258,258,258],"floor_reached":24,"playtime":3504,"items_purged":[],"score":198,"play_id":"8383abb8-3800-400d-a6bf-afe800b41fc6","local_time":"20201223100815","is_ascension_mode":false,"metric_token":1169,"campfire_choices":[{"floor":13.0,"key":"REST"},{"data":"Gatherer:FlowerWhip+1","floor":15.0,"key":"SMITH"},{"data":"Gatherer:FlowerWhip+2","floor":23,"key":"SMITH"}],"circlet_count":0,"master_deck":["Gatherer:Strike_Gatherer","Gatherer:Strike_Gatherer","Gatherer:Strike_Gatherer","Gatherer:Strike_Gatherer","Gatherer:Strike_Gatherer","Gatherer:Defend_Gatherer","Gatherer:Defend_Gatherer","Gatherer:Centralize","Gatherer:FlowerWhip+3","Gatherer:FruitForce","Gatherer:DrugPower","Gatherer:CollectorsShot","Gatherer:GatherMaterial","Gatherer:RottenStipe","Gatherer:CarefulStrike","Gatherer:TacticalStrike","Gatherer:SpareBottle","Gatherer:Enchant+1","Gatherer:TacticalStrike+1","Gatherer:SealedBomb+1","Gatherer:EchoOfNature+1","Gatherer:AcidicSpray","Gatherer:VenomBarrier+1","Gatherer:SaveValuables+1"],"relics":["Gatherer:AlchemyBag","NeowsBlessing","StrikeDummy","Orichalcum","Guardian:PocketSentry","Astrolabe"],"acts_visited":["Exordium","TheCity"],"potions_floor_usage":[18],"damage_taken":[{"damage":0.0,"enemies":"2 Louse","floor":1.0,"turns":1.0},{"damage":0.0,"enemies":"Cultist","floor":3.0,"turns":1.0},{"damage":0.0,"enemies":"Jaw Worm","floor":4.0,"turns":1.0},{"damage":32.0,"enemies":"Lagavulin","floor":6.0,"turns":8.0},{"damage":8.0,"enemies":"2 Fungi Beasts","floor":8.0,"turns":3.0},{"damage":0.0,"enemies":"Large Slime","floor":10.0,"turns":4.0},{"damage":22.0,"enemies":"Hexaghost","floor":16.0,"turns":9.0},{"damage":3,"enemies":"Shell Parasite","floor":18,"turns":3},{"damage":0,"enemies":"Spheric Guardian","floor":19,"turns":3},{"damage":18,"enemies":"Snake Plant","floor":21,"turns":4},{"damage":4,"enemies":"Centurion and Healer","floor":22,"turns":6},{"damage":65,"enemies":"Gremlin Leader","floor":24,"turns":8}],"seed_played":"-754364897770209027","potions_obtained":[{"floor":3.0,"key":"Dexterity Potion"},{"floor":16.0,"key":"Weak Potion"}],"is_trial":false,"path_per_floor":["M","?","M","M","$","E","?","M","T","M","$","?","R","?","R","B",null,"M","M","?","M","M","R","E"],"character_chosen":"THE_GATHERER","items_purchased":["Gatherer:CollectorsShot","Gatherer:GatherMaterial","Guardian:PocketSentry"],"campfire_rested":1,"item_purchase_floors":[5,5,11],"current_hp_per_floor":[72,65,69,69,69,37,37,29,29,29,29,29,51,51,51,29,76,73,73,86,68,64,64,0,0,0],"gold":258,"neow_bonus":"THREE_ENEMY_KILL","is_daily":false,"chose_seed":false,"campfire_upgraded":2,"win_rate":0.0,"timestamp":1608736095,"path_taken":["M","?","M","?","?","E","?","M","T","M","$","?","R","?","R","BOSS","M","?","?","M","M","R","E"],"items_purchased_type":["Card","Card","Relic"],"build_version":"2020-12-22","purchased_purges":0,"victory":false,"max_hp_per_floor":[72,72,76,76,76,76,76,76,76,76,76,76,76,76,76,76,76,76,76,86,86,86,86,86,86,86],"card_choices":[{"not_picked":["Gatherer:EnergyBasket","Gatherer:ScentOfRosmari"],"picked":"Gatherer:QuickSynthesis","floor":1.0},{"not_picked":["Gatherer:Duality","Gatherer:FragileHammer"],"picked":"Gatherer:FruitForce","floor":3.0},{"not_picked":["Gatherer:SealedBomb","Gatherer:WoolGloves"],"picked":"Gatherer:DrugPower","floor":4.0},{"not_picked":["Gatherer:ScherryThrow","Gatherer:Duality"],"picked":"Gatherer:RottenStipe","floor":6.0},{"not_picked":["Gatherer:Duality","Gatherer:ScrollOfWall"],"picked":"Gatherer:CarefulStrike","floor":8.0},{"not_picked":["Gatherer:SaveValuables","Gatherer:FlowerFalling"],"picked":"Gatherer:TacticalStrike","floor":10.0},{"not_picked":["Gatherer:FinishingStrike","Gatherer:HeartToFruit"],"picked":"Gatherer:MindSearch","floor":16.0},{"not_picked":["Gatherer:CollectorsShot","Gatherer:SaveValuables+1"],"picked":"Gatherer:EchoOfNature+1","floor":18},{"not_picked":["Gatherer:Frenzy","Gatherer:Liquidism"],"picked":"Gatherer:AcidicSpray","floor":19},{"not_picked":["Gatherer:HeartToFruit","Gatherer:FlowerFalling"],"picked":"Gatherer:VenomBarrier+1","floor":21},{"not_picked":["Gatherer:EnergyBasket+1","Gatherer:GatherMaterial"],"picked":"Gatherer:SaveValuables+1","floor":22}],"player_experience":1582945,"relics_obtained":[{"floor":6.0,"key":"StrikeDummy"},{"floor":9.0,"key":"Orichalcum"}],"event_choices":[{"damage_healed":0.0,"max_hp_gain":0.0,"max_hp_loss":0.0,"gold_gain":0.0,"event_name":"Wheel of Change","player_choice":"Damaged","floor":2.0,"gold_loss":0.0,"damage_taken":7.0},{"damage_healed":0.0,"max_hp_gain":0.0,"max_hp_loss":0.0,"gold_gain":0.0,"event_name":"Living Wall","player_choice":"Grow","floor":7.0,"gold_loss":0.0,"damage_taken":0.0,"cards_upgraded":["Gatherer:FlowerWhip"]},{"damage_healed":0.0,"max_hp_gain":0.0,"max_hp_loss":0.0,"gold_gain":63.0,"event_name":"Golden Wing","player_choice":"Gained Gold","floor":12.0,"gold_loss":0.0,"damage_taken":0.0},{"cards_removed":["Gatherer:QuickSynthesis"],"damage_healed":0.0,"max_hp_gain":0.0,"max_hp_loss":0.0,"gold_gain":0.0,"event_name":"Gatherer:BottleCollector","player_choice":"Got a Spare Bottle","floor":14.0,"gold_loss":0.0,"damage_taken":0.0,"cards_obtained":["Gatherer:SpareBottle"]},{"cards_removed":["Gatherer:MindSearch"],"damage_healed":3,"gold_gain":0,"player_choice":"Offered Rare","damage_taken":0,"max_hp_gain":10,"max_hp_loss":0,"event_name":"Bonfire Elementals","floor":20,"gold_loss":0}],"is_beta":false,"boss_relics":[{"not_picked":["Ectoplasm","Busted Crown"],"picked":"Astrolabe"}],"items_purged_floors":[],"is_endless":false,"potions_floor_spawned":[3,16],"killed_by":"Gremlin Leader","ascension_level":0}}