{"host":"cwd5s03r1oaxs6mx","time":1608740031,"event":{"mods":["Act Like it!","BaseMod","Better Third Choice","BetterRewards","CapriCore","Card Filter","Colored Map","Custom Start","DeckTracker","Friendly Minions","Hubris","Infinite Spire","Minty Spire (QoL Compilation)","Quick Restart","Relic Stats","Shop Mod","Spicy Shops","StSLib","SuperFastMode","The Gatherer"],"gold_per_floor":[116,116,135,135,149,175,185,185,185,210,12,29,29,54,54,133,133,152,65,77,14,14,14,49,61,73,105,129,167,25,53,53,131,131,144,34,70,70,70,99,110,110,110,35,69,69,89,115,115,115,140,140,140,52,84,84],"floor_reached":57,"playtime":1935,"items_purged":["Strike_R","Strike_R","Strike_R","Strike_R","Madness","Sever Soul"],"score":3282,"play_id":"43b2f67e-5bb9-48cd-acb7-cd4bbceaca2f","local_time":"20201224011351","is_ascension_mode":true,"campfire_choices":[{"data":"Body Slam","floor":8.0,"key":"SMITH"},{"data":"Dark Embrace","floor":13.0,"key":"SMITH"},{"data":"Fiend Fire","floor":15.0,"key":"SMITH"},{"data":"Barricade","floor":23,"key":"SMITH"},{"data":"Feel No Pain","floor":25,"key":"SMITH"},{"data":"Feel No Pain","floor":32,"key":"SMITH"},{"data":"Entrench","floor":46,"key":"SMITH"},{"floor":49,"key":"RECALL"},{"data":"hubris:Fate","floor":53,"key":"SMITH"}],"circlet_count":0,"master_deck":["AscendersBane","Defend_R","Defend_R","Bash","Feel No Pain+1","Power Through","Body Slam+1","Fiend Fire+1","Feel No Pain+1","Shrug It Off","Dark Embrace+1","Barricade+1","Battle Trance","Shrug It Off","Body Slam+1","Entrench+1","Flash of Steel+1","True Grit+1","Offering","Body Slam+1","HandOfGreed+1","Madness","hubris:Fate+1","Shrug It Off+1","hubris:DuctTapeCard"],"relics":["Burning Blood","Medical Kit","hubris:SlimyHat","Chemical X","Mummified Hand","Magic Flower","Anchor","Membership Card","Bottled Flame","infinitespire:Burning Sword","MawBank","Molten Egg 2","Centennial Puzzle","Prayer Wheel","Sozu","hubris:ChampionShield","hubris:MobiusCoin","hubris:DuctTape","White Beast Statue"],"acts_visited":["Exordium","TheCity","TheBeyond","TheEnding"],"potions_floor_usage":[20,56,56],"damage_taken":[{"damage":2.0,"enemies":"Cultist","floor":1.0,"turns":6.0},{"damage":4.0,"enemies":"Jaw Worm","floor":3.0,"turns":4.0},{"damage":6.0,"enemies":"2 Louse","floor":5.0,"turns":3.0},{"damage":18.0,"enemies":"3 Sentries","floor":6.0,"turns":17.0},{"damage":1.0,"enemies":"Exordium Thugs","floor":7.0,"turns":4.0},{"damage":1.0,"enemies":"Gremlin Nob","floor":10.0,"turns":4.0},{"damage":0.0,"enemies":"3 Louse","floor":12.0,"turns":4.0},{"damage":15.0,"enemies":"Lagavulin","floor":14.0,"turns":4.0},{"damage":45.0,"enemies":"Hexaghost","floor":16.0,"turns":10.0},{"damage":6,"enemies":"Shell Parasite","floor":18,"turns":4},{"damage":18,"enemies":"3 Byrds","floor":20,"turns":6},{"damage":0,"enemies":"Book of Stabbing","floor":24,"turns":4},{"damage":0,"enemies":"Snecko","floor":27,"turns":3},{"damage":0,"enemies":"Centurion and Healer","floor":28,"turns":2},{"damage":12,"enemies":"Gremlin Leader","floor":29,"turns":3},{"damage":0,"enemies":"Slavers","floor":31,"turns":3},{"damage":0,"enemies":"Champ","floor":33,"turns":4},{"damage":6,"enemies":"3 Shapes","floor":35,"turns":2},{"damage":0,"enemies":"Orb Walker","floor":37,"turns":2},{"damage":59,"enemies":"Reptomancer","floor":40,"turns":3},{"damage":0,"enemies":"4 Shapes","floor":41,"turns":2},{"damage":6,"enemies":"Nightmare","floor":45,"turns":3},{"damage":0,"enemies":"Jaw Worm Horde","floor":47,"turns":2},{"damage":6,"enemies":"Reptomancer","floor":48,"turns":3},{"damage":6,"enemies":"hubris:GrandSnecko","floor":50,"turns":3},{"damage":33,"enemies":"Awakened One","floor":51,"turns":5},{"damage":6,"enemies":"Shield and Spear","floor":55,"turns":4},{"damage":57,"enemies":"The Heart","floor":56,"turns":6}],"seed_played":"7352444087146705076","potions_obtained":[{"floor":3.0,"key":"GamblersBrew"},{"floor":5.0,"key":"LiquidMemories"},{"floor":6.0,"key":"Block Potion"},{"floor":10.0,"key":"EntropicBrew"},{"floor":27,"key":"Swift Potion"}],"is_trial":false,"path_per_floor":["M","?","M","?","M","E","M","R","T","E","$","M","R","E","R","B",null,"M","$","M","$","?","R","E","R","T","M","M","E","$","E","R","B",null,"M","$","M","?","?","E","M","AVR","T","$","NM","R","M","E","R","B","B",null,"R","$","E","B",null],"character_chosen":"IRONCLAD","items_purchased":["Medical Kit","hubris:SlimyHat","Feel No Pain","Power Through","Chemical X","Membership Card","Shrug It Off","Shrug It Off","Flash of Steel+1","HandOfGreed+1"],"campfire_rested":0,"item_purchase_floors":[0,0,0,0,0,11,11,19,30,36],"current_hp_per_floor":[72,77,79,79,79,67,72,72,72,80,80,80,80,74,74,38,70,73,73,64,64,41,41,50,50,50,59,68,65,65,74,74,83,85,85,85,85,70,65,15,24,24,24,24,27,27,36,39,39,65,41,74,74,74,77,29],"gold":84,"neow_bonus":"","is_daily":false,"chose_seed":false,"campfire_upgraded":8,"win_rate":0.0,"timestamp":1608740031,"path_taken":["M","?","M","?","M","E","M","R","T","E","$","M","R","E","R","BOSS","M","$","M","?","?","R","E","R","T","?","M","E","$","E","R","BOSS","M","$","M","?","?","E","?","AVR","T","$","NM","R","M","E","R","BOSS","BOSS","R","$","E","BOSS"],"items_purchased_type":["Relic","Relic","Card","Card","Relic","Relic","Card","Card","Card","Card"],"build_version":"2020-12-22","purchased_purges":6,"victory":true,"max_hp_per_floor":[75,80,80,80,80,80,80,80,80,80,80,80,80,80,80,80,80,80,80,80,80,85,85,85,85,85,85,85,85,85,85,85,85,85,85,85,85,85,85,85,85,85,85,85,85,85,85,85,85,85,85,85,85,85,85,85],"relic_stats":{"Sozu":6,"Centennial Puzzle":[21],"counters":[28,120],"Mummified Hand":[105],"Magic Flower":[68],"Prayer Wheel":4,"Chemical X":[1],"Medical Kit":[154],"MawBank":72,"obtain_stats":[{"hubris:MobiusCoin":45,"hubris:DuctTape":48,"Magic Flower":9,"hubris:SlimyHat":0,"Medical Kit":0,"MawBank":24,"Burning Blood":0,"White Beast Statue":55,"Sozu":34,"Anchor":10,"Bottled Flame":14,"Centennial Puzzle":29,"Mummified Hand":6,"Molten Egg 2":26,"Prayer Wheel":31,"infinitespire:Burning Sword":17,"Chemical X":0,"Membership Card":11,"hubris:ChampionShield":40},{"hubris:MobiusCoin":22,"hubris:DuctTape":24,"Magic Flower":5,"hubris:SlimyHat":0,"Medical Kit":0,"MawBank":12,"Burning Blood":0,"White Beast Statue":27,"Sozu":17,"Anchor":6,"Bottled Flame":8,"Centennial Puzzle":15,"Mummified Hand":4,"Molten Egg 2":12,"Prayer Wheel":16,"infinitespire:Burning Sword":9,"Chemical X":0,"Membership Card":6,"hubris:ChampionShield":20},{"hubris:MobiusCoin":97,"hubris:DuctTape":102,"Magic Flower":34,"hubris:SlimyHat":0,"Medical Kit":0,"MawBank":70,"Burning Blood":0,"White Beast Statue":114,"Sozu":85,"Anchor":38,"Bottled Flame":46,"Centennial Puzzle":78,"Mummified Hand":30,"Molten Egg 2":70,"Prayer Wheel":81,"infinitespire:Burning Sword":56,"Chemical X":0,"Membership Card":38,"hubris:ChampionShield":92}],"Burning Blood":216},"card_choices":[{"not_picked":["Armaments","Shrug It Off","Headbutt"],"picked":"SKIP","floor":1.0},{"not_picked":["Intimidate","Thunderclap"],"picked":"Body Slam","floor":3.0},{"not_picked":["Heavy Blade","Anger","Flex"],"picked":"SKIP","floor":5.0},{"not_picked":["Shrug It Off","Offering"],"picked":"Fiend Fire","floor":6.0},{"not_picked":["Dual Wield","Iron Wave","Reckless Charge"],"picked":"SKIP","floor":7.0},{"not_picked":["Uppercut","Demon Form"],"picked":"Feel No Pain","floor":10.0},{"not_picked":["Clothesline","Twin Strike"],"picked":"Dark Embrace","floor":12.0},{"not_picked":["Pommel Strike","Thunderclap","Pummel"],"picked":"SKIP","floor":14.0},{"not_picked":["Feed","Corruption"],"picked":"Barricade","floor":16.0},{"not_picked":["Headbutt+1","Clash"],"picked":"Battle Trance","floor":18},{"not_picked":["Armaments","True Grit","Wild Strike"],"picked":"SKIP","floor":20},{"not_picked":["Cleave","Dark Embrace"],"picked":"Body Slam+1","floor":24},{"not_picked":["Armaments","Barricade"],"picked":"Entrench","floor":27},{"not_picked":["Clash+1","Flex","Inflame"],"picked":"SKIP","floor":28},{"not_picked":["Clothesline+1","Anger+1","Thunderclap+1"],"picked":"SKIP","floor":29},{"not_picked":["Twin Strike+1","Flex"],"picked":"True Grit+1","floor":31},{"not_picked":["Immolate+1","Barricade"],"picked":"Offering","floor":33},{"not_picked":["Sentinel","Hemokinesis+1"],"picked":"Body Slam+1","floor":35},{"not_picked":["Clothesline+1","Iron Wave+1","Evolve+1"],"picked":"SKIP","floor":35},{"not_picked":["Clash+1","Rupture+1","Fire Breathing"],"picked":"SKIP","floor":37},{"not_picked":["Warcry","Wild Strike+1","Clothesline+1"],"picked":"SKIP","floor":37},{"not_picked":["Carnage+1","Headbutt+1","Cleave+1"],"picked":"SKIP","floor":40},{"not_picked":["Wild Strike+1","Sword Boomerang+1","Perfected Strike+1"],"picked":"SKIP","floor":41},{"not_picked":["True Grit+1","Wild Strike+1","Warcry"],"picked":"SKIP","floor":41},{"not_picked":["infinitespire:UltimateForm","infinitespire:FinalStrike"],"picked":"hubris:Fate","floor":45},{"not_picked":["Hemokinesis+1","Thunderclap+1","Sever Soul+1"],"picked":"SKIP","floor":45},{"not_picked":["Headbutt+1","True Grit"],"picked":"Shrug It Off+1","floor":47},{"not_picked":["Uppercut+1","Dark Embrace+1","Wild Strike+1"],"picked":"SKIP","floor":47},{"not_picked":["Thunderclap+1","True Grit","Twin Strike+1"],"picked":"SKIP","floor":48},{"not_picked":["Thunderclap+1","True Grit","Twin Strike+1"],"picked":"SKIP","floor":48},{"not_picked":["Rage","Flex","Body Slam+1"],"picked":"SKIP","floor":55}],"player_experience":951800,"relics_obtained":[{"floor":6.0,"key":"Mummified Hand"},{"floor":9.0,"key":"Magic Flower"},{"floor":10.0,"key":"Anchor"},{"floor":14.0,"key":"Bottled Flame"},{"floor":24,"key":"MawBank"},{"floor":26,"key":"Molten Egg 2"},{"floor":29,"key":"Centennial Puzzle"},{"floor":31,"key":"Prayer Wheel"},{"floor":40,"key":"hubris:ChampionShield"},{"floor":45,"key":"hubris:MobiusCoin"},{"floor":48,"key":"hubris:DuctTape"},{"floor":55,"key":"White Beast Statue"}],"event_choices":[{"damage_healed":0.0,"max_hp_gain":5.0,"max_hp_loss":0.0,"gold_gain":0.0,"event_name":"Big Fish","player_choice":"Donut","floor":2.0,"gold_loss":0.0,"damage_taken":0.0},{"damage_healed":0.0,"max_hp_gain":0.0,"max_hp_loss":0.0,"gold_gain":0.0,"cards_transformed":["Strike_R"],"event_name":"Transmorgrifier","player_choice":"Transformed","floor":4.0,"gold_loss":0.0,"damage_taken":0.0,"cards_obtained":["Sever Soul"]},{"damage_healed":0,"gold_gain":0,"player_choice":"Shed Blood","damage_taken":28,"max_hp_gain":5,"max_hp_loss":0,"event_name":"Forgotten Altar","floor":22,"gold_loss":0},{"damage_healed":0,"gold_gain":0,"player_choice":"Embrace Madness","damage_taken":15,"max_hp_gain":0,"max_hp_loss":0,"event_name":"Winding Halls","floor":38,"gold_loss":0,"cards_obtained":["Madness","Madness"]},{"damage_healed":0,"gold_gain":0,"player_choice":"Bought 0 Potions","damage_taken":0,"max_hp_gain":0,"max_hp_loss":0,"event_name":"The Woman in Blue","floor":39,"gold_loss":0}],"is_beta":false,"boss_relics":[{"not_picked":["Empty Cage","Runic Dome"],"picked":"infinitespire:Burning Sword"},{"not_picked":["SacredBark","Fusion Hammer"],"picked":"Sozu"}],"items_purged_floors":[0,19,21,42,44,54],"is_endless":false,"potions_floor_spawned":[3,5,6,10,12,18,27,28,33,35,40,47,55],"ascension_level":20}}