{"host":"baymyijz6sxaqj5s","time":1608708239,"event":{"mods":["AchievementEnabler","BaseMod","Colored Map","Colored Powertips","DeckTracker","KOR Keyword Fix","Keyboard Shortcuts","Minty Spire (QoL Compilation)","Quick Restart","StSLib","SuperFastMode"],"gold_per_floor":[119,131,146,166,183,183,54,66,66,66,86,103,178,194,194,296,296,296,296],"floor_reached":18,"playtime":654,"items_purged":[],"score":158,"play_id":"bd13a487-592c-43fc-b936-504e4cb6e1a1","local_time":"20201223162359","is_ascension_mode":false,"campfire_choices":[{"floor":6,"key":"REST"},{"data":"Shrug It Off","floor":10,"key":"SMITH"},{"data":"Impervious","floor":15,"key":"SMITH"}],"circlet_count":0,"master_deck":["Strike_R","Strike_R","Strike_R","Strike_R","Strike_R","Defend_R","Defend_R","Defend_R","Defend_R","Bash","Shrug It Off","Headbutt","Power Through","Reaper","Shrug It Off+1","Impervious+1","Impervious"],"relics":["Black Blood","Paper Frog"],"acts_visited":["Exordium","TheCity"],"potions_floor_usage":[4,16,16],"damage_taken":[{"damage":5,"enemies":"Jaw Worm","floor":1,"turns":5},{"damage":16,"enemies":"Small Slimes","floor":2,"turns":5},{"damage":0,"enemies":"2 Louse","floor":3,"turns":3},{"damage":23,"enemies":"Exordium Thugs","floor":4,"turns":4},{"damage":11,"enemies":"Blue Slaver","floor":5,"turns":4},{"damage":3,"enemies":"Exordium Wildlife","floor":8,"turns":5},{"damage":17,"enemies":"Exordium Thugs","floor":11,"turns":7},{"damage":9,"enemies":"Large Slime","floor":12,"turns":7},{"damage":8,"enemies":"Blue Slaver","floor":14,"turns":5},{"damage":48,"enemies":"Hexaghost","floor":16,"turns":19},{"damage":22,"enemies":"Spheric Guardian","floor":18,"turns":11}],"seed_played":"-1590797376111583735","potions_obtained":[{"floor":1,"key":"LiquidBronze"},{"floor":3,"key":"SkillPotion"},{"floor":4,"key":"Explosive Potion"},{"floor":14,"key":"HeartOfIron"}],"is_trial":false,"path_per_floor":["M","M","M","M","M","R","$","M","T","R","M","M","?","M","R","B",null,"M"],"character_chosen":"IRONCLAD","items_purchased":["Reaper","Shrug It Off"],"campfire_rested":1,"item_purchase_floors":[7,7],"current_hp_per_floor":[88,78,84,67,62,88,88,88,88,88,77,82,71,73,73,35,88,66,66],"gold":296,"neow_bonus":"TEN_PERCENT_HP_BONUS","is_daily":false,"chose_seed":false,"campfire_upgraded":2,"win_rate":0.0,"timestamp":1608708239,"path_taken":["M","M","M","M","M","R","$","M","T","R","M","M","?","M","R","BOSS","M"],"items_purchased_type":["Card","Card"],"build_version":"2020-12-22","purchased_purges":0,"victory":false,"max_hp_per_floor":[88,88,88,88,88,88,88,88,88,88,88,88,88,88,88,88,88,88,88],"card_choices":[{"not_picked":["Blood for Blood","True Grit"],"picked":"Shrug It Off","floor":1},{"not_picked":["True Grit","Havoc","Anger"],"picked":"SKIP","floor":2},{"not_picked":["Sentinel","Iron Wave"],"picked":"Headbutt","floor":3},{"not_picked":["Clash","True Grit","Anger"],"picked":"SKIP","floor":4},{"not_picked":["Headbutt","Wild Strike"],"picked":"Power Through","floor":5},{"not_picked":["Warcry","Rupture","Blood for Blood"],"picked":"SKIP","floor":8},{"not_picked":["Armaments","Shockwave"],"picked":"Impervious","floor":11},{"not_picked":["Rage","Pommel Strike","Wild Strike"],"picked":"SKIP","floor":12},{"not_picked":["Pummel","Hemokinesis","Anger"],"picked":"SKIP","floor":14},{"not_picked":["Reaper","Juggernaut"],"picked":"Impervious","floor":16}],"player_experience":191573,"relics_obtained":[{"floor":9,"key":"Paper Frog"}],"event_choices":[{"damage_healed":0,"gold_gain":75,"player_choice":"Gather Gold","damage_taken":11,"max_hp_gain":0,"max_hp_loss":0,"event_name":"World of Goop","floor":13,"gold_loss":0}],"is_beta":false,"boss_relics":[{"not_picked":["Runic Dome","Philosopher\u0027s Stone"],"picked":"Black Blood"}],"items_purged_floors":[],"is_endless":false,"potions_floor_spawned":[1,3,4,14],"killed_by":"Spheric Guardian","ascension_level":0}}