{"host":"kiauivt48syq9iz6","time":1608714546,"event":{"mods":["BaseMod","Conspire","Downfall","Hermit","Minty Spire (QoL Compilation)","Replay The Spire","SIMod","StSLib","The Animator","The Construct","The Cursed","The Runesmith","The Servant 0.9.4"],"gold_per_floor":[134,134,3,28,56,56,6,6,30,72,95,95,28,65,65,176,176,196,196,27,56,75,75],"floor_reached":22,"playtime":948,"items_purged":[],"score":176,"play_id":"7b3f143c-49e3-4f2e-8425-1524ec217a23","local_time":"20201223020906","is_ascension_mode":false,"campfire_choices":[{"floor":6,"key":"REST"},{"floor":12,"key":"REST"},{"data":"hermit:Determination","floor":15,"key":"SMITH"}],"circlet_count":0,"master_deck":["hermit:Strike_Hermit","hermit:Strike_Hermit","hermit:Defend_Hermit","hermit:Defend_Hermit+1","hermit:Defend_Hermit","hermit:Defend_Hermit","hermit:Snapshot","hermit:Covet","hermit:DeadOrAlive+1","hermit:Glare","hermit:Determination+1","hermit:Snipe","hermit:Quickdraw","conspire:SpireCoStock","hermit:EternalForm","hermit:Manifest","hermit:TakeAim","hermit:ShadowCloak","hermit:HeroicBravado","hermit:Dive","hermit:Brawl","hermit:Desperado","hermit:Feint","hermit:TrackingShot"],"relics":["hermit:Momento","Replay:Baseball","Snecko Eye","Replay:Accelerometer"],"acts_visited":["Exordium","TheCity"],"potions_floor_usage":[4,16,16,16,16,16,16,22],"damage_taken":[{"damage":6,"enemies":"Jaw Worm","floor":1,"turns":4},{"damage":7,"enemies":"Small Slimes","floor":4,"turns":4},{"damage":0,"enemies":"Cultist","floor":5,"turns":3},{"damage":8,"enemies":"2 Fungi Beasts","floor":10,"turns":4},{"damage":4,"enemies":"Exordium Wildlife","floor":11,"turns":4},{"damage":6,"enemies":"3 Louse","floor":14,"turns":4},{"damage":68,"enemies":"Fading Forest","floor":16,"turns":11},{"damage":53,"enemies":"3 Byrds","floor":18,"turns":10},{"damage":12,"enemies":"Spheric Guardian","floor":21,"turns":8},{"damage":17,"enemies":"Centurion and Healer","floor":22,"turns":3}],"seed_played":"-4136050257958400022","potions_obtained":[{"floor":5,"key":"Elixir"},{"floor":10,"key":"sneckomod:MuddlingPotion"},{"floor":11,"key":"construct:ShiftPotion"},{"floor":14,"key":"EntropicBrew"},{"floor":21,"key":"SkillPotion"}],"is_trial":false,"path_per_floor":["M","?","$","M","M","R","?","?","T","M","M","R","$","M","R","B",null,"M","T","$","M","M"],"character_chosen":"HERMIT","items_purchased":["hermit:Determination","SteroidPotion","hermit:TakeAim","hermit:Brawl","hermit:Desperado","hermit:Feint"],"campfire_rested":2,"item_purchase_floors":[3,3,13,20,20,20],"current_hp_per_floor":[69,54,54,47,47,69,69,69,69,61,57,75,75,69,69,39,75,22,22,22,10,0,0],"gold":75,"neow_bonus":"TRANSFORM_CARD","is_daily":false,"chose_seed":false,"campfire_upgraded":1,"win_rate":0.0,"timestamp":1608714546,"path_taken":["M","?","$","M","M","R","?","?","T","M","M","R","$","M","R","BOSS","M","?","$","M","M"],"items_purchased_type":["Card","Potion","Card","Card","Card","Card"],"build_version":"2020-12-22","purchased_purges":0,"victory":false,"max_hp_per_floor":[75,75,75,75,75,75,75,75,75,75,75,75,75,75,75,75,75,75,75,75,75,75,75],"card_choices":[{"not_picked":["hermit:Vantage","hermit:Dive"],"picked":"hermit:Glare","floor":1},{"not_picked":["hermit:HighCaliber","hermit:SprayPray"],"picked":"hermit:Snipe","floor":4},{"not_picked":["hermit:Headshot","hermit:Misfire"],"picked":"hermit:Quickdraw","floor":5},{"not_picked":["hermit:PistolWhip","hermit:Snipe"],"picked":"hermit:EternalForm","floor":10},{"not_picked":["hermit:Snipe","hermit:Coalescence"],"picked":"hermit:Manifest","floor":11},{"not_picked":["hermit:TakeAim","hermit:Vantage"],"picked":"hermit:ShadowCloak","floor":14},{"not_picked":["hermit:Magnum","hermit:EternalForm"],"picked":"hermit:HeroicBravado","floor":16},{"not_picked":["hermit:Snipe","hermit:BodyArmor"],"picked":"hermit:Dive","floor":18},{"not_picked":["hermit:HighCaliber+1","hermit:LowProfile"],"picked":"hermit:TrackingShot","floor":21}],"player_experience":11059,"relics_obtained":[{"floor":9,"key":"Replay:Baseball"},{"floor":19,"key":"Replay:Accelerometer"}],"event_choices":[{"damage_healed":0,"gold_gain":0,"player_choice":"Entered Light","damage_taken":15,"max_hp_gain":0,"max_hp_loss":0,"event_name":"Shining Light","floor":2,"gold_loss":0,"cards_upgraded":["hermit:Defend_Hermit","hermit:DeadOrAlive"]},{"damage_healed":0,"gold_gain":0,"player_choice":"Invest 1","damage_taken":0,"max_hp_gain":0,"max_hp_loss":0,"event_name":"conspire:Investor","floor":7,"gold_loss":0},{"cards_removed":["hermit:Strike_Hermit"],"damage_healed":0,"gold_gain":0,"player_choice":"Card Removal","damage_taken":0,"max_hp_gain":0,"max_hp_loss":0,"event_name":"Wheel of Change","floor":8,"gold_loss":0}],"is_beta":false,"boss_relics":[{"not_picked":["Tiny House","Replay:Wanted Poster"],"picked":"Snecko Eye"}],"items_purged_floors":[],"is_endless":false,"potions_floor_spawned":[5,10,11,14,21],"killed_by":"Centurion and Healer","ascension_level":0}}