{"host":"jmrtcms4w8pdo4je","time":1608698100,"event":{"mods":["AchievementEnabler","Act Like it!","BaseMod","Bestiary","ChefMod","Colored Powertips","Conspire","Elementarium","Fiend Mod","Gremlin Mod","Infinite Spire","Minty Spire (QoL Compilation)","Replay The Spire","Shade Mod","StSLib","The Cursed","The Forsaken","The Hierophant","The Judge","The Marked","The Necromancer","The Problem Sleuth"],"gold_per_floor":[119,294,294,312,312,312,312,312,207,207,207,207,225,23,41,56,56,56,56],"floor_reached":18,"playtime":467,"items_purged":[],"score":100,"play_id":"c755e340-c9c4-4ace-a2ee-27e7885de3ca","local_time":"20201222223500","is_ascension_mode":false,"campfire_choices":[{"data":"Fiend:FiendConsume","floor":8,"key":"SMITH"},{"data":"Fiend:FiendRam","floor":10,"key":"SMITH"},{"data":"Fiend:FiendFlay","floor":12,"key":"SMITH"},{"floor":17,"key":"REST"}],"circlet_count":0,"master_deck":["Fiend:FiendDemonSlash","Fiend:FiendDemonSlash","Fiend:FiendDemonSlash","Fiend:FiendDemonSlash","Fiend:FiendFortify","Fiend:FiendFortify","Fiend:FiendFortify","Fiend:FiendFortify","Fiend:FiendConsume+1","Fiend:FiendMeatPaste","Fiend:FiendConserve","Fiend:FiendDeepenWound","Fiend:FiendFlay","Fiend:FiendFlay+1","Fiend:FiendRam+1","Fiend:FiendVaccine","Fiend:FiendFleshForFlesh","Fiend:FiendRam","Fiend:FiendFiendishCharge","Fiend:FiendBloodPrice"],"relics":["Fiend:FiendTotem","NeowsBlessing","Peace Pipe"],"acts_visited":["Exordium"],"potions_floor_usage":[],"damage_taken":[{"damage":0,"enemies":"2 Louse","floor":1,"turns":1},{"damage":0,"enemies":"Jaw Worm","floor":4,"turns":1},{"damage":0,"enemies":"Cultist","floor":13,"turns":1},{"damage":23,"enemies":"Large Slime","floor":15,"turns":4},{"damage":25,"enemies":"Gremlin Gang","floor":16,"turns":4},{"damage":0,"enemies":"Slime Boss","floor":18,"turns":1}],"seed_played":"-6836687802171320554","potions_obtained":[{"floor":16,"key":"Swift Potion"}],"is_trial":false,"path_per_floor":["M","?","?","M","PTL","PTL","?","R","$","R","T","R","M","$","M","M","R","B"],"character_chosen":"THE_FIEND","items_purchased":["Fiend:FiendFlay","Fiend:FiendRam","Fiend:FiendFleshForFlesh","Fiend:FiendRam"],"campfire_rested":1,"item_purchase_floors":[9,9,14,14],"current_hp_per_floor":[70,70,70,70,70,70,70,70,70,70,70,70,70,70,47,32,53,53,53],"gold":56,"neow_bonus":"THREE_ENEMY_KILL","is_daily":false,"chose_seed":false,"campfire_upgraded":3,"win_rate":0.0,"timestamp":1608698100,"path_taken":["M","?","?","?","PTL","PTL","?","R","$","R","T","R","?","$","M","M","R","BOSS"],"items_purchased_type":["Card","Card","Card","Card"],"build_version":"2020-12-13","purchased_purges":0,"victory":false,"max_hp_per_floor":[70,70,70,70,70,70,70,70,70,70,70,70,70,70,70,72,72,72,72],"card_choices":[{"not_picked":["Fiend:FiendDemonWhip","Fiend:FiendRam"],"picked":"Fiend:FiendMeatPaste","floor":1},{"not_picked":["Fiend:FiendMeatPaste","Fiend:FiendFleshPlating"],"picked":"Fiend:FiendConserve","floor":4},{"not_picked":["Fiend:FiendRampage","Fiend:FiendRam"],"picked":"Fiend:FiendVaccine","floor":13},{"not_picked":["Fiend:FiendBloodlust","Fiend:FiendSplat"],"picked":"Fiend:FiendFiendishCharge","floor":15},{"not_picked":["Fiend:FiendRampage","Fiend:FiendBloodlust"],"picked":"Fiend:FiendBloodPrice","floor":16}],"player_experience":18185,"relics_obtained":[{"floor":11,"key":"Peace Pipe"}],"event_choices":[{"damage_healed":0,"gold_gain":175,"player_choice":"AGREE","damage_taken":0,"max_hp_gain":0,"max_hp_loss":0,"event_name":"Liars Game","floor":2,"gold_loss":0,"cards_obtained":["Doubt"]},{"cards_removed":["Doubt"],"damage_healed":0,"gold_gain":0,"player_choice":"Purged","damage_taken":0,"max_hp_gain":0,"max_hp_loss":0,"event_name":"Purifier","floor":3,"gold_loss":0},{"damage_healed":0,"gold_gain":0,"cards_transformed":["Fiend:FiendDemonSlash"],"player_choice":"Transformed","damage_taken":0,"max_hp_gain":0,"max_hp_loss":0,"event_name":"Transmorgrifier","floor":7,"gold_loss":0,"cards_obtained":["Fiend:FiendDeepenWound"]}],"is_beta":false,"boss_relics":[],"items_purged_floors":[],"is_endless":false,"potions_floor_spawned":[16],"killed_by":"Slime Boss","ascension_level":0}}