{"host":"4qkvkh7pd9qr2mca","time":1608763267,"event":{"mods":["AchievementEnabler","BaseMod","Colored Map","Colored Powertips","Highlight Path","Minty Spire (QoL Compilation)","Permanent Neow","Quick Restart","StSLib","SuperFastMode"],"gold_per_floor":[111,122,136,47,47,47,79,79,79,4,4,20,20,50,50,128,128,148,148,161,431,442,476,496,496,520,520,284,317,334,364,364,364,364],"floor_reached":33,"playtime":1463,"items_purged":["Injury"],"score":776,"play_id":"9f606ccb-5c70-413a-9487-4358248e281a","local_time":"20201223234107","is_ascension_mode":true,"campfire_choices":[{"data":"Inflame","floor":6.0,"key":"SMITH"},{"data":"Bash","floor":8.0,"key":"SMITH"},{"data":"Battle Trance","floor":11.0,"key":"SMITH"},{"data":"Disarm","floor":15.0,"key":"SMITH"},{"floor":25,"key":"REST"},{"data":"Uppercut","floor":27,"key":"SMITH"},{"data":"Combust","floor":32,"key":"SMITH"}],"circlet_count":0,"master_deck":["AscendersBane","Strike_R","Strike_R","Strike_R","Strike_R","Strike_R","Defend_R","Defend_R","Defend_R","Defend_R","Bash+1","Ghostly Armor","Burning Pact","Cleave","Inflame+1","Rage","Battle Trance+1","Disarm+1","Clothesline","Reaper","Feel No Pain","Combust+1","True Grit","Uppercut+1","Feed","Spot Weakness","Disarm","Feed","Shockwave+1","Shrug It Off+1"],"relics":["Burning Blood","Thread and Needle","Lantern","Mummified Hand","Sundial","Cursed Key","Ancient Tea Set","Centennial Puzzle","Tiny Chest","StrikeDummy"],"acts_visited":["Exordium","TheCity"],"potions_floor_usage":[23,23,31,33],"damage_taken":[{"damage":2.0,"enemies":"Cultist","floor":1.0,"turns":3.0},{"damage":0.0,"enemies":"Jaw Worm","floor":2.0,"turns":6.0},{"damage":3.0,"enemies":"Small Slimes","floor":3.0,"turns":6.0},{"damage":30.0,"enemies":"Lagavulin","floor":7.0,"turns":7.0},{"damage":0.0,"enemies":"2 Fungi Beasts","floor":12.0,"turns":3.0},{"damage":0.0,"enemies":"3 Sentries","floor":14.0,"turns":7.0},{"damage":0.0,"enemies":"The Guardian","floor":16.0,"turns":12.0},{"damage":22.0,"enemies":"Chosen","floor":18.0,"turns":7.0},{"damage":10,"enemies":"2 Thieves","floor":20,"turns":4},{"damage":24,"enemies":"Centurion and Healer","floor":22,"turns":8},{"damage":23,"enemies":"Gremlin Leader","floor":23,"turns":6},{"damage":25,"enemies":"Snake Plant","floor":24,"turns":4},{"damage":18,"enemies":"Book of Stabbing","floor":29,"turns":8},{"damage":13,"enemies":"Snecko","floor":30,"turns":6},{"damage":22,"enemies":"Gremlin Leader","floor":31,"turns":8},{"damage":87,"enemies":"Collector","floor":33,"turns":7}],"seed_played":"6618627984466034493","potions_obtained":[{"floor":3.0,"key":"AttackPotion"},{"floor":5.0,"key":"Strength Potion"},{"floor":5.0,"key":"EntropicBrew"},{"floor":7.0,"key":"DistilledChaos"},{"floor":23,"key":"AttackPotion"},{"floor":29,"key":"GamblersBrew"}],"is_trial":false,"path_per_floor":["M","M","M","$","?","R","E","R","T","$","R","M","?","E","R","B",null,"M","?","M","?","M","E","M","R","T","R","$","E","M","E","R","B"],"character_chosen":"IRONCLAD","items_purchased":["Inflame","Battle Trance","Spot Weakness","Disarm"],"campfire_rested":1,"item_purchase_floors":[4,10,28,28],"current_hp_per_floor":[72,75,75,75,75,75,51,51,51,51,51,57,50,56,56,62,72,61,61,74,47,46,49,40,62,62,62,62,72,69,72,72,0,0],"gold":364,"neow_bonus":"ONE_RARE_RELIC","is_daily":false,"chose_seed":false,"campfire_upgraded":6,"win_rate":0.0,"timestamp":1608763267,"path_taken":["M","M","M","$","?","R","E","R","T","$","R","?","?","E","R","BOSS","M","?","M","?","M","E","M","R","T","R","$","E","?","E","R","BOSS"],"items_purchased_type":["Card","Card","Card","Card"],"build_version":"2020-12-22","purchased_purges":1,"victory":false,"max_hp_per_floor":[75,75,75,75,75,75,75,75,75,75,75,75,75,75,75,75,75,75,75,75,75,75,75,75,75,75,75,75,78,78,78,78,78,78],"card_choices":[{"not_picked":["Perfected Strike","Headbutt"],"picked":"Ghostly Armor","floor":1.0},{"not_picked":["Thunderclap","Cleave"],"picked":"Burning Pact","floor":2.0},{"not_picked":["Twin Strike","Havoc"],"picked":"Cleave","floor":3.0},{"not_picked":["Dual Wield","Thunderclap"],"picked":"Rage","floor":7.0},{"not_picked":["Shrug It Off","Havoc"],"picked":"Disarm","floor":12.0},{"not_picked":["Battle Trance","Second Wind"],"picked":"Clothesline","floor":14.0},{"not_picked":["Berserk","Brutality"],"picked":"Reaper","floor":16.0},{"not_picked":["Reckless Charge","Iron Wave","Anger+1"],"picked":"SKIP","floor":18.0},{"not_picked":["Pommel Strike","Body Slam"],"picked":"Combust","floor":20},{"not_picked":["Cleave","Flex"],"picked":"True Grit","floor":22},{"not_picked":["Headbutt+1","Wild Strike"],"picked":"Uppercut","floor":23},{"not_picked":["Twin Strike","Hemokinesis"],"picked":"Feed","floor":24},{"not_picked":["Clothesline","Armaments"],"picked":"Feed","floor":29},{"not_picked":["Heavy Blade","Twin Strike+1"],"picked":"Shockwave+1","floor":30},{"not_picked":["Second Wind","Sword Boomerang"],"picked":"Shrug It Off+1","floor":31}],"player_experience":484184,"relics_obtained":[{"floor":7.0,"key":"Lantern"},{"floor":9.0,"key":"Mummified Hand"},{"floor":14.0,"key":"Sundial"},{"floor":23,"key":"Ancient Tea Set"},{"floor":26,"key":"Centennial Puzzle"},{"floor":29,"key":"Tiny Chest"},{"floor":31,"key":"StrikeDummy"}],"event_choices":[{"damage_healed":0.0,"max_hp_gain":0.0,"max_hp_loss":0.0,"gold_gain":0.0,"event_name":"Lab","player_choice":"Got Potions","floor":5.0,"gold_loss":0.0,"damage_taken":0.0},{"cards_removed":["Normality"],"damage_healed":0.0,"max_hp_gain":0.0,"max_hp_loss":0.0,"gold_gain":0.0,"event_name":"Golden Wing","player_choice":"Card Removal","floor":13.0,"gold_loss":0.0,"damage_taken":7.0},{"damage_healed":0.0,"max_hp_gain":0.0,"max_hp_loss":0.0,"gold_gain":0.0,"event_name":"The Library","player_choice":"Read","floor":19.0,"gold_loss":0.0,"damage_taken":0.0,"cards_obtained":["Feel No Pain"]},{"damage_healed":0,"gold_gain":270,"player_choice":"GOLD GOLD GOLD ","damage_taken":27,"max_hp_gain":0,"max_hp_loss":0,"event_name":"Knowing Skull","floor":21,"potions_obtained":[],"gold_loss":0,"cards_obtained":[]}],"is_beta":false,"boss_relics":[{"not_picked":["Sozu","Runic Cube"],"picked":"Cursed Key"}],"items_purged_floors":[28],"is_endless":false,"potions_floor_spawned":[3,7,22,23,29,30],"killed_by":"Collector","ascension_level":20}}