{"host":"j204k34h42bd6fas","time":1608746789,"event":{"mods":["Aspiration","BaseMod","Colored Map","Colored Powertips","Conspire","Energized Spire","Hubris","Infinite Spire","JesterMod","Mimic Mod","Minty Spire (QoL Compilation)","Rare Cards Sparkle","Relic Stats","Replay The Spire","Say the Spire","StSLib","The Cursed","The Marked"],"gold_per_floor":[118,138,152,152,165,194,209,209,243,243,243,243,279,295,295,392,392,409,420,420],"floor_reached":19,"playtime":892,"items_purged":[],"score":276,"play_id":"55de59e0-6643-4330-9f68-494d99e17b6c","local_time":"20201223130629","is_ascension_mode":true,"campfire_choices":[{"floor":8,"key":"REST"},{"data":"Conclude","floor":11,"key":"SMITH"},{"data":"Pray","floor":15,"key":"SMITH"}],"circlet_count":0,"master_deck":["Strike_P","Strike_P","Strike_P","Strike_P","Defend_P","Defend_P","Defend_P","Defend_P","Eruption","Vigilance","Indignation","ReachHeaven","Consecrate","SashWhip","Conclude+1","Adaptation","DeceiveReality","Hallucinations","InnerPeace","Pray+1","Devotion","Halt"],"relics":["NeowsBlessing","hubris:Towel","Garlic","Replay:Mystery Machine","Simple Rune","Replay:M_StaffOfTheSnake","Ring of Searing","ReplayTheSpireMod:Ring of Addiction","Toy Ornithopter","SacredBark","Potion Belt","ReplayTheSpireMod:TigerMarble","conspire:SlowCooker"],"acts_visited":["Exordium","TheCity"],"potions_floor_usage":[13,14,16,16],"damage_taken":[{"damage":0,"enemies":"Cultist","floor":1,"turns":1},{"damage":0,"enemies":"Jaw Worm","floor":2,"turns":1},{"damage":0,"enemies":"Small Slimes","floor":3,"turns":1},{"damage":0,"enemies":"2 Fungi Beasts","floor":5,"turns":1},{"damage":37,"enemies":"3 Sentries","floor":6,"turns":6},{"damage":6,"enemies":"Looter","floor":7,"turns":3},{"damage":5,"enemies":"Exordium Wildlife","floor":9,"turns":6},{"damage":12,"enemies":"Exordium Wildlife","floor":13,"turns":3},{"damage":10,"enemies":"Exordium Wildlife","floor":14,"turns":3},{"damage":10,"enemies":"Slime Boss","floor":16,"turns":4},{"damage":23,"enemies":"Shell Parasite","floor":18,"turns":3},{"damage":16,"enemies":"Chosen","floor":19,"turns":7}],"seed_played":"4189410193140296263","potions_obtained":[{"floor":1,"key":"PowerPotion"},{"floor":2,"key":"Reflective Coating"},{"floor":7,"key":"Regen Potion"},{"floor":12,"key":"SkillPotion"},{"floor":14,"key":"DuplicationPotion"},{"floor":19,"key":"Block Potion"}],"is_trial":false,"path_per_floor":["M","M","M","?","M","E","M","R","MIM","?","R","?","MIM","M","R","B",null,"M","M"],"character_chosen":"WATCHER","items_purchased":[],"campfire_rested":1,"item_purchase_floors":[],"current_hp_per_floor":[72,72,72,72,72,35,29,50,45,45,45,45,57,52,52,52,67,44,28,28],"gold":420,"neow_bonus":"THREE_ENEMY_KILL","is_daily":false,"chose_seed":false,"campfire_upgraded":2,"win_rate":0.0,"timestamp":1608746789,"path_taken":["M","M","?","?","M","E","M","R","MIM","?","R","?","?","M","R","BOSS","M","M"],"items_purchased_type":[],"build_version":"2020-12-22","purchased_purges":0,"victory":false,"max_hp_per_floor":[72,72,72,72,72,72,72,72,72,72,72,72,72,72,72,72,72,72,72,72],"relic_stats":{"counters":[12,39],"obtain_stats":[{"Potion Belt":13,"Replay:M_StaffOfTheSnake":10,"NeowsBlessing":0,"ReplayTheSpireMod:Ring of Addiction":12,"SacredBark":12,"conspire:SlowCooker":17,"hubris:Towel":4,"Replay:Mystery Machine":9,"Ring of Searing":12,"Simple Rune":9,"Garlic":6,"ReplayTheSpireMod:TigerMarble":13,"PureWater":0,"Toy Ornithopter":12},{"Potion Belt":8,"Replay:M_StaffOfTheSnake":7,"NeowsBlessing":0,"ReplayTheSpireMod:Ring of Addiction":7,"SacredBark":7,"conspire:SlowCooker":10,"hubris:Towel":3,"Replay:Mystery Machine":7,"Ring of Searing":7,"Simple Rune":7,"Garlic":5,"ReplayTheSpireMod:TigerMarble":8,"PureWater":0,"Toy Ornithopter":7},{"Potion Belt":22,"Replay:M_StaffOfTheSnake":19,"NeowsBlessing":0,"ReplayTheSpireMod:Ring of Addiction":19,"SacredBark":19,"conspire:SlowCooker":29,"hubris:Towel":3,"Replay:Mystery Machine":19,"Ring of Searing":19,"Simple Rune":19,"Garlic":10,"ReplayTheSpireMod:TigerMarble":22,"PureWater":0,"Toy Ornithopter":19}],"Toy Ornithopter":20},"card_choices":[{"not_picked":["Fasting2","Halt"],"picked":"Indignation","floor":1},{"not_picked":["MentalFortress","JustLucky"],"picked":"ReachHeaven","floor":2},{"not_picked":["Replay:BluntJabs","Crescendo"],"picked":"Consecrate","floor":3},{"not_picked":["PathToVictory","Wireheading"],"picked":"SashWhip","floor":5},{"not_picked":["Meditate","Nirvana"],"picked":"Conclude","floor":6},{"not_picked":["Replay:Battleflow","ThirdEye"],"picked":"Adaptation","floor":7},{"not_picked":["SashWhip","Protect"],"picked":"DeceiveReality","floor":9},{"not_picked":["BowlingBash","FollowUp"],"picked":"InnerPeace","floor":13},{"not_picked":["Outmaneuver","LikeWater"],"picked":"Pray","floor":14},{"not_picked":["Brilliance","Wish"],"picked":"Devotion","floor":16},{"not_picked":["ReachHeaven","MentalFortress"],"picked":"Halt","floor":18}],"player_experience":288834,"relics_obtained":[{"floor":6,"key":"Garlic"},{"floor":9,"key":"Replay:Mystery Machine"},{"floor":9,"key":"Simple Rune"},{"floor":12,"key":"Ring of Searing"},{"floor":12,"key":"ReplayTheSpireMod:Ring of Addiction"},{"floor":12,"key":"Toy Ornithopter"},{"floor":12,"key":"SacredBark"},{"floor":13,"key":"Potion Belt"},{"floor":13,"key":"ReplayTheSpireMod:TigerMarble"}],"event_choices":[],"is_beta":false,"boss_relics":[{"not_picked":["energizedSpire:MagnifyingGlass","Fusion Hammer"],"picked":"conspire:SlowCooker"}],"items_purged_floors":[],"is_endless":false,"potions_floor_spawned":[1,2,7,14,19],"killed_by":"Chosen","ascension_level":5}}