{"host":"cyh4fejqtcjbfr7k","time":1608707039,"event":{"mods":["2.2 Compatiblity","AchievementEnabler","BaseMod","Colored Map","Colored Powertips","DeckTracker","Downfall","Googly Eyes","Hubris","Infinite Spire","Minty Spire (QoL Compilation)","Replay The Spire","Shop Mod","StSLib","SuperFastMode","Unceasing Turn Reminder"],"gold_per_floor":[116,116,136,156,231,231,259,259,259,285,303,313,313,329,329,430,430,447,436,436,436,230,230,264,284,354,52,52,152,152,187,187,282,282,301,320,367,18,18,18],"floor_reached":39,"playtime":1379,"items_purged":["Strike_G"],"score":542,"play_id":"888f081e-f205-4303-ad1c-d0b958f0e881","local_time":"20201223000359","is_ascension_mode":true,"campfire_choices":[{"floor":6,"key":"REST"},{"floor":8,"key":"REST"},{"floor":13,"key":"REST"},{"floor":15,"key":"REST"},{"data":"Noxious Fumes","floor":23,"key":"SMITH"},{"floor":28,"key":"REST"},{"floor":30,"key":"REST"},{"floor":32,"key":"REST"}],"circlet_count":0,"master_deck":["Strike_G+1","Strike_G+1","Strike_G","Strike_G","Defend_G","Defend_G","Defend_G","Defend_G","Defend_G","Survivor","Neutralize","Backflip+1","Hidden Blade","Hidden Blade","Blade Dance","Poison Darts","Deflect","infinitespire:Neurotoxin","Distraction","Adrenaline","Blade Dance+1","Outmaneuver+1","Noxious Fumes+1","Deadly Poison","Bouncing Flask","Infinite Blades","Poisoned Stab","Atom Bomb","Outmaneuver+1","Fluid Movement+1"],"relics":["Ring of the Snake","ReplayTheSpireMod:Ninjato","MerchantsRug","The Courier","Ornamental Fan","WingedGreaves","Matryoshka","hubris:HollowSoul","Anchor","Regal Pillow","hubris:CuriousFeather","Vajra"],"acts_visited":["Exordium","TheCity","TheBeyond"],"potions_floor_usage":[7,10,16,33,33,33,36],"damage_taken":[{"damage":0,"enemies":"2 Louse","floor":1,"turns":3},{"damage":2,"enemies":"Cultist","floor":3,"turns":4},{"damage":7,"enemies":"Jaw Worm","floor":4,"turns":6},{"damage":12,"enemies":"Gremlin Nob","floor":7,"turns":2},{"damage":35,"enemies":"Replay:BlueRogue","floor":10,"turns":7},{"damage":1,"enemies":"3 Louse","floor":11,"turns":4},{"damage":0,"enemies":"Blue Slaver","floor":12,"turns":4},{"damage":5,"enemies":"2 Fungi Beasts","floor":14,"turns":5},{"damage":53,"enemies":"Hexaghost","floor":16,"turns":11},{"damage":6,"enemies":"Shell Parasite","floor":18,"turns":5},{"damage":19,"enemies":"2 Thieves","floor":19,"turns":4},{"damage":21,"enemies":"Replay:Snechameleon","floor":24,"turns":6},{"damage":11,"enemies":"Snecko","floor":25,"turns":4},{"damage":56,"enemies":"Book of Stabbing","floor":31,"turns":6},{"damage":13,"enemies":"Automaton","floor":33,"turns":6},{"damage":6,"enemies":"3 Shapes","floor":35,"turns":5},{"damage":25,"enemies":"3 Darklings","floor":36,"turns":5},{"damage":22,"enemies":"Spire Growth","floor":39,"turns":3}],"seed_played":"2762700908814019566","potions_obtained":[{"floor":0,"key":"EssenceOfSteel"},{"floor":0,"key":"DuplicationPotion"},{"floor":0,"key":"Death Potion"},{"floor":7,"key":"AttackPotion"},{"floor":14,"key":"Ancient Potion"},{"floor":16,"key":"infinitespire:BlackPotion"},{"floor":33,"key":"sneckomod:MuddlingPotion"}],"is_trial":false,"path_per_floor":["M","?","M","M","?","R","E","R","T","E","M","M","R","M","R","B",null,"M","M","?","?","$","R","E","M","T","$","R","?","R","E","R","B",null,"M","M","T","$","M"],"character_chosen":"THE_SILENT","items_purchased":["MerchantsRug","Noxious Fumes","Infinite Blades","WingedGreaves","hubris:CuriousFeather","Vajra"],"campfire_rested":7,"item_purchase_floors":[22,22,27,27,38,38],"current_hp_per_floor":[70,70,68,61,50,70,58,70,70,35,34,34,55,50,70,17,70,64,45,45,68,68,68,47,36,36,36,57,57,70,14,35,22,70,64,39,39,39,0,0],"gold":18,"neow_bonus":"THREE_SMALL_POTIONS","is_daily":false,"chose_seed":false,"campfire_upgraded":1,"win_rate":0.0,"timestamp":1608707039,"path_taken":["M","?","M","?","?","R","E","R","T","E","M","M","R","M","R","BOSS","M","M","?","?","?","R","E","M","T","$","R","?","R","E","R","BOSS","M","?","?","$","M"],"items_purchased_type":["Relic","Card","Card","Relic","Relic","Relic"],"build_version":"2020-12-22","purchased_purges":1,"victory":false,"max_hp_per_floor":[70,70,70,70,70,70,70,70,70,70,70,70,70,70,70,70,70,70,70,70,70,70,70,70,70,70,70,70,70,70,70,70,70,70,70,70,70,70,70,70],"card_choices":[{"not_picked":["hubris:SlightOfHand","ReplayTheSpireMod:Shiv Toss"],"picked":"Backflip","floor":1},{"not_picked":["Well Laid Plans","Slice"],"picked":"Hidden Blade","floor":3},{"not_picked":["Underhanded Strike","Eviscerate"],"picked":"Hidden Blade","floor":4},{"not_picked":["Deflect","Slice"],"picked":"Blade Dance","floor":7},{"not_picked":["Prepared","Bane"],"picked":"Poison Darts","floor":10},{"not_picked":["Hidden Blade","hubris:SlightOfHand"],"picked":"Deflect","floor":11},{"not_picked":["Prepared","Hidden Blade"],"picked":"infinitespire:Neurotoxin","floor":12},{"not_picked":["Flying Knee","Deflect"],"picked":"Distraction","floor":14},{"not_picked":["Storm of Steel","Poison Darts"],"picked":"Adrenaline","floor":16},{"not_picked":["Blur","Flying Knee+1"],"picked":"Blade Dance+1","floor":18},{"not_picked":["Distraction","Cloak And Dagger"],"picked":"Outmaneuver+1","floor":19},{"not_picked":["Night Terror","Prepared"],"picked":"Deadly Poison","floor":24},{"not_picked":["Poisoned Stab","PiercingWail"],"picked":"Bouncing Flask","floor":25},{"not_picked":["Deflect","Distraction"],"picked":"Poisoned Stab","floor":31},{"not_picked":["Doppelganger","Glass Knife"],"picked":"Atom Bomb","floor":33},{"not_picked":["Terror","Masterful Stab+1"],"picked":"Outmaneuver+1","floor":35},{"not_picked":["All Out Attack+1","Setup"],"picked":"Fluid Movement+1","floor":36}],"player_experience":606898,"relics_obtained":[{"floor":7,"key":"ReplayTheSpireMod:Ninjato"},{"floor":9,"key":"Replay:Bottled Steam"},{"floor":10,"key":"Simple Rune"},{"floor":24,"key":"The Courier"},{"floor":26,"key":"Ornamental Fan"},{"floor":31,"key":"Matryoshka"},{"floor":37,"key":"Anchor"},{"floor":37,"key":"Regal Pillow"}],"event_choices":[{"damage_healed":0,"gold_gain":0,"player_choice":"Upgraded","damage_taken":0,"max_hp_gain":0,"max_hp_loss":0,"event_name":"Upgrade Shrine","floor":2,"gold_loss":0,"cards_upgraded":["Backflip"]},{"damage_healed":0,"gold_gain":75,"player_choice":"Gather Gold","damage_taken":11,"max_hp_gain":0,"max_hp_loss":0,"event_name":"World of Goop","floor":5,"gold_loss":0},{"damage_healed":23,"gold_gain":0,"player_choice":"Heal","damage_taken":0,"max_hp_gain":0,"max_hp_loss":0,"event_name":"The Library","floor":21,"gold_loss":0},{"damage_healed":0,"gold_gain":100,"player_choice":"Pray","damage_taken":0,"max_hp_gain":0,"max_hp_loss":0,"event_name":"Golden Shrine","floor":29,"gold_loss":0}],"is_beta":false,"boss_relics":[{"not_picked":["Replay:Ancient Bell","Velvet Choker","Abe\u0027s Treasure"]},{"not_picked":["Honey Jar","Replay:Bronze Core"],"picked":"hubris:HollowSoul"}],"items_purged_floors":[22],"is_endless":false,"potions_floor_spawned":[4,7,14,16,18,25,33],"killed_by":"Spire Growth","ascension_level":4}}