{"host":"m2106ztvmcgfoyc9","time":1608763794,"event":{"mods":["BaseMod","Minty Spire (QoL Compilation)","Relic Stats"],"gold_per_floor":[110,110,110,121,131,131,146,146,146,159,190,190,75,89,89,167,167,180,180,210,260,260,260,273,285,285,317,328,328,342,360,360,360,360],"floor_reached":33,"playtime":1306,"items_purged":["Strike_G"],"score":538,"play_id":"0b11fa10-534c-4dcb-a238-757da33d882e","local_time":"20201223234954","is_ascension_mode":true,"campfire_choices":[{"floor":6,"key":"REST"},{"data":"Eviscerate","floor":8,"key":"SMITH"},{"floor":12,"key":"REST"},{"data":"Dash","floor":15,"key":"SMITH"},{"data":"Skewer","floor":23,"key":"SMITH"},{"floor":32,"key":"REST"}],"circlet_count":0,"master_deck":["AscendersBane","Strike_G","Defend_G","Defend_G","Defend_G","Defend_G","Defend_G","Survivor","Neutralize","Eviscerate+1","Skewer+1","PiercingWail","Dash+1","Crippling Poison","Noxious Fumes","After Image","Tactician","Backflip+1","Predator"],"relics":["Snecko Eye","Shuriken","Letter Opener","Velvet Choker","Red Mask","Dead Branch","Blue Candle"],"acts_visited":["Exordium","TheCity"],"potions_floor_usage":[16,20,24,31],"damage_taken":[{"damage":36,"enemies":"Jaw Worm","floor":1,"turns":8},{"damage":2,"enemies":"2 Louse","floor":4,"turns":2},{"damage":0,"enemies":"Small Slimes","floor":5,"turns":2},{"damage":10,"enemies":"Gremlin Gang","floor":7,"turns":5},{"damage":3,"enemies":"2 Fungi Beasts","floor":10,"turns":3},{"damage":20,"enemies":"Lagavulin","floor":11,"turns":6},{"damage":5,"enemies":"Lots of Slimes","floor":14,"turns":3},{"damage":12,"enemies":"Slime Boss","floor":16,"turns":6},{"damage":5,"enemies":"Shell Parasite","floor":18,"turns":4},{"damage":15,"enemies":"Masked Bandits","floor":20,"turns":4},{"damage":0,"enemies":"Spheric Guardian","floor":24,"turns":3},{"damage":2,"enemies":"Centurion and Healer","floor":25,"turns":5},{"damage":2,"enemies":"Gremlin Leader","floor":27,"turns":5},{"damage":5,"enemies":"Snake Plant","floor":28,"turns":2},{"damage":0,"enemies":"Snecko","floor":30,"turns":3},{"damage":9,"enemies":"3 Cultists","floor":31,"turns":6},{"damage":11,"enemies":"Collector","floor":33,"turns":3}],"seed_played":"7127515467259885622","potions_obtained":[{"floor":7,"key":"Dexterity Potion"},{"floor":11,"key":"Fire Potion"},{"floor":16,"key":"SkillPotion"},{"floor":20,"key":"SteroidPotion"},{"floor":28,"key":"FearPotion"},{"floor":31,"key":"DuplicationPotion"}],"is_trial":false,"path_per_floor":["M","?","?","M","M","R","M","R","T","M","E","R","$","M","R","B",null,"M","?","?","?","?","R","M","M","T","E","M","?","M","M","R","B"],"character_chosen":"THE_SILENT","items_purchased":["Dash"],"campfire_rested":3,"item_purchase_floors":[13],"current_hp_per_floor":[23,23,23,21,21,40,30,30,30,27,7,26,26,21,21,9,52,47,47,32,32,32,32,32,30,30,28,23,14,14,5,24,13,13],"gold":360,"neow_bonus":"BOSS_RELIC","is_daily":false,"chose_seed":false,"campfire_upgraded":3,"win_rate":0.0,"timestamp":1608763794,"path_taken":["M","?","?","M","M","R","M","R","T","M","E","R","?","?","R","BOSS","M","?","?","?","?","R","M","M","T","E","?","?","?","M","R","BOSS"],"items_purchased_type":["Card"],"build_version":"2020-12-22","purchased_purges":1,"victory":false,"max_hp_per_floor":[66,66,66,66,66,66,66,66,66,66,66,66,66,66,66,66,66,66,66,66,66,66,66,66,66,66,66,66,66,66,66,66,66,66],"relic_stats":{"counters":[17,70],"Shuriken":[14],"Dead Branch":[10],"Blue Candle":[0],"Snecko Eye":[115,101,130,114],"Letter Opener":[72],"obtain_stats":[{"Shuriken":9,"Dead Branch":26,"Blue Candle":27,"Snecko Eye":0,"Velvet Choker":17,"Red Mask":20,"Letter Opener":11,"Ring of the Snake":0},{"Shuriken":4,"Dead Branch":12,"Blue Candle":13,"Snecko Eye":0,"Velvet Choker":8,"Red Mask":10,"Letter Opener":6,"Ring of the Snake":0},{"Shuriken":17,"Dead Branch":51,"Blue Candle":56,"Snecko Eye":0,"Velvet Choker":35,"Red Mask":43,"Letter Opener":26,"Ring of the Snake":0}]},"card_choices":[{"not_picked":["Blade Dance","Sucker Punch"],"picked":"Eviscerate","floor":1},{"not_picked":["Dagger Throw","Outmaneuver","Slice"],"picked":"SKIP","floor":4},{"not_picked":["Accuracy","Backflip","Dodge and Roll"],"picked":"SKIP","floor":5},{"not_picked":["Dodge and Roll","Blade Dance","Sucker Punch"],"picked":"SKIP","floor":7},{"not_picked":["Quick Slash","Dagger Throw"],"picked":"Skewer","floor":10},{"not_picked":["Unload","Infinite Blades"],"picked":"PiercingWail","floor":11},{"not_picked":["Blade Dance","Dagger Spray"],"picked":"Crippling Poison","floor":14},{"not_picked":["Bane","Outmaneuver"],"picked":"Noxious Fumes","floor":18},{"not_picked":["Catalyst","Well Laid Plans"],"picked":"Backflip+1","floor":20},{"not_picked":["Acrobatics","PiercingWail"],"picked":"Predator","floor":24},{"not_picked":["Poisoned Stab","Bane","Acrobatics"],"picked":"SKIP","floor":25},{"not_picked":["Sucker Punch","Escape Plan+1","Flying Knee"],"picked":"SKIP","floor":27},{"not_picked":["Flying Knee","Slice","Heel Hook"],"picked":"SKIP","floor":28},{"not_picked":["Accuracy","Skewer","Quick Slash+1"],"picked":"SKIP","floor":30},{"not_picked":["Poisoned Stab","Flechettes","Cloak And Dagger"],"picked":"SKIP","floor":31}],"player_experience":963013,"relics_obtained":[{"floor":9,"key":"Shuriken"},{"floor":11,"key":"Letter Opener"},{"floor":20,"key":"Red Mask"},{"floor":26,"key":"Dead Branch"},{"floor":27,"key":"Blue Candle"}],"event_choices":[{"damage_healed":0,"gold_gain":0,"player_choice":"Ignored","damage_taken":0,"max_hp_gain":0,"max_hp_loss":0,"event_name":"Liars Game","floor":2,"gold_loss":0},{"damage_healed":0,"gold_gain":0,"player_choice":"Ignored","damage_taken":0,"max_hp_gain":0,"max_hp_loss":0,"event_name":"Shining Light","floor":3,"gold_loss":0},{"damage_healed":0,"gold_gain":0,"cards_transformed":["Strike_G","Strike_G"],"player_choice":"Became Test Subject","damage_taken":0,"max_hp_gain":0,"max_hp_loss":0,"event_name":"Drug Dealer","floor":19,"gold_loss":0,"cards_obtained":["After Image","Tactician"]},{"damage_healed":0,"gold_gain":0,"player_choice":"Fought Bandits","damage_taken":0,"max_hp_gain":0,"max_hp_loss":0,"event_name":"Masked Bandits","floor":20,"gold_loss":0},{"damage_healed":0,"gold_gain":50,"player_choice":"Stole From Cult","damage_taken":0,"max_hp_gain":0,"max_hp_loss":0,"event_name":"Nest","floor":21,"gold_loss":0},{"cards_removed":["Strike_G"],"damage_healed":0,"gold_gain":0,"player_choice":"Purged","damage_taken":0,"max_hp_gain":0,"max_hp_loss":0,"event_name":"Purifier","floor":22,"gold_loss":0},{"damage_healed":0,"gold_gain":0,"player_choice":"Damaged","damage_taken":9,"max_hp_gain":0,"max_hp_loss":0,"event_name":"Wheel of Change","floor":29,"gold_loss":0}],"is_beta":false,"boss_relics":[{"not_picked":["Cursed Key","Astrolabe"],"picked":"Velvet Choker"}],"items_purged_floors":[13],"is_endless":false,"potions_floor_spawned":[7,11,16,20,28,31],"killed_by":"Collector","ascension_level":20}}