{"host":"vumwfieg2b2mnrfl","time":1608753325,"event":{"mods":["AchievementEnabler","BaseMod","Minty Spire (QoL Compilation)","Rare Cards Sparkle","Relic Stats"],"gold_per_floor":[114,131,131,149,168,168,168,168,168,168,180,180,180,197,197,299,299,269,269,280,291,218,238,238,238,238,238,252,272,161,174,174,273,273,289,304,204,214,224,224,224,224],"floor_reached":41,"playtime":1866,"items_purged":["Strike_R","Defend_R"],"score":389,"play_id":"a0eaf26c-ab87-4cfa-864e-057ec995c3f0","local_time":"20201223135525","is_ascension_mode":false,"campfire_choices":[{"data":"Inflame","floor":6,"key":"SMITH"},{"data":"Armaments","floor":8,"key":"SMITH"},{"data":"Bash","floor":10,"key":"SMITH"},{"data":"Barricade","floor":13,"key":"SMITH"},{"data":"Disarm","floor":15,"key":"SMITH"},{"floor":25,"key":"REST"},{"data":"Battle Trance","floor":27,"key":"SMITH"},{"floor":32,"key":"REST"},{"data":"Demon Form","floor":40,"key":"SMITH"}],"circlet_count":0,"master_deck":["Strike_R","Strike_R","Strike_R","Defend_R","Defend_R","Defend_R","Bash+1","Barricade+1","Armaments","Pummel","Armaments+1","Inflame+1","Offering","Disarm+1","Reaper","Shrug It Off+1","Pommel Strike","Anger+1","Battle Trance+1","Melter","Inflame","Uppercut","Demon Form+1","Warcry+1","Metallicize+1","Shrug It Off+1"],"relics":["Burning Blood"],"acts_visited":["Exordium","TheCity","TheBeyond"],"potions_floor_usage":[18,23,28,29,33],"damage_taken":[{"damage":5,"enemies":"Small Slimes","floor":1,"turns":4},{"damage":6,"enemies":"Cultist","floor":2,"turns":3},{"damage":6,"enemies":"Jaw Worm","floor":4,"turns":3},{"damage":8,"enemies":"Red Slaver","floor":5,"turns":5},{"damage":20,"enemies":"Gremlin Gang","floor":11,"turns":5},{"damage":6,"enemies":"Exordium Wildlife","floor":14,"turns":3},{"damage":14,"enemies":"Hexaghost","floor":16,"turns":13},{"damage":30,"enemies":"2 Thieves","floor":18,"turns":5},{"damage":28,"enemies":"Chosen","floor":20,"turns":7},{"damage":16,"enemies":"Snecko","floor":21,"turns":6},{"damage":9,"enemies":"Snake Plant","floor":23,"turns":5},{"damage":11,"enemies":"3 Cultists","floor":28,"turns":6},{"damage":18,"enemies":"Centurion and Healer","floor":29,"turns":7},{"damage":23,"enemies":"Sentry and Sphere","floor":31,"turns":4},{"damage":50,"enemies":"Champ","floor":33,"turns":16},{"damage":5,"enemies":"3 Shapes","floor":35,"turns":10},{"damage":36,"enemies":"Orb Walker","floor":36,"turns":5},{"damage":36,"enemies":"4 Shapes","floor":38,"turns":20},{"damage":36,"enemies":"Writhing Mass","floor":39,"turns":16},{"damage":88,"enemies":"Maw","floor":41,"turns":11}],"seed_played":"-7895974366149259430","potions_obtained":[{"floor":2,"key":"Block Potion"},{"floor":5,"key":"SteroidPotion"},{"floor":16,"key":"BlessingOfTheForge"},{"floor":20,"key":"DistilledChaos"},{"floor":21,"key":"AttackPotion"},{"floor":31,"key":"Fire Potion"},{"floor":35,"key":"LiquidBronze"},{"floor":36,"key":"GamblersBrew"}],"is_trial":false,"path_per_floor":["M","M","?","M","M","R","?","R","T","R","M","?","R","M","R","B",null,"M","T","M","M","$","M","?","R","T","R","M","M","$","M","R","B",null,"M","M","$","M","M","R","M"],"character_chosen":"IRONCLAD","items_purchased":["Battle Trance","Uppercut"],"campfire_rested":2,"item_purchase_floors":[22,30],"current_hp_per_floor":[80,80,80,80,78,78,78,78,78,78,64,64,64,64,64,56,80,65,65,43,40,40,37,37,61,61,61,56,44,44,27,51,7,80,80,50,50,80,80,80,0,0],"gold":224,"neow_bonus":"ONE_RANDOM_RARE_CARD","is_daily":false,"chose_seed":false,"campfire_upgraded":7,"win_rate":0.0,"timestamp":1608753325,"path_taken":["M","M","?","?","M","R","?","R","T","R","M","?","R","M","R","BOSS","M","?","?","M","$","M","?","R","T","R","M","M","$","M","R","BOSS","M","?","$","M","M","R","M"],"items_purchased_type":["Card","Card"],"build_version":"2020-12-22","purchased_purges":2,"victory":false,"max_hp_per_floor":[80,80,80,80,80,80,80,80,80,80,80,80,80,80,80,80,80,80,80,80,80,80,80,80,80,80,80,80,80,80,80,80,80,80,80,80,80,80,80,80,80,80],"relic_stats":{"counters":[20,154],"obtain_stats":[{"Burning Blood":0},{"Burning Blood":0},{"Burning Blood":0}],"Burning Blood":100},"card_choices":[{"not_picked":["Whirlwind","Heavy Blade"],"picked":"Headbutt","floor":1},{"not_picked":["Thunderclap","Cleave"],"picked":"Armaments","floor":2},{"not_picked":["Anger","Cleave"],"picked":"Armaments","floor":4},{"not_picked":["Clash","True Grit"],"picked":"Inflame","floor":5},{"not_picked":["Infernal Blade","Second Wind","Flex"],"picked":"SKIP","floor":11},{"not_picked":["Wild Strike","Clothesline"],"picked":"Disarm","floor":14},{"not_picked":["Double Tap","Exhume"],"picked":"Reaper","floor":16},{"not_picked":["True Grit","Wild Strike+1"],"picked":"Shrug It Off+1","floor":18},{"not_picked":["Anger","Cleave"],"picked":"Pommel Strike","floor":20},{"not_picked":["Twin Strike","Sword Boomerang"],"picked":"Anger+1","floor":21},{"not_picked":["Thunderclap","Whirlwind+1","Armaments"],"picked":"SKIP","floor":23},{"not_picked":["Warcry","Flex"],"picked":"Inflame","floor":28},{"not_picked":["Clash+1","Infernal Blade","Flex"],"picked":"SKIP","floor":29},{"not_picked":["Intimidate","Inflame+1","Bloodletting"],"picked":"SKIP","floor":31},{"not_picked":["Bludgeon","Corruption"],"picked":"Demon Form","floor":33},{"not_picked":["Ghostly Armor","Flex"],"picked":"Warcry+1","floor":35},{"not_picked":["Pommel Strike","Immolate"],"picked":"Metallicize+1","floor":36},{"not_picked":["Warcry","Clash+1","Wild Strike+1"],"picked":"SKIP","floor":38},{"not_picked":["Cleave","Wild Strike+1"],"picked":"Shrug It Off+1","floor":39}],"player_experience":300097,"relics_obtained":[],"event_choices":[{"damage_healed":0,"gold_gain":0,"player_choice":"1 cards matched","damage_taken":0,"max_hp_gain":0,"max_hp_loss":0,"event_name":"Match and Keep!","floor":3,"gold_loss":0,"cards_obtained":["Pummel"]},{"damage_healed":0,"gold_gain":0,"player_choice":"Ignored","damage_taken":0,"max_hp_gain":0,"max_hp_loss":0,"event_name":"Golden Idol","floor":7,"gold_loss":0},{"damage_healed":0,"gold_gain":0,"cards_transformed":["Strike_R"],"player_choice":"Transformed","damage_taken":0,"max_hp_gain":0,"max_hp_loss":0,"event_name":"Transmorgrifier","floor":12,"gold_loss":0,"cards_obtained":["Offering"]},{"cards_removed":["Headbutt"],"damage_healed":0,"gold_gain":0,"player_choice":"Took Card","damage_taken":0,"max_hp_gain":0,"max_hp_loss":0,"event_name":"NoteForYourself","floor":24,"gold_loss":0,"cards_obtained":["Melter"]}],"is_beta":false,"boss_relics":[{"not_picked":["Mark of Pain","Tiny House","Busted Crown"]},{"not_picked":["Runic Pyramid","Mark of Pain","SlaversCollar"]}],"items_purged_floors":[30,37],"is_endless":false,"potions_floor_spawned":[2,5,16,20,21,31,35,36],"killed_by":"Maw","ascension_level":0}}