{"host":"fxrgx7wt2cpkbhka","time":1608719375,"event":{"mods":["AchievementEnabler","BaseMod","Colored Powertips","Minty Spire (QoL Compilation)","Permanent Neow","Slay-I","StSLib","Waifu the Spire"],"gold_per_floor":[114,45,63,75,52,52,52,83,106,25,25,200,234,248,248,321,321,336,117,142,142,152,152,178,196,219,238,238,264,548,324,324,408,408,421,291,311,338,338,338],"floor_reached":39,"playtime":1350,"items_purged":["Regret","Doubt"],"score":670,"play_id":"292480a6-21f9-437b-b847-da232f04439c","local_time":"20201223022935","is_ascension_mode":true,"campfire_choices":[{"data":"Defragment","floor":6,"key":"SMITH"},{"floor":11,"key":"REST"},{"floor":15,"key":"REST"},{"data":"Echo Form","floor":23,"key":"SMITH"},{"floor":28,"key":"REST"},{"floor":32,"key":"REST"}],"circlet_count":0,"master_deck":["AscendersBane","Strike_B","Strike_B","Strike_B","Strike_B","Defend_B","Defend_B","Defend_B","Defend_B","Zap","Dualcast+1","Defragment+1","Static Discharge","Cold Snap","Conserve Battery","Echo Form+1","Madness","Cold Snap","Capacitor","Conserve Battery","Electrodynamics","Go for the Eyes","Storm+1","Cold Snap","Sweeping Beam+1","White Noise+1","Defragment","Ball Lightning","Lockon","Buffer","Capacitor","Glacier+1","Defragment+1"],"relics":["Cracked Core","Anchor","MealTicket","Velvet Choker","Oddly Smooth Stone","CeramicFish","Bronze Scales","Nuclear Battery"],"acts_visited":["Exordium","TheCity","TheBeyond"],"potions_floor_usage":[13,13,33,39],"damage_taken":[{"damage":2,"enemies":"2 Louse","floor":1,"turns":3},{"damage":6,"enemies":"Cultist","floor":3,"turns":3},{"damage":10,"enemies":"Jaw Worm","floor":4,"turns":3},{"damage":15,"enemies":"3 Sentries","floor":8,"turns":8},{"damage":20,"enemies":"Gremlin Nob","floor":13,"turns":5},{"damage":21,"enemies":"Lots of Slimes","floor":14,"turns":4},{"damage":37,"enemies":"The Guardian","floor":16,"turns":9},{"damage":6,"enemies":"Chosen","floor":18,"turns":5},{"damage":24,"enemies":"2 Thieves","floor":22,"turns":3},{"damage":11,"enemies":"Centurion and Healer","floor":24,"turns":3},{"damage":10,"enemies":"Snake Plant","floor":25,"turns":3},{"damage":6,"enemies":"Snecko","floor":27,"turns":4},{"damage":14,"enemies":"Sentry and Sphere","floor":29,"turns":4},{"damage":38,"enemies":"Automaton","floor":33,"turns":7},{"damage":0,"enemies":"Orb Walker","floor":35,"turns":3},{"damage":30,"enemies":"3 Darklings","floor":37,"turns":5},{"damage":10,"enemies":"Maw","floor":38,"turns":6},{"damage":45,"enemies":"Jaw Worm Horde","floor":39,"turns":4}],"seed_played":"5546198210197929676","potions_obtained":[{"floor":1,"key":"ColorlessPotion"},{"floor":3,"key":"FocusPotion"},{"floor":4,"key":"AttackPotion"},{"floor":14,"key":"SteroidPotion"},{"floor":22,"key":"DuplicationPotion"},{"floor":38,"key":"Regen Potion"}],"is_trial":false,"path_per_floor":["M","$","M","M","$","R","?","E","T","$","R","?","E","M","R","B",null,"M","$","T","?","M","R","M","M","T","M","R","M","?","$","R","B",null,"M","$","M","M","M"],"character_chosen":"DEFECT","items_purchased":["Static Discharge","Conserve Battery","Capacitor","Storm","Oddly Smooth Stone","Defragment","Ball Lightning","Lockon","Capacitor"],"campfire_rested":4,"item_purchase_floors":[2,5,10,19,19,31,31,31,36],"current_hp_per_floor":[66,66,60,50,50,50,50,35,35,35,57,57,37,16,38,1,57,51,66,66,66,42,42,31,21,21,15,37,23,23,38,60,22,62,62,75,45,35,0,0],"gold":338,"neow_bonus":"UPGRADE_CARD","is_daily":false,"chose_seed":false,"campfire_upgraded":2,"win_rate":0.0,"timestamp":1608719375,"path_taken":["M","$","M","M","$","R","?","E","T","?","R","?","E","?","R","BOSS","M","$","?","?","M","R","M","M","T","?","R","M","?","$","R","BOSS","M","$","M","?","M"],"items_purchased_type":["Card","Card","Card","Card","Relic","Card","Card","Card","Card"],"build_version":"2020-12-22","purchased_purges":2,"victory":false,"max_hp_per_floor":[75,75,75,75,75,75,75,75,75,75,75,75,75,75,75,75,75,75,75,75,75,75,75,75,75,75,75,75,75,75,75,75,75,75,75,75,75,75,75,75],"card_choices":[{"not_picked":["Loop","Hello World"],"picked":"Defragment","floor":1},{"not_picked":["Conserve Battery","Reinforced Body"],"picked":"Cold Snap","floor":3},{"not_picked":["Steam","Hologram","Rebound"],"picked":"SKIP","floor":4},{"not_picked":["Doom and Gloom","Turbo"],"picked":"Cold Snap","floor":8},{"not_picked":["Steam","Turbo","Reboot"],"picked":"SKIP","floor":13},{"not_picked":["Hologram","Barrage"],"picked":"Conserve Battery","floor":14},{"not_picked":["Amplify","Creative AI"],"picked":"Electrodynamics","floor":16},{"not_picked":["Turbo","Loop"],"picked":"Go for the Eyes","floor":18},{"not_picked":["Reinforced Body","Redo","Skim"],"picked":"SKIP","floor":22},{"not_picked":["Steam","Compile Driver"],"picked":"Cold Snap","floor":24},{"not_picked":["Leap","Streamline+1","Steam"],"picked":"SKIP","floor":25},{"not_picked":["Hello World","Chill"],"picked":"Sweeping Beam+1","floor":27},{"not_picked":["Coolheaded+1","Steam Power"],"picked":"White Noise+1","floor":29},{"not_picked":["Reboot","Seek"],"picked":"Buffer","floor":33},{"not_picked":["Gash","Compile Driver","Lockon"],"picked":"SKIP","floor":35},{"not_picked":["Cold Snap","Ball Lightning"],"picked":"Glacier+1","floor":37},{"not_picked":["Ball Lightning","Amplify"],"picked":"Defragment+1","floor":38}],"player_experience":675072,"relics_obtained":[{"floor":8,"key":"Anchor"},{"floor":13,"key":"MealTicket"},{"floor":20,"key":"CeramicFish"},{"floor":26,"key":"Bronze Scales"}],"event_choices":[{"damage_healed":0,"gold_gain":0,"player_choice":"2 cards matched","damage_taken":0,"max_hp_gain":0,"max_hp_loss":0,"event_name":"Match and Keep!","floor":7,"gold_loss":0,"cards_obtained":["Echo Form","Madness"]},{"damage_healed":0,"gold_gain":175,"player_choice":"AGREE","damage_taken":0,"max_hp_gain":0,"max_hp_loss":0,"event_name":"Liars Game","floor":12,"gold_loss":0,"cards_obtained":["Doubt"]},{"damage_healed":0,"gold_gain":0,"player_choice":"Upgraded","damage_taken":0,"max_hp_gain":0,"max_hp_loss":0,"event_name":"Upgrade Shrine","floor":21,"gold_loss":0,"cards_upgraded":["Storm"]},{"damage_healed":0,"gold_gain":275,"player_choice":"Desecrate","damage_taken":0,"max_hp_gain":0,"max_hp_loss":0,"event_name":"Golden Shrine","floor":30,"gold_loss":0,"cards_obtained":["Regret"]}],"is_beta":false,"boss_relics":[{"not_picked":["Philosopher\u0027s Stone","SlaversCollar"],"picked":"Velvet Choker"},{"not_picked":["Calling Bell","FrozenCore"],"picked":"Nuclear Battery"}],"items_purged_floors":[31,36],"is_endless":false,"potions_floor_spawned":[1,3,4,14,22,27,29,38],"killed_by":"Jaw Worm Horde","ascension_level":13}}