{"host":"eez7vtcxu2i37lck","time":1608764521,"event":{"mods":["AchievementEnabler","BaseMod","Colored Map","Colored Powertips","Downfall","Hermit","Highlight Path","Hubris","Infinite Spire","Jorbs\u0027s Wanderer Trilogy","Minty Spire (QoL Compilation)","Quick Restart","Rare Cards Sparkle","Replay The Spire","Shop Mod","StSLib","The IronCluck"],"gold_per_floor":[99,116,116,116,136,153,153,153,172,201,201,212,241,23,34,136,136,136,155,155,155,155,155,155,171,187,187,187,187],"floor_reached":27,"playtime":992,"items_purged":[],"score":223,"play_id":"32446e31-a344-4b54-aec6-488c2b31b0fe","local_time":"20201223180201","is_ascension_mode":false,"campfire_choices":[{"data":"Slimebound:Split","floor":1.0,"key":"SMITH"},{"floor":18,"key":"DIG"}],"circlet_count":0,"master_deck":["Slimebound:Strike_Slimebound","Slimebound:Strike_Slimebound","Slimebound:Strike_Slimebound","Slimebound:Tackle","Slimebound:Defend_Slimebound","Slimebound:Defend_Slimebound","Slimebound:Defend_Slimebound","Slimebound:Defend_Slimebound","Slimebound:Split+1","Slimebound:CorrosiveSpit","Slimebound:SamplingLick","Slimebound:DivideAndConquer","Slimebound:PressTheAttack","Slimebound:RainOfGoop","Slimebound:SpikyOuterGoop","Slimebound:LeechEnergy","Slimebound:AcidTongue","Slimebound:SplitAcid","Slimebound:SamplingLick","Slimebound:WasteNot","Slimebound:Darklings","Slimebound:ProtectTheBoss","Slimebound:PrepareCrush","Slimebound:Schlurp","Slimebound:SamplingLick+1","Slimebound:SplitBruiser+1"],"relics":["Slimebound:AbsorbEndCombat","Ring of Peace","Counterbalance","Bag of Marbles","infinitespire:Beetle Shell","Ginger","ChewingGum","Toxic Egg 2","Matryoshka"],"acts_visited":["Exordium","TheCity"],"potions_floor_usage":[12],"damage_taken":[{"damage":10.0,"enemies":"2 Louse","floor":2.0,"turns":3.0},{"damage":4.0,"enemies":"Small Slimes","floor":5.0,"turns":3.0},{"damage":8.0,"enemies":"Jaw Worm","floor":6.0,"turns":4.0},{"damage":6.0,"enemies":"3 Louse","floor":9.0,"turns":3.0},{"damage":23.0,"enemies":"Gremlin Nob","floor":10.0,"turns":5.0},{"damage":0,"enemies":"Lots of Slimes","floor":12,"turns":1},{"damage":37,"enemies":"3 Sentries","floor":13,"turns":9},{"damage":4,"enemies":"downfall:FleeingMerchant","floor":14,"turns":4},{"damage":18,"enemies":"Exordium Thugs","floor":15,"turns":5},{"damage":68,"enemies":"downfall:Ironclad","floor":16,"turns":8},{"damage":13,"enemies":"Spheric Guardian","floor":19,"turns":3},{"damage":0,"enemies":"Chosen","floor":21,"turns":1},{"damage":40,"enemies":"Centurion and Healer","floor":25,"turns":7},{"damage":14,"enemies":"Snecko","floor":26,"turns":5},{"damage":89,"enemies":"Slavers","floor":27,"turns":5}],"seed_played":"4002359613070109201","potions_obtained":[{"floor":2.0,"key":"Swift Potion"},{"floor":9.0,"key":"Explosive Potion"},{"floor":15,"key":"Fire Potion"},{"floor":16,"key":"Adrenaline Potion"}],"is_trial":false,"path_per_floor":["R","M","?","?","M","M","T","?","M","E","?","M","E","$","M","B",null,"R_BF","M","?","M","T","?","T","M","M","E"],"character_chosen":"SLIMEBOUND","items_purchased":["Slimebound:SamplingLick","Slimebound:WasteNot"],"campfire_rested":0,"item_purchase_floors":[14,14],"current_hp_per_floor":[66,64,64,67,69,69,69,69,69,62,59,59,62,69,63,35,69,69,68,68,68,68,68,68,66,63,0,0,0],"gold":187,"neow_bonus":"TEN_PERCENT_HP_BONUS","is_daily":false,"chose_seed":false,"campfire_upgraded":1,"win_rate":0.0,"timestamp":1608764521,"path_taken":["R","M","?","?","M","M","T","?","?","E","?","M","E","$","M","BOSS","R_BF","M","?","?","?","?","T","M","M","E"],"items_purchased_type":["Card","Card"],"build_version":"2020-12-22","purchased_purges":0,"victory":false,"max_hp_per_floor":[66,66,66,69,69,69,69,69,69,69,69,69,69,69,69,69,69,69,69,69,69,69,69,69,69,69,69,69,69],"card_choices":[{"not_picked":["Slimebound:LeechingTouch","Slimebound:LeechEnergy"],"picked":"Slimebound:SamplingLick","floor":2.0},{"not_picked":["Slimebound:GrowthPunch","Slimebound:SplitAcid"],"picked":"Slimebound:DivideAndConquer","floor":5.0},{"not_picked":["Slimebound:ForwardTackle","Slimebound:Grow"],"picked":"Slimebound:PressTheAttack","floor":6.0},{"not_picked":["Slimebound:RejuvenatingLick","Slimebound:DivideAndConquer"],"picked":"Slimebound:RainOfGoop","floor":9.0},{"not_picked":["Slimebound:SplitMire","Slimebound:SlimeBarrage"],"picked":"Slimebound:SpikyOuterGoop","floor":10.0},{"not_picked":["Slimebound:TagTeam","Slimebound:SlimeSpikes"],"picked":"Slimebound:LeechEnergy","floor":12},{"not_picked":["Slimebound:Equalize","Slimebound:FormOfPuddle"],"picked":"Slimebound:AcidTongue","floor":13},{"not_picked":["Slimebound:Nibble","Slimebound:Overexert"],"picked":"Slimebound:SplitAcid","floor":14},{"not_picked":["Slimebound:RollThrough","Slimebound:DisruptingSlam","Slimebound:FinishingTackle"],"picked":"SKIP","floor":15},{"not_picked":["Slimebound:MassFeed","Slimebound:CheckThePlaybook"],"picked":"Slimebound:Darklings","floor":16},{"not_picked":["Slimebound:LeechingTouch","Slimebound:RollThrough"],"picked":"Slimebound:ProtectTheBoss","floor":19},{"not_picked":["Slimebound:LeechEnergy","Slimebound:RollThrough"],"picked":"Slimebound:Schlurp","floor":21},{"not_picked":["Slimebound:LevelUp","Slimebound:LeechEnergy"],"picked":"Slimebound:SamplingLick+1","floor":25},{"not_picked":["Slimebound:ProtectTheBoss","Slimebound:ForwardTackle"],"picked":"Slimebound:SplitBruiser+1","floor":26}],"player_experience":236560,"relics_obtained":[{"floor":3.0,"key":"Ring of Peace"},{"floor":7.0,"key":"Counterbalance"},{"floor":10.0,"key":"Bag of Marbles"},{"floor":13,"key":"Ginger"},{"floor":18,"key":"infinitespire:Eraser"},{"floor":22,"key":"Toxic Egg 2"},{"floor":24,"key":"Matryoshka"}],"event_choices":[{"damage_healed":0.0,"max_hp_gain":0.0,"max_hp_loss":0.0,"gold_gain":0.0,"event_name":"Scrap Ooze","player_choice":"Success","floor":11.0,"gold_loss":0.0,"damage_taken":3.0,"relics_obtained":["infinitespire:Beetle Shell"]}],"is_beta":false,"boss_relics":[{"not_picked":["SacredBark","Replay:Wanted Poster"],"picked":"ChewingGum"}],"items_purged_floors":[],"is_endless":false,"potions_floor_spawned":[2,9,15,16,19],"killed_by":"Slavers","ascension_level":0}}