{"host":"fxrgx7wt2cpkbhka","time":1608754158,"event":{"mods":["AchievementEnabler","BaseMod","Colored Powertips","Minty Spire (QoL Compilation)","Permanent Neow","Slay-I","StSLib","Waifu the Spire"],"gold_per_floor":[212,230,230,230,230,86,86,15,15,27,39,81,268,280,292,409,421,444,230,245,263,223,223,223],"floor_reached":23,"playtime":486,"items_purged":["Strike_R"],"score":296,"play_id":"0fa02b86-4a54-456b-902d-065926e4299b","local_time":"20201223120918","is_ascension_mode":true,"campfire_choices":[{"data":"Immolate","floor":7,"key":"SMITH"},{"data":"Rampage","floor":10,"key":"SMITH"},{"data":"Clash","floor":15,"key":"SMITH"}],"circlet_count":0,"master_deck":["AscendersBane","Strike_R","Strike_R","Strike_R","Strike_R","Defend_R+1","Defend_R","Defend_R","Defend_R","Bash","Perfected Strike+1","Cleave+1","Immolate+1","Rampage+1","Clash+1","Clash+1","Flame Barrier"],"relics":["Burning Blood","MawBank","MealTicket","Sozu","Red Skull"],"acts_visited":["Exordium","TheCity"],"potions_floor_usage":[12],"damage_taken":[{"damage":9,"enemies":"Small Slimes","floor":1,"turns":4},{"damage":10,"enemies":"2 Louse","floor":2,"turns":3},{"damage":10,"enemies":"3 Sentries","floor":12,"turns":3},{"damage":54,"enemies":"Hexaghost","floor":16,"turns":7},{"damage":9,"enemies":"Chosen","floor":18,"turns":4},{"damage":0,"enemies":"Spheric Guardian","floor":20,"turns":2},{"damage":33,"enemies":"Snake Plant","floor":21,"turns":3},{"damage":58,"enemies":"Book of Stabbing","floor":23,"turns":4}],"seed_played":"-6357815651849949641","potions_obtained":[{"floor":2,"key":"Energy Potion"}],"is_trial":false,"path_per_floor":["M","M","$","?","?","$","R","$","T","R","$","E","?","?","R","B",null,"M","$","M","M","?","E"],"character_chosen":"IRONCLAD","items_purchased":["Immolate","Rampage","Red Skull"],"campfire_rested":0,"item_purchase_floors":[6,8,19],"current_hp_per_floor":[69,65,65,70,70,70,70,70,70,70,70,66,66,59,59,11,67,64,79,85,58,58,0,0],"gold":223,"neow_bonus":"HUNDRED_GOLD","is_daily":false,"chose_seed":false,"campfire_upgraded":3,"win_rate":0.0,"timestamp":1608754158,"path_taken":["M","M","$","?","?","$","R","$","T","R","?","E","?","?","R","BOSS","M","$","M","M","?","E"],"items_purchased_type":["Card","Card","Relic"],"build_version":"2020-12-22","purchased_purges":1,"victory":false,"max_hp_per_floor":[80,80,80,85,85,85,85,85,85,85,85,85,85,85,85,85,85,85,85,85,85,85,85,85],"card_choices":[{"not_picked":["Sword Boomerang","Combust"],"picked":"Perfected Strike","floor":1},{"not_picked":["Body Slam","Anger"],"picked":"Cleave","floor":2},{"not_picked":["Juggernaut","Carnage"],"picked":"Clash","floor":12},{"not_picked":["Infernal Blade+1","Sword Boomerang"],"picked":"Clash+1","floor":18},{"not_picked":["Rampage+1","Cleave","Iron Wave"],"picked":"SKIP","floor":20},{"not_picked":["Burning Pact","Warcry"],"picked":"Flame Barrier","floor":21}],"player_experience":679559,"relics_obtained":[{"floor":9,"key":"MawBank"},{"floor":12,"key":"MealTicket"}],"event_choices":[{"damage_healed":0,"gold_gain":0,"player_choice":"Donut","damage_taken":0,"max_hp_gain":5,"max_hp_loss":0,"event_name":"Big Fish","floor":4,"gold_loss":0},{"damage_healed":0,"gold_gain":0,"player_choice":"Grow","damage_taken":0,"max_hp_gain":0,"max_hp_loss":0,"event_name":"Living Wall","floor":5,"gold_loss":0,"cards_upgraded":["Perfected Strike"]},{"damage_healed":0,"gold_gain":175,"player_choice":"AGREE","damage_taken":0,"max_hp_gain":0,"max_hp_loss":0,"event_name":"Liars Game","floor":13,"gold_loss":0,"cards_obtained":["Doubt"]},{"cards_removed":["Doubt"],"damage_healed":0,"gold_gain":0,"player_choice":"Card Removal","damage_taken":7,"max_hp_gain":0,"max_hp_loss":0,"event_name":"Golden Wing","floor":14,"gold_loss":0},{"damage_healed":0,"gold_gain":0,"player_choice":"Upgraded Two","damage_taken":0,"max_hp_gain":0,"max_hp_loss":0,"event_name":"Designer","floor":22,"gold_loss":40,"cards_upgraded":["Cleave","Defend_R"]}],"is_beta":false,"boss_relics":[{"not_picked":["Runic Dome","Runic Pyramid"],"picked":"Sozu"}],"items_purged_floors":[19],"is_endless":false,"potions_floor_spawned":[2,21],"killed_by":"Book of Stabbing","ascension_level":12}}