{"host":"9ndbo4kgsfoemf7y","time":1608719437,"event":{"mods":["AchievementEnabler","BaseMod","Colored Map","DeckTracker","Keyboard Shortcuts","Minty Spire (QoL Compilation)","Permanent Neow","Quick Restart","Relic Stats","StSLib","SuperFastMode"],"gold_per_floor":[114,114,126,136,136,169,53,53,53,67,67,67],"floor_reached":11,"playtime":332,"items_purged":["Defend_G"],"score":142,"play_id":"3ffacc49-6be6-4894-b2ad-24cc9ee17e1b","local_time":"20201223193037","is_ascension_mode":true,"campfire_choices":[{"data":"Blur","floor":8.0,"key":"SMITH"}],"circlet_count":0,"master_deck":["AscendersBane","Strike_G","Strike_G","Strike_G","Strike_G","Defend_G","Defend_G","Defend_G","Defend_G","Survivor","Neutralize+1","Unload","Dagger Spray","Deadly Poison","Eviscerate","Blur+1","Die Die Die","Bouncing Flask","Underhanded Strike"],"relics":["Ring of the Snake","Sundial","Pantograph"],"acts_visited":["Exordium"],"potions_floor_usage":[],"damage_taken":[{"damage":1.0,"enemies":"Cultist","floor":1.0,"turns":4.0},{"damage":8.0,"enemies":"Jaw Worm","floor":3.0,"turns":5.0},{"damage":0.0,"enemies":"2 Louse","floor":4.0,"turns":3.0},{"damage":9.0,"enemies":"3 Sentries","floor":6.0,"turns":5.0},{"damage":8,"enemies":"Exordium Thugs","floor":10,"turns":4},{"damage":74,"enemies":"Gremlin Nob","floor":11,"turns":4}],"seed_played":"-566412316618016850","potions_obtained":[{"floor":3.0,"key":"Strength Potion"}],"is_trial":false,"path_per_floor":["M","?","M","M","?","E","$","R","T","M","E"],"character_chosen":"THE_SILENT","items_purchased":["Bouncing Flask"],"campfire_rested":0,"item_purchase_floors":[7],"current_hp_per_floor":[58,58,50,50,50,41,41,41,41,33,0,0],"gold":67,"neow_bonus":"ONE_RANDOM_RARE_CARD","is_daily":false,"chose_seed":false,"campfire_upgraded":1,"win_rate":0.0,"timestamp":1608719437,"path_taken":["M","?","M","?","?","E","$","R","T","M","E"],"items_purchased_type":["Card"],"build_version":"2020-12-22","purchased_purges":1,"victory":false,"max_hp_per_floor":[66,66,66,66,66,66,66,66,66,66,66,66],"relic_stats":{"counters":[6,25],"Sundial":[0],"Pantograph":0,"obtain_stats":[{"Sundial":6,"Pantograph":9,"Ring of the Snake":0},{"Sundial":4,"Pantograph":4,"Ring of the Snake":0},{"Sundial":17,"Pantograph":17,"Ring of the Snake":0}],"Ring of the Snake":[12]},"card_choices":[{"not_picked":["Deflect","Setup"],"picked":"Dagger Spray","floor":1.0},{"not_picked":["Dash","Sucker Punch"],"picked":"Deadly Poison","floor":3.0},{"not_picked":["Dodge and Roll","Deflect"],"picked":"Eviscerate","floor":4.0},{"not_picked":["Underhanded Strike","Escape Plan"],"picked":"Die Die Die","floor":6.0},{"not_picked":["PiercingWail","Acrobatics"],"picked":"Underhanded Strike","floor":10}],"player_experience":734001,"relics_obtained":[{"floor":6.0,"key":"Sundial"},{"floor":9.0,"key":"Pantograph"}],"event_choices":[{"damage_healed":0.0,"max_hp_gain":0.0,"max_hp_loss":0.0,"gold_gain":0.0,"event_name":"Upgrade Shrine","player_choice":"Upgraded","floor":2.0,"gold_loss":0.0,"damage_taken":0.0,"cards_upgraded":["Neutralize"]},{"damage_healed":0.0,"max_hp_gain":0.0,"max_hp_loss":0.0,"gold_gain":0.0,"cards_transformed":["Strike_G"],"event_name":"Living Wall","player_choice":"Change","floor":5.0,"gold_loss":0.0,"damage_taken":0.0,"cards_obtained":["Blur"]}],"is_beta":false,"boss_relics":[],"items_purged_floors":[7],"is_endless":false,"potions_floor_spawned":[3],"killed_by":"Gremlin Nob","ascension_level":19}}