{"host":"0fm1w3v00gid44jl","time":1608706700,"event":{"mods":["AchievementEnabler","BaseMod","Colored Map","Colored Powertips","Displayed Cursed Tome","Downfall","Googly Eyes","Highlight Path","Minty Spire (QoL Compilation)","Permanent Neow","Relic Stats","StSLib","SuperFastMode","slay the spire mod where everything is the same but ironclad has a cowboy hat"],"gold_per_floor":[99,111,131,131,141,141,164,189,203,203,237,147,147,59,59,59,59,59],"floor_reached":16,"playtime":594,"items_purged":["champ:Defend"],"score":121,"play_id":"0b48b118-a489-4771-a277-454c9372af02","local_time":"20201223005820","is_ascension_mode":true,"campfire_choices":[{"data":"champ:SkillfulDodge","floor":1,"key":"SMITH"},{"data":"champ:Taunt","floor":6,"key":"SMITH"},{"data":"champ:DefensiveStyle","floor":10,"key":"SMITH"},{"data":"champ:TornadoPunch","floor":13,"key":"SMITH"}],"circlet_count":0,"master_deck":["champ:Strike","champ:Strike","champ:Strike","champ:Strike","champ:Defend","champ:Defend","champ:Defend","champ:Execute","champ:Taunt+1","champ:SkillfulDodge+1","champ:EnGarde","champ:ShieldSigil","champ:DefensiveStyle+1","champ:Lariat","champ:TornadoPunch+1","champ:DefensiveShout","champ:Control"],"relics":["champ:ChampionCrown","Toy Ornithopter","Mummified Hand","Shuriken"],"acts_visited":["Exordium"],"potions_floor_usage":[15],"damage_taken":[{"damage":9,"enemies":"Small Slimes","floor":2,"turns":4},{"damage":9,"enemies":"Jaw Worm","floor":3,"turns":5},{"damage":12,"enemies":"2 Louse","floor":5,"turns":3},{"damage":38,"enemies":"3 Sentries","floor":8,"turns":8},{"damage":10,"enemies":"Exordium Wildlife","floor":9,"turns":5},{"damage":20,"enemies":"Gremlin Nob","floor":11,"turns":4},{"damage":0,"enemies":"downfall:FleeingMerchant","floor":12,"turns":4},{"damage":3,"enemies":"downfall:FleeingMerchant","floor":14,"turns":4},{"damage":0,"enemies":"Lots of Slimes","floor":15,"turns":1},{"damage":15,"enemies":"downfall:Ironclad","floor":16,"turns":5}],"seed_played":"7908511572901260379","potions_obtained":[{"floor":2,"key":"SmokeBomb"},{"floor":3,"key":"ColorlessPotion"},{"floor":8,"key":"GamblersBrew"}],"is_trial":false,"path_per_floor":["R","M","M","?","M","R","T","E","M","R","E","$","R","$","M","B"],"character_chosen":"THE_CHAMP","items_purchased":["champ:Control"],"campfire_rested":0,"item_purchase_floors":[14],"current_hp_per_floor":[90,86,82,87,80,80,80,42,32,32,12,12,12,9,14,0,0,0],"gold":59,"neow_bonus":"THREE_CARDS","is_daily":false,"chose_seed":false,"campfire_upgraded":4,"win_rate":0.0,"timestamp":1608706700,"path_taken":["R","M","M","?","M","R","T","E","M","R","E","$","R","$","M","BOSS"],"items_purchased_type":["Card"],"build_version":"2020-12-22","purchased_purges":1,"victory":false,"max_hp_per_floor":[90,90,90,95,95,95,95,95,95,95,95,95,95,95,95,95,95,95],"relic_stats":{"counters":[10,43],"Mummified Hand":[6],"Shuriken":[0],"obtain_stats":[{"Mummified Hand":8,"Shuriken":11,"champ:ChampionCrown":0,"Toy Ornithopter":7},{"Mummified Hand":4,"Shuriken":6,"champ:ChampionCrown":0,"Toy Ornithopter":3},{"Mummified Hand":20,"Shuriken":29,"champ:ChampionCrown":0,"Toy Ornithopter":12}],"Toy Ornithopter":5},"card_choices":[{"not_picked":["champ:BerserkerStyle","champ:ShieldSigil"],"picked":"champ:SkillfulDodge","floor":0},{"not_picked":["champ:TornadoPunch","champ:ShieldSigil"],"picked":"champ:EnGarde","floor":2},{"not_picked":["champ:GladiatorsShout","champ:CrookedStrike","champ:FlashCut"],"picked":"SKIP","floor":3},{"not_picked":["champ:Aggression","champ:HeartStrike"],"picked":"champ:ShieldSigil","floor":5},{"not_picked":["champ:Riposte","champ:RageSigil"],"picked":"champ:DefensiveStyle","floor":8},{"not_picked":["champ:PerfectedStrike","champ:Encircle","champ:RageSigil"],"picked":"SKIP","floor":9},{"not_picked":["champ:Encircle","champ:SwordSigil"],"picked":"champ:Lariat","floor":11},{"not_picked":["champ:ViciousMockery","champ:LastStand"],"picked":"champ:TornadoPunch","floor":12},{"not_picked":["champ:ShieldSigil","champ:Haymaker"],"picked":"champ:DefensiveShout","floor":14}],"player_experience":1447243,"relics_obtained":[{"floor":7,"key":"Toy Ornithopter"},{"floor":8,"key":"Mummified Hand"},{"floor":11,"key":"Shuriken"}],"event_choices":[{"damage_healed":0,"gold_gain":0,"player_choice":"Donut","damage_taken":0,"max_hp_gain":5,"max_hp_loss":0,"event_name":"Big Fish","floor":4,"gold_loss":0}],"is_beta":false,"boss_relics":[],"items_purged_floors":[12],"is_endless":false,"potions_floor_spawned":[2,3,8],"killed_by":"downfall:Ironclad","ascension_level":2}}