{"host":"0ae80r8lzpl1kk8y","time":1608720014,"event":{"mods":["BaseMod","Colored Map","Colored Powertips","Minty Spire (QoL Compilation)","Quick Restart","Shop Mod","StSLib","Unceasing Turn Reminder"],"gold_per_floor":[114,114,133,152,77,115,190,190,190,190,155,174,193,212,212,337,337,356,375,375,225,225,263,282,132,132,151,151,151],"floor_reached":28,"playtime":1164,"items_purged":["Injury"],"score":240,"play_id":"488d5019-62a5-4022-a05b-ecc1f6cc794a","local_time":"20201223124014","daily_mods":["SealedDeck","Red Cards","Night Terrors"],"is_ascension_mode":false,"campfire_choices":[{"data":"Armaments","floor":15.0,"key":"SMITH"}],"circlet_count":0,"master_deck":["FlurryOfBlows","BowlingBash+1","ClearTheMind","FollowUp+1","Shrug It Off","EmptyFist","Rage","FollowUp","Conclude","Blood for Blood","SashWhip","Crescendo","Armaments+1","Blasphemy","ClearTheMind","Prostrate"],"relics":["PureWater","Golden Idol","Blue Candle","StrikeDummy","Busted Crown","Lee\u0027s Waffle","Question Card","Omamori","StoneCalendar"],"acts_visited":["Exordium","TheCity"],"potions_floor_usage":[],"damage_taken":[{"damage":0.0,"enemies":"2 Louse","floor":1.0,"turns":2.0},{"damage":0.0,"enemies":"Jaw Worm","floor":3.0,"turns":2.0},{"damage":0.0,"enemies":"Small Slimes","floor":4.0,"turns":2.0},{"damage":8.0,"enemies":"Gremlin Nob","floor":6.0,"turns":3.0},{"damage":0.0,"enemies":"2 Fungi Beasts","floor":12.0,"turns":2.0},{"damage":0.0,"enemies":"Gremlin Gang","floor":13.0,"turns":2.0},{"damage":0.0,"enemies":"Red Slaver","floor":14.0,"turns":2.0},{"damage":38.0,"enemies":"Hexaghost","floor":16.0,"turns":6.0},{"damage":8.0,"enemies":"Shell Parasite","floor":18.0,"turns":2.0},{"damage":8.0,"enemies":"3 Byrds","floor":19.0,"turns":4.0},{"damage":31.0,"enemies":"Slavers","floor":23.0,"turns":4.0},{"damage":17.0,"enemies":"Snecko","floor":24.0,"turns":4.0},{"damage":17.0,"enemies":"Shelled Parasite and Fungi","floor":27.0,"turns":4.0},{"damage":99999,"enemies":"Gremlin Leader","floor":28,"turns":2}],"seed_played":"4926568582952100995","potions_obtained":[{"floor":1.0,"key":"EntropicBrew"},{"floor":3.0,"key":"Dexterity Potion"},{"floor":4.0,"key":"ColorlessPotion"},{"floor":14.0,"key":"DistilledChaos"},{"floor":27.0,"key":"EssenceOfSteel"}],"is_trial":false,"path_per_floor":["M","?","M","M","$","E","?","?","T","?","?","M","M","M","R","B",null,"M","M","?","$","?","E","M","$","T","M","E"],"character_chosen":"WATCHER","items_purchased":["Lee\u0027s Waffle","Omamori"],"campfire_rested":0,"item_purchase_floors":[21,25],"current_hp_per_floor":[72,72,72,72,72,64,53,39,39,44,63,63,63,63,63,25,77,69,61,61,84,84,53,36,36,36,19,0,0],"gold":151,"neow_bonus":"","is_daily":true,"chose_seed":false,"campfire_upgraded":1,"win_rate":0.0,"timestamp":1608720014,"path_taken":["M","?","M","M","$","E","?","?","T","?","?","M","M","M","R","BOSS","M","M","?","$","?","E","M","$","T","?","E"],"items_purchased_type":["Relic","Relic"],"build_version":"2020-12-22","purchased_purges":1,"victory":false,"max_hp_per_floor":[72,72,72,72,72,72,72,72,72,77,77,77,77,77,77,77,77,77,77,77,84,84,84,84,84,84,84,84,84],"card_choices":[{"not_picked":["Wallop","Sword Boomerang"],"picked":"Blood for Blood","floor":1.0},{"not_picked":["Consecrate","Second Wind"],"picked":"SashWhip","floor":3.0},{"not_picked":["Burning Pact","WindmillStrike"],"picked":"Crescendo","floor":4.0},{"not_picked":["Corruption","ClearTheMind","WreathOfFlame"],"picked":"SKIP","floor":6.0},{"not_picked":["JustLucky","Pommel Strike","Burning Pact"],"picked":"SKIP","floor":12.0},{"not_picked":["Combust","WaveOfTheHand","FlyingSleeves"],"picked":"SKIP","floor":13.0},{"not_picked":["Conclude","Perfected Strike"],"picked":"Armaments","floor":14.0},{"not_picked":["Fiend Fire","Feed"],"picked":"Blasphemy","floor":16.0},{"not_picked":["Havoc"],"picked":"SKIP","floor":18.0},{"not_picked":["Spot Weakness+1"],"picked":"SKIP","floor":19.0},{"not_picked":["Havoc"],"picked":"SKIP","floor":23.0},{"not_picked":["FlyingSleeves"],"picked":"Prostrate","floor":24.0},{"not_picked":["CutThroughFate","Iron Wave"],"picked":"SKIP","floor":27.0}],"player_experience":262046,"relics_obtained":[{"floor":6.0,"key":"Blue Candle"},{"floor":9.0,"key":"StrikeDummy"},{"floor":23.0,"key":"Question Card"},{"floor":26.0,"key":"StoneCalendar"}],"event_choices":[{"damage_healed":0.0,"max_hp_gain":0.0,"max_hp_loss":0.0,"gold_gain":0.0,"event_name":"Golden Idol","player_choice":"Take Wound","floor":2.0,"gold_loss":0.0,"damage_taken":0.0,"relics_obtained":["Golden Idol"],"cards_obtained":["Injury"]},{"damage_healed":0.0,"max_hp_gain":0.0,"max_hp_loss":0.0,"gold_gain":75.0,"event_name":"World of Goop","player_choice":"Gather Gold","floor":7.0,"gold_loss":0.0,"damage_taken":11.0},{"damage_healed":0.0,"max_hp_gain":0.0,"max_hp_loss":0.0,"gold_gain":0.0,"event_name":"Shining Light","player_choice":"Entered Light","floor":8.0,"gold_loss":0.0,"damage_taken":14.0,"cards_upgraded":["BowlingBash","FollowUp"]},{"damage_healed":0.0,"max_hp_gain":5.0,"max_hp_loss":0.0,"gold_gain":0.0,"event_name":"Big Fish","player_choice":"Donut","floor":10.0,"gold_loss":0.0,"damage_taken":0.0},{"damage_healed":19.0,"max_hp_gain":0.0,"max_hp_loss":0.0,"gold_gain":0.0,"event_name":"The Cleric","player_choice":"Healed","floor":11.0,"gold_loss":35.0,"damage_taken":0.0},{"cards_removed":["ClearTheMind"],"damage_healed":0.0,"max_hp_gain":0.0,"max_hp_loss":0.0,"gold_gain":0.0,"event_name":"Back to Basics","player_choice":"Elegance","floor":20.0,"gold_loss":0.0,"damage_taken":0.0},{"damage_healed":0.0,"max_hp_gain":0.0,"max_hp_loss":0.0,"gold_gain":0.0,"event_name":"Duplicator","player_choice":"Copied","floor":22.0,"gold_loss":0.0,"damage_taken":0.0,"cards_obtained":["ClearTheMind"]}],"is_beta":false,"boss_relics":[{"not_picked":["Ectoplasm","Runic Pyramid"],"picked":"Busted Crown"}],"items_purged_floors":[5],"is_endless":false,"potions_floor_spawned":[1,3,4,14,27],"killed_by":"Gremlin Leader","ascension_level":0}}