{"host":"e4hse1vg61zltgzv","time":1608741825,"event":{"mods":["AchievementEnabler","BaseMod","Block Reminder","Colored Map","DeckTracker","GifTheSpireLib","Minty Spire (QoL Compilation)","Rare Cards Sparkle","StSLib","SuperFastMode","everything is the same but u backflip on backflip"],"gold_per_floor":[115,135,135,148,73,103,178,193,217,236,253,273,301,226,226,297,297,316,316,327,59,59,86,86,103,103,133,153,182,200,51,51,129,129,142,155,165,183,33,67,86,120,120,147,97,107,132,152,152,152,152,152,152,48,83,83,83],"floor_reached":56,"playtime":2596,"items_purged":["Cloak And Dagger","Cloak And Dagger","Cloak And Dagger","Cloak And Dagger+1","Blade Dance+1","Cloak And Dagger+1"],"score":2926,"play_id":"ed3a2853-7cfb-42c5-a72e-36fa515f13ad","local_time":"20201224014345","is_ascension_mode":true,"campfire_choices":[{"data":"Blade Dance","floor":15,"key":"SMITH"},{"data":"Blade Dance","floor":24,"key":"SMITH"},{"data":"Blade Dance","floor":32,"key":"SMITH"},{"floor":49,"key":"RECALL"},{"data":"Blur","floor":53,"key":"SMITH"}],"circlet_count":0,"master_deck":["Blade Dance+1","Blade Dance+1","Deflect","Blur+1","Backflip"],"relics":["Ring of the Serpent","Shuriken","Kunai","War Paint","Bag of Preparation","Nunchaku","Runic Dome","Anchor","Singing Bowl","Lantern","HornCleat","Darkstone Periapt","Akabeko","Juzu Bracelet","Smiling Mask","Torii","Bag of Marbles"],"acts_visited":["Exordium","TheCity","TheBeyond","TheEnding"],"potions_floor_usage":[35,51,56],"damage_taken":[{"damage":0,"enemies":"Small Slimes","floor":1,"turns":2},{"damage":0,"enemies":"Cultist","floor":2,"turns":2},{"damage":0,"enemies":"2 Louse","floor":4,"turns":2},{"damage":0,"enemies":"Gremlin Nob","floor":6,"turns":2},{"damage":0,"enemies":"Looter","floor":8,"turns":2},{"damage":0,"enemies":"2 Fungi Beasts","floor":10,"turns":2},{"damage":11,"enemies":"Exordium Thugs","floor":11,"turns":2},{"damage":0,"enemies":"Lots of Slimes","floor":12,"turns":2},{"damage":0,"enemies":"Lagavulin","floor":13,"turns":3},{"damage":0,"enemies":"Hexaghost","floor":16,"turns":4},{"damage":0,"enemies":"2 Thieves","floor":18,"turns":2},{"damage":0,"enemies":"3 Byrds","floor":20,"turns":2},{"damage":0,"enemies":"Gremlin Leader","floor":23,"turns":4},{"damage":0,"enemies":"Sentry and Sphere","floor":25,"turns":3},{"damage":0,"enemies":"Slavers","floor":27,"turns":3},{"damage":0,"enemies":"3 Cultists","floor":28,"turns":2},{"damage":0,"enemies":"Book of Stabbing","floor":29,"turns":2},{"damage":0,"enemies":"Snecko","floor":30,"turns":2},{"damage":0,"enemies":"Collector","floor":33,"turns":3},{"damage":0,"enemies":"3 Darklings","floor":35,"turns":2},{"damage":0,"enemies":"Orb Walker","floor":36,"turns":1},{"damage":0,"enemies":"Sphere and 2 Shapes","floor":37,"turns":2},{"damage":0,"enemies":"4 Shapes","floor":38,"turns":3},{"damage":0,"enemies":"Giant Head","floor":40,"turns":2},{"damage":0,"enemies":"Maw","floor":41,"turns":3},{"damage":0,"enemies":"Reptomancer","floor":42,"turns":2},{"damage":0,"enemies":"Giant Head","floor":44,"turns":2},{"damage":0,"enemies":"Sphere and 2 Shapes","floor":46,"turns":2},{"damage":0,"enemies":"Mind Bloom Boss Battle","floor":47,"turns":2},{"damage":0,"enemies":"3 Darklings","floor":48,"turns":2},{"damage":0,"enemies":"Awakened One","floor":50,"turns":4},{"damage":72,"enemies":"Time Eater","floor":51,"turns":9},{"damage":0,"enemies":"Shield and Spear","floor":55,"turns":3},{"damage":82,"enemies":"The Heart","floor":56,"turns":3}],"seed_played":"-7048955810167000471","potions_obtained":[{"floor":4,"key":"PowerPotion"},{"floor":6,"key":"Ancient Potion"},{"floor":29,"key":"Fruit Juice"},{"floor":35,"key":"Fire Potion"}],"is_trial":false,"path_per_floor":["M","M","?","M","$","E","?","M","T","M","M","M","E","?","R","B",null,"M","?","M","$","?","E","R","M","T","E","M","E","M","$","R","B",null,"M","M","M","M","$","E","M","E","T","E","$","M","?","M","R","B","B",null,"R","$","E","B"],"character_chosen":"THE_SILENT","items_purchased":["Anchor","Backflip","Swift Potion"],"campfire_rested":0,"item_purchase_floors":[21,31,54],"current_hp_per_floor":[65,65,70,70,70,70,59,59,59,59,48,48,48,48,48,48,66,66,46,46,46,46,48,48,50,50,52,54,56,58,58,58,60,83,90,92,94,96,96,98,100,102,102,104,104,106,108,110,110,110,38,98,98,98,100,18,18],"gold":83,"neow_bonus":"TEN_PERCENT_HP_BONUS","is_daily":false,"chose_seed":false,"campfire_upgraded":4,"win_rate":0.0,"timestamp":1608741825,"path_taken":["M","M","?","M","?","E","?","M","T","M","M","M","E","?","R","BOSS","M","?","M","$","?","E","R","M","T","E","M","E","M","$","R","BOSS","M","M","M","M","$","E","M","E","T","E","$","M","?","M","R","BOSS","BOSS","R","$","E","BOSS"],"items_purchased_type":["Relic","Card","Potion"],"build_version":"2020-12-22","purchased_purges":6,"victory":false,"max_hp_per_floor":[72,72,72,72,72,72,72,72,72,72,72,72,72,72,72,72,72,72,77,77,77,77,79,79,81,81,83,85,87,89,89,89,91,91,98,100,102,104,104,106,108,110,110,112,112,114,116,118,118,118,118,118,118,118,120,120,120],"card_choices":[{"not_picked":["Deadly Poison","Masterful Stab","Blade Dance"],"picked":"SKIP","floor":1},{"not_picked":["Dodge and Roll","Endless Agony","Bouncing Flask"],"picked":"SKIP","floor":2},{"not_picked":["Cloak And Dagger","Flying Knee","Sucker Punch"],"picked":"SKIP","floor":4},{"not_picked":["Blade Dance","Underhanded Strike","Poisoned Stab"],"picked":"SKIP","floor":6},{"not_picked":["PiercingWail","Calculated Gamble","Underhanded Strike"],"picked":"SKIP","floor":8},{"not_picked":["Dagger Throw","Bouncing Flask","Deflect"],"picked":"SKIP","floor":10},{"not_picked":["Backflip","All Out Attack"],"picked":"Deflect","floor":11},{"not_picked":["Dagger Spray","Cloak And Dagger","Heel Hook"],"picked":"SKIP","floor":12},{"not_picked":["Catalyst","Heel Hook"],"picked":"Blur","floor":13},{"not_picked":["Dagger Spray","Leg Sweep","Prepared"],"picked":"SKIP","floor":18},{"not_picked":["Deadly Poison","Poisoned Stab","Backstab+1"],"picked":"SKIP","floor":20},{"not_picked":["Concentrate+1","Distraction","Dodge and Roll"],"picked":"Singing Bowl","floor":23},{"not_picked":["Sucker Punch","Deflect","Skewer"],"picked":"Singing Bowl","floor":25},{"not_picked":["Deflect","Slice","Well Laid Plans"],"picked":"Singing Bowl","floor":27},{"not_picked":["Dagger Throw","Blade Dance","Acrobatics"],"picked":"Singing Bowl","floor":28},{"not_picked":["Bouncing Flask","Deflect","Flying Knee+1"],"picked":"Singing Bowl","floor":29},{"not_picked":["Catalyst","All Out Attack","Distraction"],"picked":"Singing Bowl","floor":30},{"not_picked":["A Thousand Cuts","Malaise","Venomology"],"picked":"Singing Bowl","floor":33},{"not_picked":["PiercingWail","Escape Plan","Deadly Poison"],"picked":"Singing Bowl","floor":35},{"not_picked":["Well Laid Plans","Underhanded Strike","Bane"],"picked":"Singing Bowl","floor":36},{"not_picked":["Caltrops","Skewer","Outmaneuver+1"],"picked":"Singing Bowl","floor":37},{"not_picked":["PiercingWail","Quick Slash","Flying Knee"],"picked":"Singing Bowl","floor":38},{"not_picked":["Storm of Steel","Deflect","Dash"],"picked":"Singing Bowl","floor":40},{"not_picked":["Underhanded Strike","Deflect+1","Blade Dance"],"picked":"Singing Bowl","floor":41},{"not_picked":["Distraction","Heel Hook","Glass Knife"],"picked":"Singing Bowl","floor":42},{"not_picked":["Backflip","Grand Finale","Dash"],"picked":"Singing Bowl","floor":44},{"not_picked":["Bane+1","Flechettes+1","Underhanded Strike+1"],"picked":"Singing Bowl","floor":46},{"not_picked":["Poisoned Stab","All Out Attack","Sucker Punch"],"picked":"Singing Bowl","floor":47},{"not_picked":["Prepared","Poisoned Stab+1","Dagger Spray"],"picked":"Singing Bowl","floor":48},{"not_picked":["Envenom","Blur","Dagger Throw"],"picked":"Singing Bowl","floor":55}],"player_experience":751532,"relics_obtained":[{"floor":6,"key":"War Paint"},{"floor":9,"key":"Bag of Preparation"},{"floor":13,"key":"Nunchaku"},{"floor":23,"key":"Singing Bowl"},{"floor":26,"key":"Lantern"},{"floor":27,"key":"HornCleat"},{"floor":29,"key":"Darkstone Periapt"},{"floor":40,"key":"Akabeko"},{"floor":42,"key":"Juzu Bracelet"},{"floor":44,"key":"Smiling Mask"},{"floor":47,"key":"Torii"},{"floor":55,"key":"Bag of Marbles"}],"event_choices":[{"cards_removed":["Blade Dance"],"damage_healed":5,"gold_gain":0,"player_choice":"Offered Common","damage_taken":0,"max_hp_gain":0,"max_hp_loss":0,"event_name":"Bonfire Elementals","floor":3,"gold_loss":0},{"cards_removed":["Blade Dance"],"damage_healed":5,"gold_gain":0,"player_choice":"Offered Special","damage_taken":0,"max_hp_gain":0,"max_hp_loss":0,"event_name":"Bonfire Elementals","floor":3,"gold_loss":0},{"damage_healed":0,"gold_gain":75,"player_choice":"Gather Gold","damage_taken":11,"max_hp_gain":0,"max_hp_loss":0,"event_name":"World of Goop","floor":7,"gold_loss":0},{"cards_removed":["Blade Dance"],"damage_healed":0,"gold_gain":0,"player_choice":"Card Removal","damage_taken":0,"max_hp_gain":0,"max_hp_loss":0,"event_name":"The Cleric","floor":14,"gold_loss":75},{"damage_healed":0,"gold_gain":0,"player_choice":"Shed Blood","damage_taken":25,"max_hp_gain":5,"max_hp_loss":0,"event_name":"Forgotten Altar","floor":19,"gold_loss":0},{"damage_healed":0,"gold_gain":0,"player_choice":"Fight","damage_taken":0,"max_hp_gain":0,"max_hp_loss":0,"event_name":"MindBloom","floor":47,"gold_loss":0}],"is_beta":false,"boss_relics":[{"not_picked":["Cursed Key","WristBlade"],"picked":"Runic Dome"},{"not_picked":["Velvet Choker","Tiny House"],"picked":"Ring of the Serpent"}],"items_purged_floors":[5,21,31,39,45,54],"is_endless":false,"potions_floor_spawned":[4,6,8,12,23,28,29,35,38,42,48],"killed_by":"The Heart","ascension_level":20}}