{"host":"fmwbmnqnrup981we","time":1608718800,"event":{"mods":["AchievementEnabler","Act Like it!","BaseMod","Better Match","Better Note","Better Skull","Better Synergies","Better Third Choice","Better Vampires","Block Reminder","Curses Come First","Downfall","Duelist Mod","Elementarium","GungeonMod","HexUI Lib","HornydragonMod","Marked Mod","Minty Spire (QoL Compilation)","Pikachu Mod","Quick Restart","Relic Stats","SIMod","StSLib","The Bug Knight","The Death Knight","The Forsaken","The Marked","The Necromancer","The Runesmith","The Servant 0.9.4","The Wild Card","TheHero","TheVacant","TheVelvet","Transform Curses","Waifu the Spire","Yuri Mod","everything is the same but u backflip on backflip"],"gold_per_floor":[116,291,309,309,325,325,341,351,374,406,406,416,366,383,383,483,483,501,484,484,399,139,139,151,151,151,55,27,27,27,42,42,32,32],"floor_reached":33,"playtime":1954,"items_purged":[],"score":249,"play_id":"702365a9-c1bb-4c21-bf71-7bf99533cad9","local_time":"20201223102000","is_ascension_mode":false,"campfire_choices":[{"floor":6.0,"key":"RECALL"},{"floor":11.0,"key":"REST"},{"data":"hadesmod:CameraSpamma","floor":15.0,"key":"SMITH"},{"floor":23.0,"key":"REST"},{"floor":25.0,"key":"REST"},{"data":"hadesmod:ArrayStrike","floor":30.0,"key":"SMITH"},{"floor":32,"key":"REST"}],"circlet_count":0,"master_deck":["hadesmod:Strike","hadesmod:Strike","hadesmod:SwapStrike","hadesmod:Defend","hadesmod:Defend","hadesmod:Defend","hadesmod:RuyiJinguBang","hadesmod:CameraSpamma+","hadesmod:Claws","hadesmod:FierceCry","hadesmod:CrescentStrike","hadesmod:Hitpower","hadesmod:CameraSmack","hadesmod:ArrayStrike+1","hadesmod:ArrayBlast","hadesmod:DrawDamage","hadesmod:GunCameras","hadesmod:Snipe+","hadesmod:YatsuhashisDefence","expansioncontent:Hexaburn","hadesmod:CrescentDexterity","hadesmod:Claws+1"],"relics":["hadesmod:WeaponCharger","NeowsBlessing","DemoMod:MonsterBlood","Empty Cage","Blue Candle","DeathKnight:SindragosasSkull","Bird Faced Urn","DemoMod:PinkGuonStone"],"acts_visited":["Exordium","TheCity"],"potions_floor_usage":[33,33],"damage_taken":[{"damage":0.0,"enemies":"2 Louse","floor":1.0,"turns":1.0},{"damage":0.0,"enemies":"Small Slimes","floor":3.0,"turns":1.0},{"damage":0.0,"enemies":"Cultist","floor":5.0,"turns":1.0},{"damage":7.0,"enemies":"Large Slime","floor":7.0,"turns":13.0},{"damage":4.0,"enemies":"Looter","floor":8.0,"turns":3.0},{"damage":8.0,"enemies":"Gremlin Nob","floor":10.0,"turns":5.0},{"damage":4.0,"enemies":"Red Slaver","floor":12.0,"turns":3.0},{"damage":4.0,"enemies":"Large Slime","floor":14.0,"turns":8.0},{"damage":28.0,"enemies":"The Guardian","floor":16.0,"turns":10.0},{"damage":13.0,"enemies":"Shell Parasite","floor":18.0,"turns":8.0},{"damage":11.0,"enemies":"2 Thieves","floor":19.0,"turns":4.0},{"damage":30.0,"enemies":"Snake Plant","floor":24.0,"turns":6.0},{"damage":13.0,"enemies":"Shelled Parasite and Fungi","floor":28.0,"turns":4.0},{"damage":53.0,"enemies":"3 Cultists","floor":31.0,"turns":5.0},{"damage":43,"enemies":"Champ","floor":33,"turns":13}],"seed_played":"-3075351467415117874","potions_obtained":[{"floor":5.0,"key":"Guardian:BlockOnCardUsePotion"},{"floor":8.0,"key":"sneckomod:MuddlingPotion"},{"floor":10.0,"key":"LiquidBronze"},{"floor":12.0,"key":"champ:CounterPotion"},{"floor":19.0,"key":"LiquidMemories"},{"floor":24.0,"key":"SkillPotion"}],"is_trial":false,"path_per_floor":["M","?","M","?","M","R","M","M","T","E","R","M","?","M","R","B",null,"M","M","?","?","$","R","M","R","T","$","M","?","R","M","R","B"],"character_chosen":"THE_HUNTRESS","items_purchased":["DeathKnight:SindragosasSkull","expansioncontent:Hexaburn"],"campfire_rested":4,"item_purchase_floors":[22,27],"current_hp_per_floor":[60,60,60,60,60,60,53,49,49,48,67,63,63,59,59,31,67,54,43,43,43,43,63,33,53,53,53,46,53,53,6,28,0,0],"gold":32,"neow_bonus":"THREE_ENEMY_KILL","is_daily":false,"chose_seed":false,"campfire_upgraded":2,"win_rate":0.0,"timestamp":1608718800,"path_taken":["M","?","M","?","M","R","M","?","T","E","R","M","?","M","R","BOSS","M","M","?","?","$","R","M","R","T","?","M","?","R","M","R","BOSS"],"items_purchased_type":["Relic","Card"],"build_version":"2020-12-22","purchased_purges":0,"victory":false,"max_hp_per_floor":[60,60,60,60,60,60,60,60,60,67,67,67,67,67,67,67,67,67,67,67,67,67,67,67,67,67,67,67,74,74,74,74,74,74],"relic_stats":{"counters":[15,85],"Blue Candle":[0],"Bird Faced Urn":[20],"obtain_stats":[{"hadesmod:WeaponCharger":0,"NeowsBlessing":0,"DemoMod:MonsterBlood":10,"Blue Candle":21,"Bird Faced Urn":26,"DemoMod:GlassGuonStoneRelic":3,"DemoMod:PinkGuonStone":29,"Empty Cage":17,"DeathKnight:SindragosasSkull":22},{"hadesmod:WeaponCharger":0,"NeowsBlessing":0,"DemoMod:MonsterBlood":6,"Blue Candle":11,"Bird Faced Urn":12,"DemoMod:GlassGuonStoneRelic":2,"DemoMod:PinkGuonStone":13,"Empty Cage":9,"DeathKnight:SindragosasSkull":11},{"hadesmod:WeaponCharger":0,"NeowsBlessing":0,"DemoMod:MonsterBlood":24,"Blue Candle":57,"Bird Faced Urn":63,"DemoMod:GlassGuonStoneRelic":2,"DemoMod:PinkGuonStone":67,"Empty Cage":45,"DeathKnight:SindragosasSkull":57}]},"card_choices":[{"not_picked":["hadesmod:IThinkEyePatchesAreHot","hadesmod:MagnhildStrike"],"picked":"hadesmod:CameraSpamma","floor":1.0},{"not_picked":["hadesmod:CarePackage","hadesmod:CerberusStrike"],"picked":"hadesmod:Claws","floor":3.0},{"not_picked":["hadesmod:SlotSlash","hadesmod:AuraAmp"],"picked":"hadesmod:FierceCry","floor":5.0},{"not_picked":["hadesmod:ExposeShot","hadesmod:HeroMode"],"picked":"hadesmod:CrescentStrike","floor":7.0},{"not_picked":["hadesmod:FulcrumStrike","hadesmod:Restrikeler"],"picked":"hadesmod:Hitpower","floor":8.0},{"not_picked":["hadesmod:Strikeshield","hadesmod:Restrikeler"],"picked":"hadesmod:CameraSmack","floor":10.0},{"not_picked":["hadesmod:Restrikeler","hadesmod:Bloodsight"],"picked":"hadesmod:ArrayStrike","floor":12.0},{"not_picked":["hadesmod:FulcrumStrike","hadesmod:CutDust"],"picked":"hadesmod:ArrayBlast","floor":14.0},{"not_picked":["hadesmod:OctoHit","hadesmod:MidasTouch"],"picked":"hadesmod:DrawDamage","floor":16.0},{"not_picked":["hadesmod:SickeningStrength","hadesmod:CarePackage"],"picked":"hadesmod:GunCameras","floor":18.0},{"not_picked":["hadesmod:WeakWep+","hadesmod:YatsuhashisDefence"],"picked":"hadesmod:Snipe+","floor":19.0},{"not_picked":["hadesmod:Restrikeler","hadesmod:SplashyHit"],"picked":"hadesmod:YatsuhashisDefence","floor":24.0},{"not_picked":["hadesmod:CrescentStrike","hadesmod:PrepareAttack+1"],"picked":"hadesmod:CrescentDexterity","floor":28.0},{"not_picked":["hadesmod:CarePackage","hadesmod:OctoHit"],"picked":"hadesmod:Claws+1","floor":31.0}],"player_experience":401685,"relics_obtained":[{"floor":10.0,"key":"DemoMod:MonsterBlood"},{"floor":26.0,"key":"Bird Faced Urn"}],"event_choices":[{"damage_healed":0.0,"max_hp_gain":0.0,"max_hp_loss":0.0,"gold_gain":175.0,"event_name":"betterThird:BetterSerpent","player_choice":"AGREE","floor":2.0,"gold_loss":0.0,"damage_taken":116.0},{"cards_removed":["Doubt"],"damage_healed":0.0,"max_hp_gain":0.0,"max_hp_loss":0.0,"gold_gain":0.0,"event_name":"Purifier","player_choice":"Purged","floor":4.0,"gold_loss":0.0,"damage_taken":0.0},{"cards_removed":["hadesmod:Defend"],"damage_healed":0.0,"max_hp_gain":0.0,"max_hp_loss":0.0,"gold_gain":0.0,"event_name":"The Cleric","player_choice":"Card Removal","floor":13.0,"gold_loss":50.0,"damage_taken":0.0},{"damage_healed":0.0,"max_hp_gain":0.0,"max_hp_loss":0.0,"gold_gain":0.0,"event_name":"betterNote:BetterNote","player_choice":"Ignored","floor":20.0,"gold_loss":0.0,"damage_taken":0.0,"cards_obtained":["DemoMod:Strike_Huntress"]},{"damage_healed":0.0,"max_hp_gain":0.0,"max_hp_loss":0.0,"gold_gain":0.0,"event_name":"Addict","player_choice":"Obtained Relic","floor":21.0,"gold_loss":85.0,"damage_taken":0.0,"relics_obtained":["Blue Candle"]},{"damage_healed":0.0,"max_hp_gain":0.0,"max_hp_loss":0.0,"gold_gain":0.0,"event_name":"The Mausoleum","player_choice":"Opened","floor":29.0,"gold_loss":0.0,"damage_taken":0.0,"relics_obtained":["DemoMod:PinkGuonStone"]}],"is_beta":false,"boss_relics":[{"not_picked":["Runic Pyramid","Cursed Key"],"picked":"Empty Cage"}],"items_purged_floors":[],"is_endless":false,"potions_floor_spawned":[5,8,10,12,19,24],"killed_by":"Champ","ascension_level":0}}