{"host":"c8fb54zqeuygi2gg","time":1608713919,"event":{"mods":["BaseMod","Downfall","Minty Spire (QoL Compilation)","StSLib"],"gold_per_floor":[99,99,199,199,56,56,83,95,110,210,238,253,253,264,279,279,279,279],"floor_reached":16,"playtime":1052,"items_purged":[],"score":100,"play_id":"d5b0ca4b-547d-42c0-a0db-80bed7bcda4e","local_time":"20201223035839","is_ascension_mode":false,"campfire_choices":[{"data":"champ:Execute","floor":1,"key":"SMITH"},{"data":"champ:Taunt","floor":6,"key":"SMITH"}],"circlet_count":0,"master_deck":["champ:Strike","champ:Defend","champ:Defend","champ:Defend","champ:Defend","champ:Execute+1","champ:Taunt+1","champ:BringItOn","champ:FocusedGladiator","champ:Haymaker","champ:TornadoPunch+1","champ:FanOfKnives","champ:IronFortress","champ:Devastate","champ:AdrenalArmor"],"relics":["champ:ChampionCrown","downfall:HeartsMalice","ClockworkSouvenir","Smiling Mask","Orichalcum"],"acts_visited":["Exordium"],"potions_floor_usage":[10,11,15,16],"damage_taken":[{"damage":0,"enemies":"Cultist","floor":2,"turns":1},{"damage":0,"enemies":"2 Louse","floor":4,"turns":1},{"damage":0,"enemies":"downfall:FleeingMerchant","floor":5,"turns":1},{"damage":5,"enemies":"Small Slimes","floor":8,"turns":3},{"damage":7,"enemies":"Exordium Thugs","floor":9,"turns":3},{"damage":63,"enemies":"downfall:Heads","floor":10,"turns":8},{"damage":24,"enemies":"Gremlin Nob","floor":11,"turns":4},{"damage":2,"enemies":"3 Louse","floor":12,"turns":3},{"damage":8,"enemies":"Red Slaver","floor":14,"turns":4},{"damage":4,"enemies":"Large Slime","floor":15,"turns":5},{"damage":3,"enemies":"downfall:Silent","floor":16,"turns":1}],"seed_played":"5253151609848433847","potions_obtained":[{"floor":8,"key":"DuplicationPotion"},{"floor":9,"key":"Explosive Potion"},{"floor":11,"key":"Strength Potion"},{"floor":14,"key":"sneckomod:MuddlingPotion"}],"is_trial":false,"path_per_floor":["R","M","?","M","$","R","T","M","M","?","E","M","?","M","M","B"],"character_chosen":"THE_CHAMP","items_purchased":["ClockworkSouvenir"],"campfire_rested":0,"item_purchase_floors":[5],"current_hp_per_floor":[90,90,90,90,90,90,90,90,88,30,11,9,9,5,1,0,0,0],"gold":279,"neow_bonus":"THREE_ENEMY_KILL","is_daily":false,"chose_seed":false,"campfire_upgraded":2,"win_rate":0.0,"timestamp":1608713919,"path_taken":["R","M","?","M","$","R","T","M","M","?","E","M","?","M","M","BOSS"],"items_purchased_type":["Relic"],"build_version":"2020-12-22","purchased_purges":0,"victory":false,"max_hp_per_floor":[90,90,90,90,90,90,90,90,90,90,90,90,90,90,90,90,90,90],"card_choices":[{"not_picked":["champ:CalledShot","champ:Haymaker"],"picked":"champ:BringItOn","floor":2},{"not_picked":["champ:AdrenalArmor","champ:BladeFlurry"],"picked":"champ:FocusedGladiator","floor":4},{"not_picked":["champ:PerfectForm","champ:ShieldThrow"],"picked":"champ:Haymaker","floor":5},{"not_picked":["champ:StanceDance","champ:AdrenalArmor"],"picked":"champ:TornadoPunch","floor":8},{"not_picked":["champ:Haymaker","champ:DefensiveShout"],"picked":"champ:FanOfKnives","floor":9},{"not_picked":["champ:GladiatorsShout","champ:TornadoPunch"],"picked":"champ:Devastate","floor":10},{"not_picked":["champ:CrookedStrike","champ:FightOn","champ:RapidStrikes"],"picked":"SKIP","floor":11},{"not_picked":["champ:BerserkersShout","champ:Circumvent","champ:DefensiveShout"],"picked":"SKIP","floor":12},{"not_picked":["champ:Backstep","champ:BladeFlurry","champ:FocusedBerserking"],"picked":"SKIP","floor":14},{"not_picked":["champ:Haymaker","champ:TornadoPunch"],"picked":"champ:AdrenalArmor","floor":15}],"player_experience":183560,"relics_obtained":[{"floor":7,"key":"Smiling Mask"},{"floor":11,"key":"Orichalcum"}],"event_choices":[{"cards_removed":["champ:Strike"],"damage_healed":0,"gold_gain":0,"player_choice":"Purged","damage_taken":0,"max_hp_gain":0,"max_hp_loss":0,"event_name":"Purifier","floor":13,"gold_loss":0}],"is_beta":false,"boss_relics":[],"items_purged_floors":[],"is_endless":false,"potions_floor_spawned":[8,9,11,14],"killed_by":"downfall:Silent","ascension_level":0}}