{"host":"h8l1uc7c2i19r904","time":1608757751,"event":{"mods":["AchievementEnabler","BaseMod","Colored Map","Colored Powertips","Downfall","Minty Spire (QoL Compilation)","Quick Restart","Replay The Spire","StSLib","SuperFastMode"],"gold_per_floor":[17,37,112,112,122,122,122,122,122],"floor_reached":8,"playtime":232,"items_purged":[],"score":46,"play_id":"fe1babca-c169-4417-a3d2-b3406df0c7fa","local_time":"20201223130911","is_ascension_mode":false,"campfire_choices":[{"data":"expansioncontent:Corrupt","floor":6,"key":"SMITH"}],"circlet_count":0,"master_deck":["Strike_B","Strike_B","Strike_B","Strike_B","Defend_B","Defend_B","Defend_B","Defend_B","Zap","Dualcast","expansioncontent:Corrupt+1","BasicCrystalCard+1","Regret","Darkness"],"relics":["Cracked Core","InkBottle"],"acts_visited":["Exordium"],"potions_floor_usage":[8],"damage_taken":[{"damage":6,"enemies":"Jaw Worm","floor":1,"turns":2},{"damage":0,"enemies":"2 Louse","floor":2,"turns":1},{"damage":3,"enemies":"Small Slimes","floor":5,"turns":2},{"damage":73,"enemies":"Gremlin Nob","floor":8,"turns":5}],"seed_played":"2727005295554687891","potions_obtained":[{"floor":1,"key":"Venom Potion"},{"floor":2,"key":"SpeedPotion"}],"is_trial":false,"path_per_floor":["M","M","?","?","M","R","?","E"],"character_chosen":"DEFECT","items_purchased":[],"campfire_rested":0,"item_purchase_floors":[],"current_hp_per_floor":[69,69,58,58,55,55,55,0,0],"gold":122,"neow_bonus":"RANDOM_COLORLESS_2","is_daily":false,"chose_seed":false,"campfire_upgraded":1,"win_rate":0.0,"timestamp":1608757751,"path_taken":["M","M","?","?","M","R","?","E"],"items_purchased_type":[],"build_version":"2020-12-22","purchased_purges":0,"victory":false,"max_hp_per_floor":[75,75,75,75,75,75,75,75,75],"card_choices":[{"not_picked":["Sadistic Nature","Panache"],"picked":"expansioncontent:Corrupt","floor":0},{"not_picked":["Conserve Battery","Rip and Tear","Leap"],"picked":"SKIP","floor":1},{"not_picked":["Gash","ReplayTheSpireMod:GoodbyeWorld"],"picked":"BasicCrystalCard","floor":2},{"not_picked":["ReplayTheSpireMod:System Scan","Conserve Battery"],"picked":"Darkness","floor":5}],"player_experience":113720,"relics_obtained":[],"event_choices":[{"damage_healed":0,"gold_gain":75,"player_choice":"Gather Gold","damage_taken":11,"max_hp_gain":0,"max_hp_loss":0,"event_name":"World of Goop","floor":3,"gold_loss":0},{"damage_healed":0,"gold_gain":0,"player_choice":"Box","damage_taken":0,"relics_obtained":["InkBottle"],"max_hp_gain":0,"max_hp_loss":0,"event_name":"Big Fish","floor":4,"gold_loss":0,"cards_obtained":["Regret"]},{"damage_healed":0,"gold_gain":0,"player_choice":"Grow","damage_taken":0,"max_hp_gain":0,"max_hp_loss":0,"event_name":"Living Wall","floor":7,"gold_loss":0,"cards_upgraded":["BasicCrystalCard"]}],"is_beta":false,"boss_relics":[],"items_purged_floors":[],"is_endless":false,"potions_floor_spawned":[1,2],"killed_by":"Gremlin Nob","ascension_level":0}}