{"host":"scy0o1xotfn36lpl","time":1608755205,"event":{"mods":["AchievementEnabler","BaseMod","Colored Map","Curses Come First","Downfall","Googly Eyes","Highlight Path","Minty Spire (QoL Compilation)","Replay The Spire","Spicy Shops","StSLib"],"gold_per_floor":[118,134,151,151,151,182,198,273,297,311,13,27,39,3,3,99,99,119,119,119,135,153,185,197,209,221,250,33,48,14,14,14],"floor_reached":31,"playtime":3202,"items_purged":[],"score":259,"play_id":"1755bc3c-6bdb-4607-af36-1df220e66b2a","local_time":"20201223122645","is_ascension_mode":false,"campfire_choices":[{"floor":15,"key":"REST"},{"floor":24,"key":"REST"}],"circlet_count":0,"master_deck":["Strike_G","Strike_G","Strike_G","Strike_G","Strike_G","Defend_G+1","Defend_G","Defend_G","Defend_G","Defend_G","Survivor","Neutralize+1","Slice","Deadly Poison","Hidden Blade","Underhanded Strike","Reflex","Deadly Poison","Noxious Fumes","Bane","Backflip","PiercingWail","ReplayTheSpireMod:From All Sides","Draining Mist+1","Toxin Wave","Blade Dance","Slice","Toxin Wave","Poisoned Stab+1","Poisoned Stab+1","Glass Knife+1","Toxin Wave+1"],"relics":["Ring of the Serpent","ReplayTheSpireMod:Lightbulb","ReplayTheSpireMod:TigerMarble","Bag of Preparation","Membership Card","Dream Catcher","Thread and Needle","Toolbox","MawBank","Mirror","Girya","Golden Egg"],"acts_visited":["Exordium","TheCity"],"potions_floor_usage":[6,6,10,16,22,31,31],"damage_taken":[{"damage":0,"enemies":"Cultist","floor":1,"turns":6},{"damage":0,"enemies":"Jaw Worm","floor":2,"turns":6},{"damage":0,"enemies":"2 Louse","floor":3,"turns":3},{"damage":23,"enemies":"Lagavulin","floor":6,"turns":7},{"damage":0,"enemies":"Exordium Wildlife","floor":7,"turns":3},{"damage":0,"enemies":"Large Slime","floor":10,"turns":6},{"damage":14,"enemies":"Exordium Thugs","floor":12,"turns":4},{"damage":0,"enemies":"Looter","floor":13,"turns":3},{"damage":14,"enemies":"Hexaghost","floor":16,"turns":8},{"damage":6,"enemies":"3 Byrds","floor":18,"turns":6},{"damage":0,"enemies":"Chosen","floor":21,"turns":2},{"damage":20,"enemies":"Centurion and Healer","floor":22,"turns":6},{"damage":29,"enemies":"Replay:Snechameleon","floor":23,"turns":5},{"damage":7,"enemies":"3 Cultists","floor":27,"turns":4},{"damage":18,"enemies":"Sentry and Sphere","floor":29,"turns":5},{"damage":21,"enemies":"Gremlin Leader","floor":31,"turns":4}],"seed_played":"-6958624500939707174","potions_obtained":[{"floor":1,"key":"SpeedPotion"},{"floor":2,"key":"FearPotion"},{"floor":7,"key":"LifebloodPotion"},{"floor":13,"key":"CultistPotion"},{"floor":21,"key":"Adrenaline Potion"},{"floor":23,"key":"Block Potion"},{"floor":29,"key":"Fire Potion"}],"is_trial":false,"path_per_floor":["M","M","M","?","?","E","M","?","T","M","$","M","M","$","R_BF","B",null,"M","?","?","M","M","E","R","?","T","M","$","M","$","E"],"character_chosen":"THE_SILENT","items_purchased":["Noxious Fumes","Membership Card","Dream Catcher","Thread and Needle","Toolbox","Girya","Golden Egg","Poisoned Stab","Toxin Wave+1"],"campfire_rested":2,"item_purchase_floors":[11,11,11,14,14,28,28,28,30],"current_hp_per_floor":[77,77,77,62,62,39,39,28,28,28,28,14,14,14,37,23,77,71,71,71,71,51,22,45,45,45,38,38,20,20,0,0],"gold":14,"neow_bonus":"TEN_PERCENT_HP_BONUS","is_daily":false,"chose_seed":false,"campfire_upgraded":0,"win_rate":0.0,"timestamp":1608755205,"path_taken":["M","M","M","?","?","E","?","?","T","M","$","M","M","?","R_BF","BOSS","M","?","?","M","?","E","R","?","T","M","$","M","?","E"],"items_purchased_type":["Card","Relic","Relic","Relic","Relic","Relic","Relic","Card","Card"],"build_version":"2020-12-22","purchased_purges":0,"victory":false,"max_hp_per_floor":[77,77,77,77,77,77,77,77,77,77,77,77,77,77,77,77,77,77,77,77,77,77,77,77,77,77,77,77,77,77,77,77],"card_choices":[{"not_picked":["Escape Plan","Heel Hook"],"picked":"Slice","floor":1},{"not_picked":["ReplayTheSpireMod:Tripwire","Finisher"],"picked":"Deadly Poison","floor":2},{"not_picked":["Quick Slash","Backflip"],"picked":"Hidden Blade","floor":3},{"not_picked":["Dagger Spray","Flechettes"],"picked":"Underhanded Strike","floor":6},{"not_picked":["Crippling Poison","PiercingWail"],"picked":"Reflex","floor":7},{"not_picked":["Tactician","Backflip"],"picked":"Deadly Poison","floor":10},{"not_picked":["Replay:Poison Smokescreen","Bouncing Flask"],"picked":"Bane","floor":12},{"not_picked":["Prepared","ReplayTheSpireMod:The Works"],"picked":"Backflip","floor":13},{"not_picked":["Dagger Spray","Hidden Blade"],"picked":"PiercingWail","floor":15},{"not_picked":["Glass Knife","Malaise"],"picked":"ReplayTheSpireMod:From All Sides","floor":16},{"not_picked":["Quick Slash+1","Outmaneuver"],"picked":"Draining Mist","floor":18},{"not_picked":["Underhanded Strike","Acrobatics"],"picked":"Blade Dance","floor":21},{"not_picked":["Masterful Stab","Backflip+1"],"picked":"Slice","floor":22},{"not_picked":["Sucker Punch","Eviscerate"],"picked":"Toxin Wave","floor":23},{"not_picked":["Dagger Throw+1","Deflect"],"picked":"Poisoned Stab+1","floor":27},{"not_picked":["Underhanded Strike","Dagger Spray"],"picked":"Glass Knife","floor":29}],"player_experience":8253,"relics_obtained":[{"floor":5,"key":"ReplayTheSpireMod:Lightbulb"},{"floor":6,"key":"ReplayTheSpireMod:TigerMarble"},{"floor":9,"key":"Bag of Preparation"},{"floor":23,"key":"MawBank"},{"floor":26,"key":"Mirror"}],"event_choices":[{"damage_healed":0,"gold_gain":0,"player_choice":"Entered Light","damage_taken":15,"max_hp_gain":0,"max_hp_loss":0,"event_name":"Shining Light","floor":4,"gold_loss":0,"cards_upgraded":["Defend_G","Neutralize"]},{"damage_healed":0,"gold_gain":0,"player_choice":"Relic","damage_taken":0,"max_hp_gain":0,"max_hp_loss":0,"event_name":"Wheel of Change","floor":5,"gold_loss":0},{"damage_healed":0,"gold_gain":75,"player_choice":"Gather Gold","damage_taken":11,"max_hp_gain":0,"max_hp_loss":0,"event_name":"World of Goop","floor":8,"gold_loss":0},{"damage_healed":0,"gold_gain":0,"player_choice":"Read","damage_taken":0,"max_hp_gain":0,"max_hp_loss":0,"event_name":"The Library","floor":19,"gold_loss":0,"cards_obtained":["Toxin Wave"]},{"damage_healed":0,"gold_gain":0,"player_choice":"Upgraded","damage_taken":0,"max_hp_gain":0,"max_hp_loss":0,"event_name":"Upgrade Shrine","floor":20,"gold_loss":0,"cards_upgraded":["Draining Mist"]},{"damage_healed":0,"gold_gain":0,"player_choice":"Ignored","damage_taken":0,"max_hp_gain":0,"max_hp_loss":0,"event_name":"Ghosts","floor":25,"gold_loss":0}],"is_beta":false,"boss_relics":[{"not_picked":["ChewingGum","Coffee Dripper"],"picked":"Ring of the Serpent"}],"items_purged_floors":[],"is_endless":false,"potions_floor_spawned":[1,2,7,13,21,23,29],"killed_by":"Gremlin Leader","ascension_level":0}}