{"host":"qxeepl7ydvsgmfdb","time":1608739325,"event":{"mods":["AchievementEnabler","BaseMod","Colored Powertips","Minty Spire (QoL Compilation)","Quick Restart","slay the spire mod where everything is the same but ironclad has a cowboy hat"],"gold_per_floor":[117,131,131,61,61,94,104,104,104,104,132,132,43,60,60,160,160,176,176,211,211,229,260,280,125,177,187,205,218,237,256,256,256,256],"floor_reached":33,"playtime":2964,"items_purged":[],"score":329,"play_id":"4fa54514-b433-4927-8a15-ea889c245362","local_time":"20201223110205","is_ascension_mode":false,"campfire_choices":[{"data":"Genetic Algorithm","floor":8,"key":"SMITH"},{"floor":12,"key":"DIG"},{"floor":15,"key":"REST"},{"data":"White Noise","floor":32,"key":"SMITH"}],"circlet_count":0,"master_deck":["Strike_B+1","Strike_B","Strike_B","Strike_B","Defend_B+1","Defend_B","Defend_B","Defend_B","Zap+1","Dualcast","Cold Snap","Static Discharge","Genetic Algorithm+1","Self Repair","Loop","Cold Snap","Electrodynamics","Doom and Gloom","Coolheaded+1","Sweeping Beam","Ball Lightning+1","Rainbow","White Noise+1","Conserve Battery"],"relics":["Cracked Core","NeowsBlessing","FaceOfCleric","Shovel","Du-Vu Doll","Tiny Chest","Centennial Puzzle","Nuclear Battery","MutagenicStrength","Red Mask","Eternal Feather","Blood Vial","Lee\u0027s Waffle","Toy Ornithopter"],"acts_visited":["Exordium","TheCity"],"potions_floor_usage":[11,16,20,20,23,28,29,31,33],"damage_taken":[{"damage":0,"enemies":"Jaw Worm","floor":1,"turns":1},{"damage":0,"enemies":"2 Louse","floor":2,"turns":1},{"damage":0,"enemies":"Lagavulin","floor":6,"turns":1},{"damage":7,"enemies":"Cultist","floor":7,"turns":3},{"damage":23,"enemies":"3 Sentries","floor":11,"turns":7},{"damage":12,"enemies":"Looter","floor":14,"turns":3},{"damage":46,"enemies":"Slime Boss","floor":16,"turns":11},{"damage":3,"enemies":"Chosen","floor":18,"turns":6},{"damage":15,"enemies":"Masked Bandits","floor":20,"turns":3},{"damage":6,"enemies":"3 Byrds","floor":22,"turns":4},{"damage":4,"enemies":"Slavers","floor":23,"turns":4},{"damage":22,"enemies":"Snake Plant","floor":24,"turns":3},{"damage":27,"enemies":"Centurion and Healer","floor":27,"turns":4},{"damage":18,"enemies":"3 Cultists","floor":28,"turns":4},{"damage":11,"enemies":"Snecko","floor":29,"turns":4},{"damage":20,"enemies":"Centurion and Healer","floor":30,"turns":5},{"damage":0,"enemies":"3 Cultists","floor":31,"turns":3},{"damage":97,"enemies":"Champ","floor":33,"turns":16}],"seed_played":"-5964263193471893850","potions_obtained":[{"floor":2,"key":"SkillPotion"},{"floor":7,"key":"Block Potion"},{"floor":11,"key":"Ancient Potion"},{"floor":16,"key":"Fire Potion"},{"floor":18,"key":"LiquidMemories"},{"floor":22,"key":"EssenceOfSteel"},{"floor":27,"key":"PowerPotion"},{"floor":28,"key":"Swift Potion"},{"floor":31,"key":"Fruit Juice"}],"is_trial":false,"path_per_floor":["M","M","?","$","?","E","M","R","T","?","E","R","$","M","R","B",null,"M","?","?","T","M","E","M","$","T","M","M","M","M","M","R","B"],"character_chosen":"DEFECT","items_purchased":["Static Discharge","Loop","Cold Snap","Lee\u0027s Waffle"],"campfire_rested":1,"item_purchase_floors":[4,13,13,25],"current_hp_per_floor":[75,75,60,60,60,61,55,55,55,55,33,33,33,29,52,7,80,81,81,74,74,76,80,68,92,92,66,63,67,57,77,89,0,0],"gold":256,"neow_bonus":"THREE_ENEMY_KILL","is_daily":false,"chose_seed":false,"campfire_upgraded":2,"win_rate":0.0,"timestamp":1608739325,"path_taken":["M","M","?","$","?","E","?","R","T","?","E","R","?","M","R","BOSS","M","?","?","?","M","E","M","?","T","?","M","M","M","M","R","BOSS"],"items_purchased_type":["Card","Card","Card","Relic"],"build_version":"2020-12-22","purchased_purges":0,"victory":false,"max_hp_per_floor":[75,75,75,75,75,76,77,77,77,77,78,78,78,79,79,80,80,81,81,82,82,83,84,85,92,92,93,94,95,96,102,102,102,102],"card_choices":[{"not_picked":["Gash","Lockon","Compile Driver"],"picked":"SKIP","floor":1},{"not_picked":["Gash","Lockon","Compile Driver"],"picked":"SKIP","floor":1},{"not_picked":["Go for the Eyes","Rip and Tear"],"picked":"Cold Snap","floor":2},{"not_picked":["FTL","Core Surge","Hologram"],"picked":"SKIP","floor":6},{"not_picked":["Recycle","Self Repair"],"picked":"Genetic Algorithm","floor":7},{"not_picked":["Rebound","Conserve Battery"],"picked":"Self Repair","floor":11},{"not_picked":["Turbo","FTL","Reprogram"],"picked":"SKIP","floor":14},{"not_picked":["Core Surge","Buffer"],"picked":"Electrodynamics","floor":16},{"not_picked":["Undo","Consume","Blizzard+1"],"picked":"SKIP","floor":18},{"not_picked":["FTL","Static Discharge"],"picked":"Doom and Gloom","floor":20},{"not_picked":["Recycle","Stack","Loop"],"picked":"SKIP","floor":22},{"not_picked":["Core Surge","Rip and Tear"],"picked":"Coolheaded+1","floor":23},{"not_picked":["Go for the Eyes+1","Leap"],"picked":"Sweeping Beam","floor":24},{"not_picked":["Heatsinks","Blizzard+1"],"picked":"Ball Lightning+1","floor":27},{"not_picked":["Force Field","Barrage","Glacier"],"picked":"SKIP","floor":28},{"not_picked":["Skim","Sweeping Beam+1"],"picked":"Rainbow","floor":29},{"not_picked":["Hello World+1","Go for the Eyes+1"],"picked":"White Noise","floor":30},{"not_picked":["Hologram","Go for the Eyes"],"picked":"Conserve Battery","floor":31}],"player_experience":337953,"relics_obtained":[{"floor":6,"key":"Shovel"},{"floor":9,"key":"Du-Vu Doll"},{"floor":11,"key":"Tiny Chest"},{"floor":12,"key":"Centennial Puzzle"},{"floor":20,"key":"Red Mask"},{"floor":21,"key":"Eternal Feather"},{"floor":23,"key":"Blood Vial"},{"floor":26,"key":"Toy Ornithopter"}],"event_choices":[{"damage_healed":0,"gold_gain":0,"player_choice":"Entered Light","damage_taken":15,"max_hp_gain":0,"max_hp_loss":0,"event_name":"Shining Light","floor":3,"gold_loss":0,"cards_upgraded":["Strike_B","Defend_B"]},{"damage_healed":0,"gold_gain":0,"player_choice":"Trade","damage_taken":0,"relics_obtained":["FaceOfCleric"],"max_hp_gain":0,"max_hp_loss":0,"event_name":"FaceTrader","floor":5,"gold_loss":0},{"damage_healed":0,"gold_gain":0,"player_choice":"Upgraded","damage_taken":0,"max_hp_gain":0,"max_hp_loss":0,"event_name":"Upgrade Shrine","floor":10,"gold_loss":0,"cards_upgraded":["Zap"]},{"damage_healed":0,"gold_gain":0,"player_choice":"Inject Mutagens","damage_taken":0,"relics_obtained":["MutagenicStrength"],"max_hp_gain":0,"max_hp_loss":0,"event_name":"Drug Dealer","floor":19,"gold_loss":0},{"damage_healed":0,"gold_gain":0,"player_choice":"Fought Bandits","damage_taken":0,"max_hp_gain":0,"max_hp_loss":0,"event_name":"Masked Bandits","floor":20,"gold_loss":0}],"is_beta":false,"boss_relics":[{"not_picked":["Sozu","Astrolabe"],"picked":"Nuclear Battery"}],"items_purged_floors":[],"is_endless":false,"potions_floor_spawned":[2,7,11,16,18,22,27,28,31],"killed_by":"Champ","ascension_level":0}}