{"host":"4edbuligkc8x13l4","time":1608728656,"event":{"mods":["BaseMod","Minty Spire (QoL Compilation)","StSLib","SuperFastMode"],"gold_per_floor":[114,114,59,59,59,59,59,78,78,119,119,143,143,186,186,282,282,305,324,324,249,249,283,198,198,198],"floor_reached":25,"playtime":686,"items_purged":["Writhe"],"score":463,"play_id":"56a2799d-dc73-47b1-b5d9-5ffb6618433c","local_time":"20201223210416","is_ascension_mode":true,"campfire_choices":[{"data":"Sword Boomerang","floor":6.0,"key":"SMITH"},{"data":"Havoc","floor":11.0,"key":"SMITH"},{"data":"Bash","floor":13.0,"key":"SMITH"},{"data":"Flame Barrier","floor":15.0,"key":"SMITH"}],"circlet_count":0,"master_deck":["AscendersBane","Bash+1","Armaments+1","Sword Boomerang+1","Seeing Red","Havoc+1","Pummel","Flame Barrier+1","Barricade","Double Tap","Intimidate","Rupture","Bloodletting","Armaments","Burning Pact","Heavy Blade","Feed","Burning Pact+1","Seeing Red","Entrench"],"relics":["Burning Blood","NeowsBlessing","Bloody Idol","Gambling Chip","Vajra","Art of War","Pandora\u0027s Box","Blood Vial","Meat on the Bone","Letter Opener"],"acts_visited":["Exordium","TheCity"],"potions_floor_usage":[],"damage_taken":[{"damage":0.0,"enemies":"2 Louse","floor":1.0,"turns":1.0},{"damage":0.0,"enemies":"Jaw Worm","floor":8.0,"turns":1.0},{"damage":0.0,"enemies":"Lagavulin","floor":10.0,"turns":1.0},{"damage":7.0,"enemies":"Small Slimes","floor":12.0,"turns":3.0},{"damage":8.0,"enemies":"Gremlin Nob","floor":14.0,"turns":3.0},{"damage":21.0,"enemies":"The Guardian","floor":16.0,"turns":10.0},{"damage":12.0,"enemies":"Chosen","floor":18.0,"turns":4.0},{"damage":10.0,"enemies":"Spheric Guardian","floor":19.0,"turns":5.0},{"damage":37.0,"enemies":"Gremlin Leader","floor":23.0,"turns":6.0},{"damage":46,"enemies":"Slavers","floor":25,"turns":3}],"seed_played":"-2885396216533642234","potions_obtained":[{"floor":12.0,"key":"Fire Potion"},{"floor":18.0,"key":"Swift Potion"}],"is_trial":false,"path_per_floor":["M","?","$","?","?","R","?","M","T","E","R","M","R","E","R","B",null,"M","M","?","$","?","E","?","E"],"character_chosen":"IRONCLAD","items_purchased":["Sword Boomerang"],"campfire_rested":0,"item_purchase_floors":[3],"current_hp_per_floor":[74,67,67,67,41,41,41,47,47,53,53,52,52,50,50,35,65,59,59,59,59,59,35,35,0,0],"gold":198,"neow_bonus":"THREE_ENEMY_KILL","is_daily":false,"chose_seed":false,"campfire_upgraded":4,"win_rate":0.0,"timestamp":1608728656,"path_taken":["M","?","$","?","?","R","?","M","T","E","R","?","R","E","R","BOSS","M","M","?","$","?","E","?","E"],"items_purchased_type":["Card"],"build_version":"2020-12-22","purchased_purges":1,"victory":false,"max_hp_per_floor":[75,75,75,75,75,75,75,75,75,75,75,75,75,75,75,75,75,75,79,79,79,79,79,79,79,79],"card_choices":[{"not_picked":["Iron Wave","Sentinel"],"picked":"Armaments","floor":1.0},{"not_picked":["Pommel Strike","Entrench"],"picked":"Seeing Red","floor":8.0},{"not_picked":["Hemokinesis","Body Slam"],"picked":"Havoc","floor":10.0},{"not_picked":["Body Slam","Intimidate"],"picked":"Pummel","floor":12.0},{"not_picked":["Twin Strike","Clothesline"],"picked":"Flame Barrier","floor":14.0},{"not_picked":["Feed","Corruption"],"picked":"Barricade","floor":16.0},{"not_picked":["Thunderclap","Sword Boomerang"],"picked":"Burning Pact+1","floor":18.0},{"not_picked":["Seeing Red","Headbutt","Sword Boomerang"],"picked":"SKIP","floor":19.0},{"not_picked":["Headbutt","Sword Boomerang"],"picked":"Seeing Red","floor":19.0},{"not_picked":["True Grit","Dark Embrace"],"picked":"Entrench","floor":23.0}],"player_experience":910072,"relics_obtained":[{"floor":9.0,"key":"Gambling Chip"},{"floor":10.0,"key":"Vajra"},{"floor":14.0,"key":"Art of War"},{"floor":23.0,"key":"Meat on the Bone"}],"event_choices":[{"cards_removed":["Defend_R"],"damage_healed":0.0,"max_hp_gain":0.0,"max_hp_loss":0.0,"gold_gain":0.0,"event_name":"Golden Wing","player_choice":"Card Removal","floor":2.0,"gold_loss":0.0,"damage_taken":7.0},{"damage_healed":0.0,"max_hp_gain":0.0,"max_hp_loss":0.0,"gold_gain":0.0,"event_name":"Living Wall","player_choice":"Grow","floor":4.0,"gold_loss":0.0,"damage_taken":0.0,"cards_upgraded":["Armaments"]},{"damage_healed":0.0,"max_hp_gain":0.0,"max_hp_loss":0.0,"gold_gain":0.0,"event_name":"Golden Idol","player_choice":"Take Damage","floor":5.0,"gold_loss":0.0,"damage_taken":26.0,"relics_obtained":["Golden Idol"]},{"damage_healed":0.0,"max_hp_gain":0.0,"max_hp_loss":0.0,"gold_gain":0.0,"event_name":"Match and Keep!","player_choice":"0 cards matched","floor":7.0,"gold_loss":0.0,"damage_taken":0.0,"cards_obtained":[]},{"damage_healed":0.0,"max_hp_gain":0.0,"max_hp_loss":0.0,"gold_gain":0.0,"event_name":"The Mausoleum","player_choice":"Opened","floor":20.0,"gold_loss":0.0,"damage_taken":0.0,"relics_obtained":["Blood Vial"],"cards_obtained":["Writhe"]},{"damage_healed":0.0,"max_hp_gain":0.0,"max_hp_loss":0.0,"gold_gain":0.0,"event_name":"Forgotten Altar","player_choice":"Gave Idol","floor":22.0,"relics_lost":["Golden Idol"],"gold_loss":0.0,"damage_taken":0.0,"relics_obtained":["Bloody Idol"]},{"damage_healed":0.0,"max_hp_gain":0.0,"max_hp_loss":0.0,"gold_gain":0.0,"event_name":"Addict","player_choice":"Obtained Relic","floor":24.0,"gold_loss":85.0,"damage_taken":0.0,"relics_obtained":["Letter Opener"]}],"is_beta":false,"boss_relics":[{"not_picked":["Empty Cage","Fusion Hammer"],"picked":"Pandora\u0027s Box"}],"items_purged_floors":[21],"is_endless":false,"potions_floor_spawned":[12,14,18],"killed_by":"Slavers","ascension_level":17}}