{"host":"3t6uby4o5waaq95r","time":1608755009,"event":{"mods":["AchievementEnabler","BaseMod","Bestiary","Colored Map","Highlight Path","Minty Spire (QoL Compilation)","Permanent Neow","Quick Restart","Random Character Button","SuperFastMode"],"gold_per_floor":[112,112,112,112,130,130,206,206,230,230,7,22,22,55,55,174,174,188,188,188,463,388,388,413,413,440,459,186,311,354,377,377,506,506,520,545,278,303,303,346,346,409,487,487,487,161,186,211,211,211],"floor_reached":51,"playtime":1477,"items_purged":["Strike_B","Defend_B","Strike_B"],"score":805,"play_id":"e550d54d-3946-4aaf-b5be-074719f7468d","local_time":"20201223142329","is_ascension_mode":false,"campfire_choices":[{"floor":6,"key":"REST"},{"data":"Zap","floor":8,"key":"SMITH"},{"data":"Sweeping Beam","floor":10,"key":"SMITH"},{"data":"Dualcast","floor":15,"key":"SMITH"},{"data":"Reboot","floor":23,"key":"SMITH"},{"data":"Streamline","floor":32,"key":"SMITH"},{"floor":41,"key":"REST"},{"data":"The Bomb","floor":45,"key":"SMITH"},{"data":"Skim","floor":49,"key":"SMITH"}],"circlet_count":0,"master_deck":["Zap+1","Dualcast+1","Sunder+1","Chill+1","Machine Learning+1","Sweeping Beam+1","Darkness","Aggregate+1","Reboot+1","Sunder+1","Streamline+1","Thunder Strike","Self Repair+1","White Noise+1","Creative AI+1","The Bomb+1","Reinforced Body+1","Magnetism+1","Streamline","Skim+1","Leap+1","Rip and Tear+1"],"relics":["Astrolabe","Art of War","Golden Idol","Frozen Egg 2","Orichalcum","Membership Card","Juzu Bracelet","Odd Mushroom","Snecko Eye","Tiny Chest","Omamori","Blood Vial","Bottled Flame","StoneCalendar","Pear","Red Mask","Busted Crown","Bag of Preparation","Matryoshka","Meat on the Bone","Mango","Eternal Feather","Gremlin Horn","Orrery","Toy Ornithopter"],"acts_visited":["Exordium","TheCity","TheBeyond"],"potions_floor_usage":[40],"damage_taken":[{"damage":0,"enemies":"2 Louse","floor":1,"turns":2},{"damage":4,"enemies":"Cultist","floor":5,"turns":3},{"damage":3,"enemies":"Jaw Worm","floor":12,"turns":2},{"damage":0,"enemies":"The Mushroom Lair","floor":14,"turns":3},{"damage":31,"enemies":"The Guardian","floor":16,"turns":8},{"damage":3,"enemies":"Chosen","floor":18,"turns":3},{"damage":0,"enemies":"Spheric Guardian","floor":27,"turns":2},{"damage":14,"enemies":"Colosseum Slavers","floor":29,"turns":4},{"damage":2,"enemies":"Colosseum Nobs","floor":29,"turns":3},{"damage":0,"enemies":"Masked Bandits","floor":30,"turns":2},{"damage":0,"enemies":"Chosen and Byrds","floor":31,"turns":3},{"damage":61,"enemies":"Champ","floor":33,"turns":7},{"damage":20,"enemies":"3 Darklings","floor":35,"turns":4},{"damage":5,"enemies":"Orb Walker","floor":38,"turns":2},{"damage":53,"enemies":"Giant Head","floor":40,"turns":7},{"damage":8,"enemies":"Mind Bloom Boss Battle","floor":42,"turns":5},{"damage":1,"enemies":"3 Darklings","floor":47,"turns":4},{"damage":0,"enemies":"4 Shapes","floor":48,"turns":2},{"damage":69,"enemies":"Donu and Deca","floor":50,"turns":7}],"seed_played":"-1661377397046230001","potions_obtained":[{"floor":5,"key":"EssenceOfDarkness"},{"floor":12,"key":"Energy Potion"},{"floor":14,"key":"FocusPotion"},{"floor":33,"key":"DistilledChaos"},{"floor":38,"key":"ColorlessPotion"}],"is_trial":false,"path_per_floor":["M","?","?","?","M","R","T","R","T","R","$","M","?","?","R","B",null,"M","?","?","?","?","R","T","?","T","M","$","?","?","M","R","B",null,"M","T","$","M","?","E","R","?","T","?","R","$","M","M","R","B",null],"character_chosen":"DEFECT","items_purchased":["Membership Card","Juzu Bracelet","Bottled Flame","Thunder Strike","Self Repair+1","Matryoshka","The Bomb","Magnetism+1","Orrery","Toy Ornithopter","BlessingOfTheForge"],"campfire_rested":2,"item_purchase_floors":[11,11,28,28,28,37,37,46,46,46,46],"current_hp_per_floor":[75,75,68,50,46,68,68,68,68,68,68,65,65,65,65,34,75,72,72,75,75,75,75,75,75,75,75,75,81,83,85,85,34,85,65,65,65,72,72,31,56,74,74,74,83,83,84,96,99,52],"gold":211,"neow_bonus":"BOSS_RELIC","is_daily":false,"chose_seed":false,"campfire_upgraded":7,"win_rate":0.0,"timestamp":1608755009,"path_taken":["M","?","?","?","M","R","?","R","T","R","?","M","?","?","R","BOSS","M","?","?","?","?","R","?","?","T","M","$","?","?","M","R","BOSS","M","?","$","M","?","E","R","?","T","?","R","$","M","M","R","BOSS"],"items_purchased_type":["Relic","Relic","Relic","Card","Card","Relic","Card","Card","Relic","Relic","Potion"],"build_version":"2020-12-22","purchased_purges":3,"victory":true,"max_hp_per_floor":[75,75,75,75,75,75,75,75,75,75,75,75,75,75,75,75,75,75,75,75,75,75,75,75,75,75,75,75,85,85,85,85,85,85,85,85,85,85,85,85,85,99,99,99,99,99,99,99,99,99],"card_choices":[{"not_picked":["Go for the Eyes","Conserve Battery"],"picked":"Sweeping Beam","floor":1},{"not_picked":["Ball Lightning","Meteor Strike"],"picked":"Aggregate","floor":5},{"not_picked":["Stack","Leap","Coolheaded"],"picked":"SKIP","floor":12},{"not_picked":["Creative AI+1","Fission"],"picked":"Reboot","floor":16},{"not_picked":["Go for the Eyes","Ball Lightning","Cold Snap"],"picked":"SKIP","floor":18},{"not_picked":["Reprogram","Compile Driver+1"],"picked":"Streamline","floor":27},{"not_picked":["Beam Cell+1","Streamline"],"picked":"White Noise+1","floor":30},{"not_picked":["Redo+1","Steam+1","Ball Lightning"],"picked":"SKIP","floor":31},{"not_picked":["Reboot","Biased Cognition+1"],"picked":"Creative AI+1","floor":33},{"not_picked":["Go for the Eyes"],"picked":"SKIP","floor":35},{"not_picked":["Heatsinks+1"],"picked":"SKIP","floor":38},{"not_picked":[],"picked":"Reinforced Body+1","floor":40},{"not_picked":[],"picked":"Streamline","floor":46},{"not_picked":[],"picked":"Skim","floor":46},{"not_picked":[],"picked":"Leap+1","floor":47},{"not_picked":[],"picked":"Rip and Tear+1","floor":48}],"player_experience":792860,"relics_obtained":[{"floor":7,"key":"Frozen Egg 2"},{"floor":9,"key":"Orichalcum"},{"floor":14,"key":"Odd Mushroom"},{"floor":24,"key":"Omamori"},{"floor":26,"key":"Blood Vial"},{"floor":29,"key":"StoneCalendar"},{"floor":29,"key":"Pear"},{"floor":30,"key":"Red Mask"},{"floor":36,"key":"Bag of Preparation"},{"floor":40,"key":"Meat on the Bone"},{"floor":42,"key":"Mango"},{"floor":43,"key":"Eternal Feather"},{"floor":43,"key":"Gremlin Horn"}],"event_choices":[{"damage_healed":0,"gold_gain":0,"cards_transformed":["Defend_B"],"player_choice":"Change","damage_taken":0,"max_hp_gain":0,"max_hp_loss":0,"event_name":"Living Wall","floor":2,"gold_loss":0,"cards_obtained":["Darkness"]},{"damage_healed":0,"gold_gain":0,"player_choice":"Success","damage_taken":7,"relics_obtained":["Art of War"],"max_hp_gain":0,"max_hp_loss":0,"event_name":"Scrap Ooze","floor":3,"gold_loss":0},{"damage_healed":0,"gold_gain":0,"player_choice":"Take Damage","damage_taken":18,"relics_obtained":["Golden Idol"],"max_hp_gain":0,"max_hp_loss":0,"event_name":"Golden Idol","floor":4,"gold_loss":0},{"damage_healed":0,"gold_gain":0,"player_choice":"Upgraded","damage_taken":0,"max_hp_gain":0,"max_hp_loss":0,"event_name":"Upgrade Shrine","floor":13,"gold_loss":0,"cards_upgraded":["Aggregate"]},{"damage_healed":0,"gold_gain":0,"player_choice":"Fought Mushrooms","damage_taken":0,"max_hp_gain":0,"max_hp_loss":0,"event_name":"Mushrooms","floor":14,"gold_loss":0},{"damage_healed":0,"gold_gain":0,"player_choice":"Opened","damage_taken":0,"relics_obtained":["Tiny Chest"],"max_hp_gain":0,"max_hp_loss":0,"event_name":"The Mausoleum","floor":19,"gold_loss":0},{"damage_healed":3,"gold_gain":0,"player_choice":"Full Heal","damage_taken":0,"max_hp_gain":0,"max_hp_loss":0,"event_name":"Wheel of Change","floor":20,"gold_loss":0},{"damage_healed":0,"gold_gain":275,"player_choice":"Desecrate","damage_taken":0,"max_hp_gain":0,"max_hp_loss":0,"event_name":"Golden Shrine","floor":21,"gold_loss":0,"cards_obtained":["Regret"]},{"cards_removed":["Regret"],"damage_healed":0,"gold_gain":0,"player_choice":"Gave Gold","damage_taken":0,"max_hp_gain":0,"max_hp_loss":0,"event_name":"Beggar","floor":22,"gold_loss":75},{"damage_healed":0,"gold_gain":0,"player_choice":"Copied","damage_taken":0,"max_hp_gain":0,"max_hp_loss":0,"event_name":"Duplicator","floor":25,"gold_loss":0,"cards_obtained":["Sunder"]},{"damage_healed":0,"gold_gain":0,"player_choice":"Fight","damage_taken":0,"max_hp_gain":0,"max_hp_loss":0,"event_name":"Colosseum","floor":29,"gold_loss":0},{"damage_healed":0,"gold_gain":0,"player_choice":"Fought Nobs","damage_taken":0,"max_hp_gain":0,"max_hp_loss":0,"event_name":"Colosseum","floor":29,"gold_loss":0},{"damage_healed":0,"gold_gain":0,"player_choice":"Fought Bandits","damage_taken":0,"max_hp_gain":0,"max_hp_loss":0,"event_name":"Masked Bandits","floor":30,"gold_loss":0},{"damage_healed":0,"gold_gain":0,"player_choice":"Bought 0 Potions","damage_taken":0,"max_hp_gain":0,"max_hp_loss":0,"event_name":"The Woman in Blue","floor":39,"gold_loss":0},{"damage_healed":0,"gold_gain":0,"player_choice":"Fight","damage_taken":0,"max_hp_gain":0,"max_hp_loss":0,"event_name":"MindBloom","floor":42,"gold_loss":0},{"cards_removed":["Defend_B"],"damage_healed":0,"gold_gain":0,"player_choice":"Purged","damage_taken":0,"max_hp_gain":0,"max_hp_loss":0,"event_name":"Purifier","floor":44,"gold_loss":0}],"is_beta":false,"boss_relics":[{"not_picked":["SacredBark","Coffee Dripper"],"picked":"Snecko Eye"},{"not_picked":["Runic Dome","Runic Pyramid"],"picked":"Busted Crown"}],"items_purged_floors":[28,37,46],"is_endless":false,"potions_floor_spawned":[5,12,14,16,29,30,31,33,35,38],"ascension_level":0}}