{"host":"wshh0nphwn6jv7vj","time":1608745671,"event":{"mods":["BaseMod","Bestiary","Minty Spire (QoL Compilation)"],"gold_per_floor":[115,115,40,54,69,95,95,127,127,27,61,61,78,105,105,180,230,242,254,254,264,73,100,100,125,196,196,215,228,228,255,267,352,364,393,416,445,476,488,488],"floor_reached":39,"playtime":4180,"items_purged":["Strike_G","Defend_G"],"score":873,"play_id":"5c303a51-1073-4913-8b04-da7fc61a847a","local_time":"20201223124751","is_ascension_mode":true,"campfire_choices":[{"data":"Neutralize","floor":7,"key":"SMITH"},{"floor":12,"key":"REST"},{"data":"Footwork","floor":15,"key":"SMITH"},{"data":"Sucker Punch","floor":24,"key":"SMITH"},{"floor":27,"key":"REST"},{"data":"Leg Sweep","floor":32,"key":"SMITH"}],"circlet_count":0,"master_deck":["AscendersBane","Strike_G","Defend_G","Defend_G","Defend_G","Defend_G","Survivor+1","Neutralize+1","Footwork+1","Heel Hook","Backflip","Skewer","Slice","Sucker Punch+1","Blade Dance","Heel Hook","Acrobatics","Crippling Poison","Terror","Backflip","Dodge and Roll","Tools of the Trade","PiercingWail","Cloak And Dagger+1","Caltrops","Leg Sweep+1","Storm of Steel","Noxious Fumes+1","Noxious Fumes+1","Setup+1","Poisoned Stab","Footwork","Leg Sweep+1","Backflip+1"],"relics":["Ring of the Snake","Mango","Blood Vial","Kunai","Bronze Scales","Torii","PreservedInsect","Nloth\u0027s Gift","ClockworkSouvenir","CaptainsWheel","Tiny Chest","Ninja Scroll","MawBank","Astrolabe"],"acts_visited":["Exordium","TheCity","TheBeyond"],"potions_floor_usage":[8,11,14,14,18,23,33,37,38],"damage_taken":[{"damage":0,"enemies":"2 Louse","floor":1,"turns":5},{"damage":0,"enemies":"Cultist","floor":4,"turns":5},{"damage":3,"enemies":"Jaw Worm","floor":5,"turns":5},{"damage":44,"enemies":"Gremlin Nob","floor":6,"turns":6},{"damage":15,"enemies":"Lagavulin","floor":8,"turns":9},{"damage":14,"enemies":"3 Sentries","floor":11,"turns":8},{"damage":7,"enemies":"Red Slaver","floor":13,"turns":4},{"damage":1,"enemies":"Gremlin Nob","floor":14,"turns":3},{"damage":2,"enemies":"The Guardian","floor":16,"turns":11},{"damage":24,"enemies":"2 Thieves","floor":18,"turns":3},{"damage":8,"enemies":"Chosen","floor":19,"turns":6},{"damage":2,"enemies":"Shelled Parasite and Fungi","floor":21,"turns":6},{"damage":2,"enemies":"Gremlin Leader","floor":23,"turns":6},{"damage":12,"enemies":"Slavers","floor":25,"turns":6},{"damage":1,"enemies":"Chosen and Byrds","floor":28,"turns":7},{"damage":9,"enemies":"Snecko","floor":29,"turns":6},{"damage":13,"enemies":"Gremlin Leader","floor":31,"turns":8},{"damage":30,"enemies":"Champ","floor":33,"turns":19},{"damage":1,"enemies":"Orb Walker","floor":35,"turns":5},{"damage":37,"enemies":"3 Darklings","floor":36,"turns":9},{"damage":28,"enemies":"4 Shapes","floor":37,"turns":8},{"damage":0,"enemies":"Spire Growth","floor":38,"turns":8},{"damage":12,"enemies":"Sphere and 2 Shapes","floor":39,"turns":2}],"seed_played":"-2269057256737071026","potions_obtained":[{"floor":1,"key":"Energy Potion"},{"floor":6,"key":"PowerPotion"},{"floor":11,"key":"Energy Potion"},{"floor":13,"key":"DuplicationPotion"},{"floor":17,"key":"ColorlessPotion"},{"floor":21,"key":"SteroidPotion"},{"floor":25,"key":"SkillPotion"},{"floor":33,"key":"PowerPotion"},{"floor":37,"key":"DuplicationPotion"}],"is_trial":false,"path_per_floor":["M","?","$","M","M","E","R","E","T","$","E","R","M","E","R","B",null,"M","M","?","M","$","E","R","E","T","R","M","M","?","E","R","B",null,"M","M","M","M","M"],"character_chosen":"THE_SILENT","items_purchased":["ClockworkSouvenir","Dodge and Roll"],"campfire_rested":2,"item_purchase_floors":[22,22],"current_hp_per_floor":[73,73,73,73,70,26,26,13,13,13,1,25,20,21,21,21,70,48,42,42,42,42,42,42,32,32,57,58,51,51,40,40,12,67,68,33,7,9,0,0],"gold":488,"neow_bonus":"ONE_RARE_RELIC","is_daily":false,"chose_seed":false,"campfire_upgraded":4,"win_rate":0.0,"timestamp":1608745671,"path_taken":["M","?","$","M","?","E","R","E","T","$","E","R","M","E","R","BOSS","M","M","?","M","$","E","R","E","T","R","?","M","?","E","R","BOSS","M","M","M","M","M"],"items_purchased_type":["Relic","Card"],"build_version":"2020-12-22","purchased_purges":2,"victory":false,"max_hp_per_floor":[80,80,80,80,80,80,80,80,80,80,80,80,80,80,80,80,85,85,85,85,85,85,85,85,85,85,85,85,85,85,85,85,85,85,85,85,85,85,85,85],"card_choices":[{"not_picked":["Prepared","Accuracy"],"picked":"Footwork","floor":1},{"not_picked":["Quick Slash","Skewer"],"picked":"Heel Hook","floor":4},{"not_picked":["Choke","Quick Slash"],"picked":"Backflip","floor":5},{"not_picked":["Accuracy","Well Laid Plans"],"picked":"Skewer","floor":6},{"not_picked":["Concentrate","Eviscerate"],"picked":"Slice","floor":8},{"not_picked":["Predator","Catalyst"],"picked":"Sucker Punch","floor":11},{"not_picked":["Masterful Stab","PiercingWail"],"picked":"Blade Dance","floor":13},{"not_picked":["Outmaneuver","Riddle With Holes"],"picked":"Heel Hook","floor":14},{"not_picked":["Bouncing Flask","Deflect"],"picked":"Acrobatics","floor":17},{"not_picked":["Quick Slash","Deadly Poison"],"picked":"Crippling Poison","floor":18},{"not_picked":["Dagger Throw","Outmaneuver"],"picked":"Terror","floor":19},{"not_picked":["Quick Slash","PiercingWail"],"picked":"Backflip","floor":21},{"not_picked":["Deadly Poison","Wraith Form v2"],"picked":"Tools of the Trade","floor":23},{"not_picked":["Flechettes","Cloak And Dagger"],"picked":"PiercingWail","floor":25},{"not_picked":["Acrobatics+1","Dagger Spray"],"picked":"Cloak And Dagger+1","floor":28},{"not_picked":["Terror","Flechettes","Catalyst+1"],"picked":"SKIP","floor":29},{"not_picked":["Bouncing Flask","Poisoned Stab+1"],"picked":"Leg Sweep","floor":31},{"not_picked":["Glass Knife","A Thousand Cuts"],"picked":"Storm of Steel","floor":33},{"not_picked":["Blade Dance","Quick Slash"],"picked":"Poisoned Stab","floor":35},{"not_picked":["Quick Slash","Flying Knee"],"picked":"Footwork","floor":36},{"not_picked":["Caltrops","Doppelganger"],"picked":"Leg Sweep+1","floor":37},{"not_picked":["Dagger Spray+1","Flying Knee"],"picked":"Backflip+1","floor":38}],"player_experience":1483912,"relics_obtained":[{"floor":6,"key":"Blood Vial"},{"floor":8,"key":"Kunai"},{"floor":9,"key":"Bronze Scales"},{"floor":11,"key":"Torii"},{"floor":14,"key":"PreservedInsect"},{"floor":23,"key":"CaptainsWheel"},{"floor":25,"key":"Tiny Chest"},{"floor":26,"key":"Ninja Scroll"},{"floor":31,"key":"MawBank"}],"event_choices":[{"cards_removed":["Injury"],"damage_healed":0,"gold_gain":0,"player_choice":"Removed Curses","damage_taken":0,"max_hp_gain":0,"max_hp_loss":0,"event_name":"Fountain of Cleansing","floor":2,"gold_loss":0},{"damage_healed":0,"gold_gain":0,"player_choice":"Traded Relic","damage_taken":0,"relics_obtained":["Nloth\u0027s Gift"],"max_hp_gain":0,"max_hp_loss":0,"event_name":"N\u0027loth","floor":20,"relics_lost":["Tiny House"],"gold_loss":0},{"damage_healed":0,"gold_gain":0,"player_choice":"Read","damage_taken":0,"max_hp_gain":0,"max_hp_loss":0,"event_name":"The Library","floor":30,"gold_loss":0,"cards_obtained":["Caltrops"]}],"is_beta":false,"boss_relics":[{"not_picked":["Runic Dome","Ectoplasm"],"picked":"Tiny House"},{"not_picked":["Empty Cage","Velvet Choker"],"picked":"Astrolabe"}],"items_purged_floors":[3,10],"is_endless":false,"potions_floor_spawned":[1,6,11,13,21,25,33,37],"killed_by":"Sphere and 2 Shapes","ascension_level":16}}