{"host":"r5cycnjhcbwgkpkf","time":1608740755,"event":{"mods":["2.2 Compatiblity","AchievementEnabler","BaseMod","Bestiary","Better Match","Better Note","Better Skull","Better Third Choice","BetterRewards","Colored Map","Colored Powertips","Downfall","Googly Eyes","Infinite Spire","Minty Spire (QoL Compilation)","Replay The Spire","Spicy Shops","StSLib"],"gold_per_floor":[99,114,126,145,145,57,135,135,151,18,48,48,62,62,82,181,181,181,192,292,292,303,318,318,318,347,347,177,177,177,194,205,205,205,205],"floor_reached":33,"playtime":3006,"items_purged":[],"score":280,"play_id":"9c1eaafb-7a7b-4527-bbb9-415fcf37918b","local_time":"20201223082555","is_ascension_mode":true,"campfire_choices":[{"data":"champ:Execute","floor":1,"key":"SMITH"},{"data":"champ:Duel","floor":8,"key":"SMITH"},{"floor":12,"key":"REST"},{"data":"champ:ArenaPreparation","floor":18,"key":"SMITH"},{"floor":25,"key":"REST"},{"floor":27,"key":"REST"},{"floor":30,"key":"REST"}],"circlet_count":0,"master_deck":["champ:Strike+1","champ:Strike+1","champ:Strike+1","champ:Strike+1","champ:Defend+1","champ:Defend+1","champ:Defend+1","champ:Defend+1","champ:Execute+1","champ:Taunt+1","champ:Haymaker","champ:Aggression","champ:Duel+1","champ:FanOfKnives","champ:HeartStrike+1","champ:GladiatorStyle","champ:FlashCut+1","champ:ArenaPreparation+1","champ:BringItOn","champ:SteelEdge+1","champ:BladeFlurry+1","champ:ViciousMockery","champ:IgnorePain","champ:CalledShot"],"relics":["champ:ChampionCrown","Art of War","Toolbox","Molten Egg 2","infinitespire:WardingShard","SacredBark","Matryoshka","Thread and Needle","ReplayTheSpireMod:TigerMarble"],"acts_visited":["Exordium","TheCity"],"potions_floor_usage":[],"damage_taken":[{"damage":1,"enemies":"Jaw Worm","floor":2,"turns":4},{"damage":7,"enemies":"Small Slimes","floor":3,"turns":4},{"damage":3,"enemies":"2 Louse","floor":4,"turns":3},{"damage":5,"enemies":"downfall:FleeingMerchant","floor":6,"turns":4},{"damage":5,"enemies":"Large Slime","floor":9,"turns":3},{"damage":16,"enemies":"downfall:FleeingMerchant","floor":10,"turns":4},{"damage":18,"enemies":"3 Sentries","floor":11,"turns":6},{"damage":5,"enemies":"Gremlin Gang","floor":13,"turns":3},{"damage":6,"enemies":"Exordium Thugs","floor":15,"turns":3},{"damage":55,"enemies":"downfall:Silent","floor":16,"turns":6},{"damage":5,"enemies":"Spheric Guardian","floor":19,"turns":5},{"damage":0,"enemies":"Chosen","floor":21,"turns":1},{"damage":28,"enemies":"Centurion and Healer","floor":22,"turns":5},{"damage":45,"enemies":"Snake Plant","floor":23,"turns":3},{"damage":74,"enemies":"Gremlin Leader","floor":26,"turns":8},{"damage":21,"enemies":"downfall:FleeingMerchant","floor":28,"turns":4},{"damage":3,"enemies":"Snecko","floor":31,"turns":4},{"damage":0,"enemies":"Chosen and Byrds","floor":32,"turns":8},{"damage":84,"enemies":"downfall:Watcher","floor":33,"turns":12}],"seed_played":"-869407816788908348","potions_obtained":[{"floor":3,"key":"Energy Potion"},{"floor":4,"key":"Adrenaline Potion"},{"floor":13,"key":"Reflective Coating"},{"floor":16,"key":"ColorlessPotion"}],"is_trial":false,"path_per_floor":["R","M","M","M","?","$","T","R","M","$","E","R","M","?","M","B",null,"R","M","?","M","M","M","T","R","E","R","$","?","R","M","M","B"],"character_chosen":"THE_CHAMP","items_purchased":["Toolbox","champ:GladiatorStyle","champ:FlashCut+1","ReplayTheSpireMod:TigerMarble"],"campfire_rested":4,"item_purchase_floors":[6,10,10,28],"current_hp_per_floor":[90,89,82,79,72,72,72,72,72,62,44,71,71,71,70,49,90,90,90,90,90,67,57,57,84,30,57,46,46,73,73,83,0,0,0],"gold":205,"neow_bonus":"UPGRADE_CARD","is_daily":false,"chose_seed":false,"campfire_upgraded":3,"win_rate":0.0,"timestamp":1608740755,"path_taken":["R","M","M","M","?","$","T","R","M","$","E","R","M","?","M","BOSS","R","M","?","M","M","M","T","R","E","R","$","?","R","M","M","BOSS"],"items_purchased_type":["Relic","Card","Card","Relic"],"build_version":"2020-12-22","purchased_purges":0,"victory":false,"max_hp_per_floor":[90,90,90,90,90,90,90,90,90,90,90,90,90,90,90,90,90,90,90,90,90,90,90,90,90,90,90,90,90,90,90,90,90,90,90],"card_choices":[{"not_picked":["champ:BladeFlurry","champ:FocusedBerserking"],"picked":"champ:Haymaker","floor":2},{"not_picked":["champ:Backstep","champ:FalseCounter"],"picked":"champ:Aggression","floor":3},{"not_picked":["champ:Aggression","champ:Backstep"],"picked":"champ:Duel","floor":4},{"not_picked":["champ:RapidStrikes","champ:ShieldWall"],"picked":"champ:FanOfKnives","floor":6},{"not_picked":["champ:GutPunch+1","champ:PerfectedStrike+1"],"picked":"champ:HeartStrike+1","floor":9},{"not_picked":["champ:EnGarde","champ:Backstep","champ:TornadoPunch+1"],"picked":"SKIP","floor":10},{"not_picked":["champ:Riposte","champ:DefensiveShout"],"picked":"champ:ArenaPreparation","floor":11},{"not_picked":["champ:Backstep","champ:PerfectedStrike+1"],"picked":"champ:BringItOn","floor":13},{"not_picked":["champ:EndlessRage","champ:DefensiveShout","champ:StanceDance"],"picked":"SKIP","floor":15},{"not_picked":["champ:SwordThrow+1","champ:Devastate+1"],"picked":"champ:SteelEdge+1","floor":16},{"not_picked":["champ:AdrenalArmor","champ:Haymaker+1"],"picked":"champ:BladeFlurry+1","floor":19},{"not_picked":["champ:BringItOn","champ:GladiatorsShout","champ:TornadoPunch+1"],"picked":"SKIP","floor":21},{"not_picked":["champ:BerserkersShout","champ:Aggression"],"picked":"champ:ViciousMockery","floor":22},{"not_picked":["champ:CrookedStrike+1","champ:BerserkersShout","champ:GladiatorStyle"],"picked":"SKIP","floor":23},{"not_picked":["champ:ShieldWall+1","champ:EnragedBash+1"],"picked":"champ:IgnorePain","floor":26},{"not_picked":["champ:Control","champ:Backstep+1"],"picked":"champ:CalledShot","floor":28},{"not_picked":["champ:TornadoPunch+1","champ:Shatter+1","champ:EndlessRage+1"],"picked":"SKIP","floor":31},{"not_picked":["champ:Aggression","champ:TornadoPunch+1","champ:BladeFlurry+1"],"picked":"SKIP","floor":32}],"player_experience":374372,"relics_obtained":[{"floor":7,"key":"Molten Egg 2"},{"floor":11,"key":"infinitespire:WardingShard"},{"floor":24,"key":"Matryoshka"},{"floor":26,"key":"Thread and Needle"}],"event_choices":[{"damage_healed":0,"gold_gain":0,"player_choice":"Relic ","damage_taken":7,"max_hp_gain":0,"max_hp_loss":0,"event_name":"betterThird:BetterScrap","floor":5,"gold_loss":0,"cards_obtained":["Sever Soul"]},{"damage_healed":0,"gold_gain":0,"player_choice":"Simplicity","damage_taken":0,"max_hp_gain":0,"max_hp_loss":8,"event_name":"betterThird:BetterWriting","floor":29,"gold_loss":0}],"is_beta":false,"boss_relics":[{"not_picked":["Replay:Bronze Core","infinitespire:Cupcake"],"picked":"SacredBark"}],"items_purged_floors":[],"is_endless":false,"potions_floor_spawned":[3,4,13,16,22,31],"killed_by":"downfall:Watcher","ascension_level":1}}