{"host":"k653q14gphaoox56","time":1608740178,"event":{"mods":["BaseMod","Colored Map","Conspire","DeckTracker","Hermit","Hubris","Infinite Spire","Minty Spire (QoL Compilation)","Replay The Spire","StSLib","The Construct","The Cursed","The Disciple","The Hierophant","The Necromancer","The Poker Player","The Runesmith","The Servant 0.9.4"],"gold_per_floor":[119,119,119,139,153,153,4,202,202,216,236,248,248,248,248,344,344,359,421,471,489,501,528,528,528,528],"floor_reached":25,"playtime":1486,"items_purged":["ReplayTheSpireMod:Splinters"],"score":265,"play_id":"ad5db625-a472-4397-9f3c-7d53320528ec","local_time":"20201223111618","is_ascension_mode":false,"campfire_choices":[{"data":"Heavy Blade","floor":6,"key":"SMITH"},{"data":"Limit Break","floor":13,"key":"SMITH"},{"data":"Inflame","floor":15,"key":"SMITH"},{"floor":24,"key":"REST"}],"circlet_count":0,"master_deck":["Strike_R","Strike_R","Strike_R","Strike_R","Strike_R","Defend_R","Defend_R","Defend_R","Defend_R","Bash","Replay:Dark Deal","Inflame+1","infinitespire:OneForAll","Heavy Blade+1","Seeing Red","Flame Barrier","ReplayTheSpireMod:Strike From Hell","Run Through","Limit Break+1","Berserk","Armaments+1","Heavy Blade","Thunderclap","Dark Embrace","ReplayTheSpireMod:Echoes of Time","Flex+1"],"relics":["Burning Blood","hubris:SphereOfDissonance","hubris:Reverence","SsserpentHead","Black Star","Calipers","FossilizedHelix","infinitespire:Beetle Shell"],"acts_visited":["Exordium","TheCity"],"potions_floor_usage":[18,21],"damage_taken":[{"damage":2,"enemies":"conspire:RoseBush","floor":1,"turns":3},{"damage":11,"enemies":"Jaw Worm","floor":4,"turns":3},{"damage":3,"enemies":"Small Slimes","floor":5,"turns":3},{"damage":4,"enemies":"2 Fungi Beasts","floor":10,"turns":3},{"damage":10,"enemies":"3 Louse","floor":11,"turns":3},{"damage":0,"enemies":"Blue Slaver","floor":12,"turns":1},{"damage":0,"enemies":"Slime Boss","floor":16,"turns":6},{"damage":28,"enemies":"3 Byrds","floor":18,"turns":5},{"damage":7,"enemies":"Spheric Guardian","floor":19,"turns":4},{"damage":0,"enemies":"Snecko","floor":21,"turns":4},{"damage":21,"enemies":"Chosen and Byrds","floor":22,"turns":5},{"damage":48,"enemies":"Nightmare","floor":23,"turns":5},{"damage":36,"enemies":"Replay:Snechameleon","floor":25,"turns":4}],"seed_played":"-7915884814736374375","potions_obtained":[{"floor":5,"key":"Energy Potion"},{"floor":11,"key":"LifebloodPotion"},{"floor":16,"key":"Elixir"},{"floor":19,"key":"Languid Potion"}],"is_trial":false,"path_per_floor":["M","?","T","M","M","R","$","?","T","M","M","M","R","?","R","B",null,"M","M","?","M","M","NM","R","E"],"character_chosen":"IRONCLAD","items_purchased":["Seeing Red"],"campfire_rested":1,"item_purchase_floors":[7],"current_hp_per_floor":[80,85,85,80,83,83,83,83,83,85,81,85,85,85,85,85,85,63,62,62,68,53,11,36,0,0],"gold":528,"neow_bonus":"RANDOM_COLORLESS_2","is_daily":false,"chose_seed":false,"campfire_upgraded":3,"win_rate":0.0,"timestamp":1608740178,"path_taken":["M","?","?","M","M","R","?","?","T","M","M","?","R","?","R","BOSS","M","?","?","M","M","NM","R","E"],"items_purchased_type":["Card"],"build_version":"2020-12-22","purchased_purges":1,"victory":false,"max_hp_per_floor":[80,85,85,85,85,85,85,85,85,85,85,85,85,85,85,85,85,85,85,85,85,85,85,85,85,85],"card_choices":[{"not_picked":["Secret Technique","hubris:EnhanceAbility"],"picked":"Replay:Dark Deal","floor":0},{"not_picked":["Clothesline","Sever Soul"],"picked":"Inflame","floor":1},{"not_picked":["Rupture","Thunderclap"],"picked":"infinitespire:OneForAll","floor":4},{"not_picked":["Clash","Massacre"],"picked":"Heavy Blade","floor":5},{"not_picked":["Bloodletting","Shrug It Off"],"picked":"Flame Barrier","floor":8},{"not_picked":["Replay:Undeath\u0027s Touch","Rampage"],"picked":"ReplayTheSpireMod:Strike From Hell","floor":10},{"not_picked":["Anger","Body Slam"],"picked":"Run Through","floor":11},{"not_picked":["Anger","Thunderclap"],"picked":"Limit Break","floor":12},{"not_picked":["Fiend Fire","Brutality"],"picked":"Berserk","floor":16},{"not_picked":["Bloodletting+1","Whirlwind"],"picked":"Armaments+1","floor":18},{"not_picked":["Shrug It Off","Second Wind"],"picked":"Heavy Blade","floor":19},{"not_picked":["Hemogenesis","Hemokinesis"],"picked":"Thunderclap","floor":21},{"not_picked":["Run Through","Warcry"],"picked":"Dark Embrace","floor":22},{"not_picked":["infinitespire:Oblivion","ReplayTheSpireMod:Chaos Vortex"],"picked":"ReplayTheSpireMod:Echoes of Time","floor":23},{"not_picked":["Cleave","Thunderclap"],"picked":"Flex+1","floor":23}],"player_experience":99391,"relics_obtained":[{"floor":3,"key":"hubris:SphereOfDissonance"},{"floor":9,"key":"hubris:Reverence"},{"floor":23,"key":"FossilizedHelix"},{"floor":23,"key":"infinitespire:Beetle Shell"}],"event_choices":[{"damage_healed":0,"gold_gain":0,"player_choice":"Donut","damage_taken":0,"max_hp_gain":5,"max_hp_loss":0,"event_name":"Big Fish","floor":2,"gold_loss":0},{"damage_healed":0,"gold_gain":0,"player_choice":"Trade","damage_taken":0,"relics_obtained":["SsserpentHead"],"max_hp_gain":0,"max_hp_loss":0,"event_name":"FaceTrader","floor":14,"gold_loss":0},{"damage_healed":0,"gold_gain":0,"player_choice":"Gave Potion","damage_taken":0,"relics_obtained":["Calipers"],"max_hp_gain":0,"max_hp_loss":0,"event_name":"WeMeetAgain","floor":20,"gold_loss":0}],"is_beta":false,"boss_relics":[{"not_picked":["conspire:SpecialSausage","Cursed Key"],"picked":"Black Star"}],"items_purged_floors":[7],"is_endless":true,"potions_floor_spawned":[5,11,16,19],"killed_by":"Replay:Snechameleon","ascension_level":0}}