{"host":"95wyl20yxqdpjbr6","time":1608743837,"event":{"mods":["2.2 Compatiblity","Act Like it!","BaseMod","Better Third Choice","BetterRewards","Colored Map","Conspire","Downfall","Gensokyo","Hallownest","Hermit","Highlight Path","Hubris","Infinite Spire","Jorbs\u0027s Wanderer Trilogy","Marisa????????","Minty Spire (QoL Compilation)","Rare Cards Sparkle","Replay The Spire","StSLib","The Construct","The Cursed","The Disciple","The Hierophant","The Runesmith"],"gold_per_floor":[109,109,123,137,137,137,194,217,217,235,252,266,45,58,58,58,58],"floor_reached":16,"playtime":1139,"items_purged":[],"score":94,"play_id":"464759c0-234a-4036-9d6d-7b6641c03cb8","local_time":"20201223181717","is_ascension_mode":false,"campfire_choices":[{"data":"Vault","floor":6,"key":"SMITH"}],"circlet_count":0,"master_deck":["Strike_P","Strike_P","Strike_P","Strike_P","Defend_P","Defend_P","Defend_P","Defend_P","Eruption","Vigilance","Vault+1","JustLucky","Halt","FlurryOfBlows","Seek","FollowUp","ClearTheMind","DevaForm","Replay:Battleflow","EmptyFist","Nirvana","SandsOfTime"],"relics":["PureWater","GremlinMask","Runesmith:AutoHammer","Replay:Multitool","Odd Mushroom","Chameleon Ring","Omamori"],"acts_visited":["Exordium"],"potions_floor_usage":[3,8,14],"damage_taken":[{"damage":2,"enemies":"Small Slimes","floor":1,"turns":4},{"damage":0,"enemies":"Cultist","floor":3,"turns":2},{"damage":2,"enemies":"conspire:RoseBush","floor":4,"turns":3},{"damage":16,"enemies":"Gremlin Nob","floor":7,"turns":4},{"damage":2,"enemies":"The Mushroom Lair","floor":8,"turns":4},{"damage":0,"enemies":"Looter","floor":10,"turns":3},{"damage":2,"enemies":"2 Fungi Beasts","floor":11,"turns":5},{"damage":5,"enemies":"Exordium Wildlife","floor":12,"turns":4},{"damage":2,"enemies":"Exordium Thugs","floor":14,"turns":7},{"damage":2008,"enemies":"Fading Forest","floor":16,"turns":7}],"seed_played":"1618662719574674957","potions_obtained":[{"floor":1,"key":"ColorlessPotion"},{"floor":7,"key":"SteroidPotion"},{"floor":10,"key":"Flashbang"},{"floor":15,"key":"conspire:TimeTravelPotion"},{"floor":15,"key":"FairyPotion"}],"is_trial":false,"path_per_floor":["M","?","M","M","?","R","?","?","T","M","M","M","$","M","R","B"],"character_chosen":"WATCHER","items_purchased":["Omamori","Nirvana"],"campfire_rested":0,"item_purchase_floors":[13,13],"current_hp_per_floor":[70,70,70,68,60,60,44,42,42,42,40,35,35,33,33,0,0],"gold":58,"neow_bonus":"ONE_RANDOM_RARE_CARD","is_daily":false,"chose_seed":false,"campfire_upgraded":1,"win_rate":0.0,"timestamp":1608743837,"path_taken":["M","?","?","M","?","R","?","?","T","?","M","M","?","M","R","BOSS"],"items_purchased_type":["Relic","Card"],"build_version":"2020-12-22","purchased_purges":0,"victory":false,"max_hp_per_floor":[72,72,72,72,72,72,72,72,72,72,72,72,72,72,72,72,72],"card_choices":[{"not_picked":["Replay:BluntJabs","Replay:DivineShield"],"picked":"JustLucky","floor":1},{"not_picked":["ThirdEye","Sanctity"],"picked":"Halt","floor":3},{"not_picked":["ThirdEye","WaveOfTheHand"],"picked":"FlurryOfBlows","floor":4},{"not_picked":["JustLucky","EmptyBody"],"picked":"FollowUp","floor":7},{"not_picked":["DeceiveReality","SashWhip"],"picked":"ClearTheMind","floor":8},{"not_picked":["BowlingBash","Halt"],"picked":"DevaForm","floor":10},{"not_picked":["Crescendo","Sanctity"],"picked":"Replay:Battleflow","floor":11},{"not_picked":["Crescendo","Replay:AtTheReady"],"picked":"EmptyFist","floor":12},{"not_picked":["Halt","WheelKick"],"picked":"SandsOfTime","floor":14}],"player_experience":498487,"relics_obtained":[{"floor":7,"key":"Replay:Multitool"},{"floor":8,"key":"Odd Mushroom"},{"floor":9,"key":"Chameleon Ring"}],"event_choices":[{"damage_healed":0,"gold_gain":0,"player_choice":"Trade","damage_taken":0,"relics_obtained":["GremlinMask"],"max_hp_gain":0,"max_hp_loss":0,"event_name":"FaceTrader","floor":2,"gold_loss":0},{"damage_healed":0,"gold_gain":0,"player_choice":"Searched \u00271\u0027 times","damage_taken":0,"max_hp_gain":0,"max_hp_loss":0,"event_name":"Dead Adventurer","floor":7,"gold_loss":0},{"damage_healed":0,"gold_gain":0,"player_choice":"Fought Mushrooms","damage_taken":0,"max_hp_gain":0,"max_hp_loss":0,"event_name":"Mushrooms","floor":8,"gold_loss":0}],"is_beta":false,"boss_relics":[],"items_purged_floors":[],"is_endless":false,"potions_floor_spawned":[1,7,10],"killed_by":"Fading Forest","ascension_level":0}}