{"host":"utqe55yv0jihe4d6","time":1608690762,"event":{"mods":["2.2 Compatiblity","AchievementEnabler","BaseMod","Block Reminder","Colored Map","Colored Powertips","Minty Spire (QoL Compilation)","Quick Restart","Rare Cards Sparkle","Relic Stats","SuperFastMode"],"gold_per_floor":[113,123,16,30,30,30,0,0,26,65,77,119,164,188,200,283,295,321,333,5,5,5,5,34,34,34,34,34,34,34],"floor_reached":29,"playtime":690,"items_purged":["Strike_G","Strike_G"],"score":490,"play_id":"ea93bbcb-db48-4846-8ea6-162208d27ea9","local_time":"20201222213242","is_ascension_mode":true,"campfire_choices":[{"data":"Dagger Spray","floor":6.0,"key":"SMITH"},{"data":"Neutralize","floor":8.0,"key":"SMITH"},{"data":"Cloak And Dagger","floor":15,"key":"SMITH"},{"floor":23,"key":"REST"},{"data":"Envenom","floor":25,"key":"SMITH"},{"data":"Skewer","floor":27,"key":"SMITH"}],"circlet_count":0,"master_deck":["AscendersBane","Strike_G+1","Defend_G+1","Defend_G+1","Defend_G+1","Defend_G+1","Defend_G+1","Survivor","Neutralize+1","CurseOfTheBell","Endless Agony","Dagger Spray+1","Blade Dance","Dagger Throw","Escape Plan","Cloak And Dagger+1","Envenom+1","Skewer+1","Necronomicurse","Footwork","Dagger Spray","Corpse Explosion"],"relics":["Calling Bell","Smiling Mask","Letter Opener","Lizard Tail","Tough Bandages","MawBank","Lantern","Vajra","SlaversCollar","Necronomicon","Frozen Eye","Nunchaku","Matryoshka"],"acts_visited":["Exordium","TheCity"],"potions_floor_usage":[13,13,16,18,24,29],"damage_taken":[{"damage":1.0,"enemies":"Cultist","floor":1.0,"turns":5.0},{"damage":5.0,"enemies":"2 Louse","floor":2.0,"turns":3.0},{"damage":4.0,"enemies":"Small Slimes","floor":4.0,"turns":5.0},{"damage":1.0,"enemies":"Looter","floor":7.0,"turns":4.0},{"damage":23.0,"enemies":"3 Sentries","floor":10.0,"turns":9.0},{"damage":20,"enemies":"Lagavulin","floor":13,"turns":4},{"damage":6,"enemies":"Large Slime","floor":14,"turns":4},{"damage":20,"enemies":"The Guardian","floor":16,"turns":14},{"damage":3,"enemies":"2 Thieves","floor":18,"turns":4},{"damage":14,"enemies":"Slavers","floor":24,"turns":4},{"damage":20,"enemies":"Book of Stabbing","floor":29,"turns":2}],"seed_played":"5488244489299694232","potions_obtained":[{"floor":1.0,"key":"Dexterity Potion"},{"floor":10.0,"key":"SteroidPotion"},{"floor":13,"key":"Energy Potion"},{"floor":14,"key":"PowerPotion"},{"floor":16,"key":"Fire Potion"}],"is_trial":false,"path_per_floor":["M","M","$","M","T","R","M","R","T","E","?","?","E","M","R","B",null,"M","?","$","?","?","R","E","R","T","R","?","E"],"character_chosen":"THE_SILENT","items_purchased":["FearPotion","Footwork","Frozen Eye","AttackPotion"],"campfire_rested":1,"item_purchase_floors":[3,20,20,20],"current_hp_per_floor":[58,53,53,49,49,49,48,48,48,25,25,25,5,33,33,13,53,50,29,29,29,29,48,34,34,34,34,16,0,0],"gold":34,"neow_bonus":"BOSS_RELIC","is_daily":false,"chose_seed":false,"campfire_upgraded":5,"win_rate":0.0,"timestamp":1608690762,"path_taken":["M","M","$","M","?","R","?","R","T","E","?","?","E","M","R","BOSS","M","?","$","?","?","R","E","R","T","R","?","E"],"items_purchased_type":["Potion","Card","Relic","Potion"],"build_version":"2020-12-13","purchased_purges":2,"victory":false,"max_hp_per_floor":[66,66,66,66,66,66,66,66,66,66,66,66,66,66,66,66,66,66,66,66,66,66,66,66,66,66,66,71,71,71],"relic_stats":{"Lizard Tail":33,"Tough Bandages":[36],"Nunchaku":[1],"counters":[11,58],"Necronomicon":[2],"Letter Opener":[90],"Smiling Mask":75,"MawBank":132,"obtain_stats":[{"Lantern":10,"Vajra":13,"Letter Opener":0,"Smiling Mask":0,"MawBank":9,"Calling Bell":0,"SlaversCollar":17,"Frozen Eye":20,"Lizard Tail":0,"Tough Bandages":5,"Nunchaku":24,"Matryoshka":26,"Necronomicon":19,"Ring of the Snake":0},{"Lantern":5,"Vajra":6,"Letter Opener":0,"Smiling Mask":0,"MawBank":4,"Calling Bell":0,"SlaversCollar":8,"Frozen Eye":9,"Lizard Tail":0,"Tough Bandages":3,"Nunchaku":10,"Matryoshka":10,"Necronomicon":9,"Ring of the Snake":0},{"Lantern":26,"Vajra":30,"Letter Opener":0,"Smiling Mask":0,"MawBank":17,"Calling Bell":0,"SlaversCollar":48,"Frozen Eye":52,"Lizard Tail":0,"Tough Bandages":13,"Nunchaku":56,"Matryoshka":56,"Necronomicon":52,"Ring of the Snake":0}]},"card_choices":[{"not_picked":["Catalyst","Bane"],"picked":"Endless Agony","floor":1.0},{"not_picked":["Deflect","Choke","Endless Agony"],"picked":"SKIP","floor":2.0},{"not_picked":["PiercingWail","Flying Knee"],"picked":"Dagger Spray","floor":4.0},{"not_picked":["Footwork","A Thousand Cuts"],"picked":"Blade Dance","floor":7.0},{"not_picked":["Distraction","Bane"],"picked":"Dagger Throw","floor":10.0},{"not_picked":["Outmaneuver","Dodge and Roll"],"picked":"Escape Plan","floor":13},{"not_picked":["Masterful Stab","Flechettes"],"picked":"Cloak And Dagger","floor":14},{"not_picked":["Storm of Steel","Die Die Die"],"picked":"Envenom","floor":16},{"not_picked":["Quick Slash","Bane"],"picked":"Skewer","floor":18},{"not_picked":["Skewer","Dagger Spray","Setup"],"picked":"SKIP","floor":24}],"player_experience":2835401,"relics_obtained":[{"floor":0.0,"key":"Smiling Mask"},{"floor":0.0,"key":"Letter Opener"},{"floor":0.0,"key":"Lizard Tail"},{"floor":5.0,"key":"Tough Bandages"},{"floor":9.0,"key":"MawBank"},{"floor":10.0,"key":"Lantern"},{"floor":13,"key":"Vajra"},{"floor":19,"key":"Necronomicon"},{"floor":24,"key":"Nunchaku"},{"floor":26,"key":"Matryoshka"}],"event_choices":[{"damage_healed":0.0,"max_hp_gain":0.0,"max_hp_loss":0.0,"gold_gain":0.0,"event_name":"Liars Game","player_choice":"Ignored","floor":11.0,"gold_loss":0.0,"damage_taken":0.0},{"damage_healed":0.0,"max_hp_gain":0.0,"max_hp_loss":0.0,"gold_gain":30.0,"event_name":"Dead Adventurer","player_choice":"Searched \u00271\u0027 times","floor":12.0,"gold_loss":0.0,"damage_taken":0.0},{"damage_healed":0,"gold_gain":0,"player_choice":"Obtained Book","damage_taken":21,"max_hp_gain":0,"max_hp_loss":0,"event_name":"Cursed Tome","floor":19,"gold_loss":0},{"damage_healed":0,"gold_gain":0,"cards_transformed":["Strike_G","Strike_G"],"player_choice":"Became Test Subject","damage_taken":0,"max_hp_gain":0,"max_hp_loss":0,"event_name":"Drug Dealer","floor":21,"gold_loss":0,"cards_obtained":["Dagger Spray","Corpse Explosion"]},{"damage_healed":0,"gold_gain":0,"player_choice":"Simplicity","damage_taken":0,"max_hp_gain":0,"max_hp_loss":0,"event_name":"Back to Basics","floor":22,"gold_loss":0,"cards_upgraded":["Strike_G","Defend_G","Defend_G","Defend_G","Defend_G","Defend_G"]},{"damage_healed":0,"gold_gain":0,"player_choice":"Shed Blood","damage_taken":23,"max_hp_gain":5,"max_hp_loss":0,"event_name":"Forgotten Altar","floor":28,"gold_loss":0}],"is_beta":false,"boss_relics":[{"not_picked":["Tiny House","Sozu"],"picked":"SlaversCollar"}],"items_purged_floors":[3,20],"is_endless":false,"potions_floor_spawned":[1,10,13,14,16],"killed_by":"Book of Stabbing","ascension_level":20}}