{"host":"raai0vtvcfkt8csp","time":1608733856,"event":{"mods":["2.2 Compatiblity","AchievementEnabler","BaseMod","Block Reminder","DeckTracker","Defective Defect","GifTheSpireLib","Minty Spire (QoL Compilation)","Quick Restart","Random Character Button","Rare Cards Sparkle","StSLib","Unceasing Turn Reminder"],"gold_per_floor":[118,134,153,172,190,190,217,217,241,241,241,261,286,286,286,386,386,406,425,445,544,544,576,576,607,633,633,633],"floor_reached":27,"playtime":1187,"items_purged":[],"score":276,"play_id":"0c2e54e4-27d3-4fcc-ad52-b2870e081f5b","local_time":"20201223153056","is_ascension_mode":true,"campfire_choices":[{"data":"Armaments","floor":6,"key":"SMITH"},{"floor":10,"key":"REST"},{"floor":15,"key":"RECALL"},{"floor":24,"key":"REST"}],"circlet_count":0,"master_deck":["Strike_R","Strike_R","Strike_R","Strike_R","Strike_R","Defend_R","Defend_R","Defend_R","Defend_R","Bash","Twin Strike","Armaments+1","Dark Embrace","Evolve","Cleave","Fire Breathing","Iron Wave","Uppercut","Juggernaut","Headbutt+1","Wild Strike+1"],"relics":["Burning Blood","Juzu Bracelet","PreservedInsect","Happy Flower","Busted Crown","Nloth\u0027s Gift","Mercury Hourglass","Bird Faced Urn"],"acts_visited":["Exordium","TheCity"],"potions_floor_usage":[5,12,16,23,23,25,27],"damage_taken":[{"damage":5,"enemies":"Cultist","floor":1,"turns":4},{"damage":0,"enemies":"2 Louse","floor":2,"turns":4},{"damage":2,"enemies":"Small Slimes","floor":3,"turns":4},{"damage":25,"enemies":"Gremlin Gang","floor":4,"turns":7},{"damage":6,"enemies":"Exordium Wildlife","floor":5,"turns":4},{"damage":27,"enemies":"3 Sentries","floor":7,"turns":11},{"damage":0,"enemies":"Looter","floor":12,"turns":3},{"damage":15,"enemies":"Gremlin Nob","floor":13,"turns":4},{"damage":66,"enemies":"Hexaghost","floor":16,"turns":12},{"damage":18,"enemies":"Spheric Guardian","floor":18,"turns":5},{"damage":13,"enemies":"Shell Parasite","floor":19,"turns":6},{"damage":29,"enemies":"Cultist and Chosen","floor":20,"turns":7},{"damage":21,"enemies":"Slavers","floor":23,"turns":3},{"damage":40,"enemies":"Book of Stabbing","floor":25,"turns":5},{"damage":36,"enemies":"Centurion and Healer","floor":27,"turns":3}],"seed_played":"321483422002857164","potions_obtained":[{"floor":1,"key":"Swift Potion"},{"floor":4,"key":"Weak Potion"},{"floor":5,"key":"Weak Potion"},{"floor":13,"key":"Fire Potion"},{"floor":16,"key":"ColorlessPotion"},{"floor":18,"key":"FearPotion"},{"floor":23,"key":"ColorlessPotion"}],"is_trial":false,"path_per_floor":["M","M","M","M","M","R","E","?","T","R","?","M","E","?","R","B",null,"M","M","M","?","?","E","R","E","T","M"],"character_chosen":"IRONCLAD","items_purchased":[],"campfire_rested":2,"item_purchase_floors":[],"current_hp_per_floor":[88,88,88,69,69,69,48,45,45,71,71,77,68,73,73,13,93,81,74,51,51,51,36,63,29,29,0,0],"gold":633,"neow_bonus":"TEN_PERCENT_HP_BONUS","is_daily":false,"chose_seed":false,"campfire_upgraded":1,"win_rate":0.0,"timestamp":1608733856,"path_taken":["M","M","M","M","M","R","E","?","T","R","?","M","E","?","R","BOSS","M","M","M","?","?","E","R","E","T","M"],"items_purchased_type":[],"build_version":"2020-12-22","purchased_purges":0,"victory":false,"max_hp_per_floor":[88,88,88,88,88,88,88,88,88,88,88,88,88,93,93,93,93,93,93,93,93,93,93,93,93,93,93,93],"card_choices":[{"not_picked":["Sentinel","Clash"],"picked":"Twin Strike","floor":1},{"not_picked":["Sword Boomerang","Warcry"],"picked":"Armaments","floor":2},{"not_picked":["Clash","Ghostly Armor"],"picked":"Dark Embrace","floor":3},{"not_picked":["Havoc","Offering"],"picked":"Evolve","floor":4},{"not_picked":["Hemokinesis","Warcry"],"picked":"Cleave","floor":5},{"not_picked":["Burning Pact","Armaments"],"picked":"Fire Breathing","floor":7},{"not_picked":["Headbutt","Twin Strike"],"picked":"Iron Wave","floor":12},{"not_picked":["Headbutt","Twin Strike"],"picked":"Uppercut","floor":13},{"not_picked":["Brutality","Bludgeon"],"picked":"Juggernaut","floor":16},{"not_picked":["Flex"],"picked":"SKIP","floor":18},{"not_picked":["Flex"],"picked":"SKIP","floor":19},{"not_picked":[],"picked":"Headbutt+1","floor":20},{"not_picked":["Twin Strike"],"picked":"SKIP","floor":23},{"not_picked":[],"picked":"Wild Strike+1","floor":25}],"player_experience":429011,"relics_obtained":[{"floor":7,"key":"Juzu Bracelet"},{"floor":9,"key":"Lantern"},{"floor":13,"key":"Happy Flower"},{"floor":23,"key":"Mercury Hourglass"},{"floor":25,"key":"Bird Faced Urn"}],"event_choices":[{"damage_healed":0,"gold_gain":0,"player_choice":"Success","damage_taken":3,"relics_obtained":["PreservedInsect"],"max_hp_gain":0,"max_hp_loss":0,"event_name":"Scrap Ooze","floor":8,"gold_loss":0},{"damage_healed":0,"gold_gain":0,"player_choice":"Leave","damage_taken":0,"max_hp_gain":0,"max_hp_loss":0,"event_name":"The Cleric","floor":11,"gold_loss":0},{"damage_healed":0,"gold_gain":0,"player_choice":"Donut","damage_taken":0,"max_hp_gain":5,"max_hp_loss":0,"event_name":"Big Fish","floor":14,"gold_loss":0},{"damage_healed":0,"gold_gain":99,"player_choice":"Stole From Cult","damage_taken":0,"max_hp_gain":0,"max_hp_loss":0,"event_name":"Nest","floor":21,"gold_loss":0},{"damage_healed":0,"gold_gain":0,"player_choice":"Traded Relic","damage_taken":0,"relics_obtained":["Nloth\u0027s Gift"],"max_hp_gain":0,"max_hp_loss":0,"event_name":"N\u0027loth","floor":22,"relics_lost":["Lantern"],"gold_loss":0}],"is_beta":false,"boss_relics":[{"not_picked":["Philosopher\u0027s Stone","Runic Cube"],"picked":"Busted Crown"}],"items_purged_floors":[],"is_endless":false,"potions_floor_spawned":[1,4,5,13,16,18,23],"killed_by":"Centurion and Healer","ascension_level":1}}