{"host":"li2oyy8xcjugrjw6","time":1608706240,"event":{"mods":["AchievementEnabler","BaseMod","Colored Map","Minty Spire (QoL Compilation)","Permanent Neow","Replay The Spire","StSLib"],"gold_per_floor":[118,134,84,135,210,210,210,210],"floor_reached":7,"playtime":190,"items_purged":[],"score":59,"play_id":"765e1062-8534-4ead-957c-81541bd2986e","local_time":"20201222225040","is_ascension_mode":true,"campfire_choices":[{"data":"ReplayTheSpireMod:GoodbyeWorld","floor":6,"key":"SMITH"}],"circlet_count":0,"master_deck":["AscendersBane","Strike_B","Strike_B","Strike_B","Defend_B","Defend_B","Defend_B","Defend_B","Zap","Dualcast","Darkness","Double Energy","ReplayTheSpireMod:GoodbyeWorld+1"],"relics":["Cracked Core","Ice Cream","ReplayTheSpireMod:Shallot"],"acts_visited":["Exordium"],"potions_floor_usage":[2,7],"damage_taken":[{"damage":2,"enemies":"Jaw Worm","floor":1,"turns":3},{"damage":9,"enemies":"2 Louse","floor":2,"turns":2},{"damage":37,"enemies":"Gremlin Nob","floor":7,"turns":3}],"seed_played":"-8770240151619539153","potions_obtained":[{"floor":1,"key":"SneckoOil"},{"floor":4,"key":"Regen Potion"}],"is_trial":false,"path_per_floor":["M","M","?","?","?","R","E"],"character_chosen":"DEFECT","items_purchased":[],"campfire_rested":0,"item_purchase_floors":[],"current_hp_per_floor":[66,57,57,30,19,19,0,0],"gold":210,"neow_bonus":"ONE_RARE_RELIC","is_daily":false,"chose_seed":false,"campfire_upgraded":1,"win_rate":0.0,"timestamp":1608706240,"path_taken":["M","M","?","?","?","R","E"],"items_purchased_type":[],"build_version":"2020-12-22","purchased_purges":0,"victory":false,"max_hp_per_floor":[68,68,68,68,68,68,68,68],"card_choices":[{"not_picked":["Cold Snap","Steam"],"picked":"Darkness","floor":1},{"not_picked":["Steam","Barrage"],"picked":"Double Energy","floor":2},{"not_picked":["Conserve Battery","Skim"],"picked":"ReplayTheSpireMod:GoodbyeWorld","floor":4}],"player_experience":961101,"relics_obtained":[{"floor":4,"key":"ReplayTheSpireMod:Shallot"}],"event_choices":[{"cards_removed":["Strike_B"],"damage_healed":0,"gold_gain":0,"player_choice":"Card Removal","damage_taken":0,"max_hp_gain":0,"max_hp_loss":0,"event_name":"The Cleric","floor":3,"gold_loss":50},{"damage_healed":0,"gold_gain":75,"player_choice":"Gather Gold","damage_taken":11,"max_hp_gain":0,"max_hp_loss":0,"event_name":"World of Goop","floor":5,"gold_loss":0}],"is_beta":false,"boss_relics":[],"items_purged_floors":[],"is_endless":false,"potions_floor_spawned":[1],"killed_by":"Gremlin Nob","ascension_level":10}}