{"host":"ymw71f7rc9ndansy","time":1608698998,"event":{"mods":["ATMod(°¢èªMod)","Act Like it!","Aspiration","BaseMod","DeckTracker","Hubris","Library of Ruina","Library of Ruina Extra","Minty Spire (QoL Compilation)","MostiFishMod","Remove Card Discount Mod","Replay The Spire","StSLib","TestMod","¡¾ÒÅÎï¿¨ÅÆ¡¿REMEMod"],"gold_per_floor":[110,127,119,138,138,168,168,202,239,263,275,307,336,381,393,480,492,522,547,559,779,7,34,34,34,87,81,95,95,55,90,90,163,163,177,195,43,53,70,70,100,96,146,56,56,67,81,111,111,111,111,111,111,111,140,140],"floor_reached":57,"playtime":1304,"items_purged":["LightDefense","Dodge","FocusedStrikes","LightAttack","LightAttack","LightAttack","Spreading Infection","hubris:Lust","ReplayTheSpireMod:Splinters","LightDefense","LightDefense","ChargeAndCover","Doubt","Diversion","TendonChords+1","GaleKick","REME_BuildACard+1","LightDefense+1"],"score":2732,"play_id":"1399bdf7-7d70-4bcf-841d-8b6fc37ed655","local_time":"20201223124958","is_ascension_mode":true,"campfire_choices":[{"data":"TendonChords","floor":11,"key":"SMITH"},{"data":"Reload","floor":15,"key":"SMITH"},{"data":"REME_BuildACard","floor":24,"key":"SMITH"},{"data":"Adrenaline","floor":29,"key":"SMITH"},{"data":"EmotionalTurbulence","floor":32,"key":"SMITH"},{"floor":40,"key":"RECALL"},{"data":"AT_EmpoweredMortalDraw","floor":45,"key":"SMITH"},{"data":"ViolentFlame","floor":49,"key":"SMITH"},{"data":"FieryWaltz","floor":53,"key":"SMITH"}],"circlet_count":0,"master_deck":["AscendersBane","AT_ShadowStep","Adrenaline+1","Reload+1","Suppress","FrontalAssault","Reload+1","UnforgettableMelody","AT_EmpoweredMortalDraw+1","AlloutWar+1","ChargeUp+1","Reload+1","EmotionalTurbulence+1","FervidEmotions+1","FieryWaltz+1","ViolentFlame+1","Reload+1","SinglePointStab"],"relics":["PageOfLibrarian","testmod-TestBox","DaveBox","REME_ComplimentaryCards","AT_ATBox","PatriotShield","testmod-StringDisintegrator","Unceasing Top","PageOfAspirationHeart","MawBank","AT_RedTearstoneRing","Oddly Smooth Stone","AT_MortalBlade","testmod-Laevatain","testmod-AssaultLearning","Replay:Bottled Eggs","hubris:SlimyHat","ReplayTheSpireMod:CursedCoin","BionicSphere","hubris:Metronome","REME_HandOfSuture","AT_GreenNoBalance","PageOfUniverseFragment"],"acts_visited":["Exordium","TheCity","TheBeyond","TheEnding"],"potions_floor_usage":[],"damage_taken":[{"damage":0,"enemies":"Cultist","floor":1,"turns":1},{"damage":0,"enemies":"Small Slimes","floor":2,"turns":1},{"damage":0,"enemies":"Jaw Worm","floor":4,"turns":1},{"damage":0,"enemies":"3 Sentries","floor":6,"turns":1},{"damage":0,"enemies":"Replay:BlueRogue","floor":8,"turns":1},{"damage":0,"enemies":"Exordium Wildlife","floor":10,"turns":1},{"damage":0,"enemies":"3 Louse","floor":12,"turns":1},{"damage":0,"enemies":"Blue Slaver","floor":13,"turns":1},{"damage":0,"enemies":"Lagavulin","floor":14,"turns":1},{"damage":0,"enemies":"Hexaghost","floor":16,"turns":1},{"damage":0,"enemies":"Spheric Guardian","floor":18,"turns":1},{"damage":0,"enemies":"2 Thieves","floor":19,"turns":1},{"damage":0,"enemies":"Slavers","floor":23,"turns":1},{"damage":0,"enemies":"Shelled Parasite and Fungi","floor":28,"turns":1},{"damage":0,"enemies":"Book of Stabbing","floor":31,"turns":2},{"damage":0,"enemies":"hubris:MusketHawk","floor":33,"turns":1},{"damage":0,"enemies":"3 Darklings","floor":35,"turns":1},{"damage":0,"enemies":"3 Shapes","floor":36,"turns":1},{"damage":0,"enemies":"Jaw Worm Horde","floor":38,"turns":1},{"damage":0,"enemies":"Sphere and 2 Shapes","floor":39,"turns":1},{"damage":0,"enemies":"R_Hoarder","floor":41,"turns":1},{"damage":0,"enemies":"Maw","floor":44,"turns":1},{"damage":0,"enemies":"Transient","floor":46,"turns":1},{"damage":0,"enemies":"3 Darklings","floor":47,"turns":1},{"damage":0,"enemies":"Reptomancer","floor":48,"turns":1},{"damage":0,"enemies":"Donu and Deca","floor":50,"turns":2},{"damage":0,"enemies":"Shield and Spear","floor":55,"turns":1},{"damage":0,"enemies":"The Heart","floor":56,"turns":3}],"seed_played":"3078689141732926149","potions_obtained":[{"floor":2,"key":"Weak Potion"},{"floor":4,"key":"Adrenaline Potion"},{"floor":48,"key":"EntropicBrew"}],"is_trial":false,"path_per_floor":["M","M","$","M","?","E","?","E","T","M","R","M","M","E","R","B",null,"M","M","?","?","$","E","R","?","T","$","M","R","?","E","R","B",null,"M","M","$","M","M","R","E","$","T","M","R","M","M","E","R","B",null,null,"R","$","E","B",null],"character_chosen":"Librarian","items_purchased":["testmod-Laevatain","ChargeUp","testmod-AssaultLearning","REME_BuildACard","ReplayTheSpireMod:CursedCoin","BionicSphere"],"campfire_rested":0,"item_purchase_floors":[22,22,22,22,37,37],"current_hp_per_floor":[54,54,54,54,38,38,38,44,44,44,44,44,44,50,50,56,75,75,48,48,48,48,48,48,48,48,48,48,48,48,51,51,54,160,48,48,48,48,48,48,48,48,48,48,48,48,48,48,48,97,97,171,171,171,97,48],"gold":140,"neow_bonus":"ONE_RARE_RELIC","is_daily":false,"chose_seed":false,"campfire_upgraded":8,"win_rate":0.0,"timestamp":1608698998,"path_taken":["M","M","$","?","?","E","?","E","T","M","R","M","M","E","R","BOSS","M","M","?","?","$","E","R","?","T","?","M","R","?","E","R","BOSS","M","M","$","M","M","R","E","$","T","M","R","M","M","E","R","BOSS","R","$","E","BOSS"],"items_purchased_type":["Relic","Card","Relic","Card","Relic","Relic"],"build_version":"2020-12-13","purchased_purges":18,"victory":true,"max_hp_per_floor":[54,81,81,81,81,81,81,81,81,81,81,81,81,81,81,81,81,195,195,195,195,195,195,195,195,195,195,195,195,195,195,195,195,195,195,195,195,195,195,195,195,195,195,195,195,195,195,195,195,195,195,195,195,195,195,195],"card_choices":[{"not_picked":["BackAttack","SunsetBlade","Transpierce","AsThePrescriptOrders","UncannyStrike","MindPrepared","Faith","Rewind"],"picked":"Diversion","floor":1},{"not_picked":["HiddenBlade","DarkCloud","StructuralAnalysis","AutonomousRush","MindPrepared","MultiHit","Leap_lor","QuickAttack","Unlock1"],"picked":"SKIP","floor":2},{"not_picked":["HiddenBlade","DarkCloud","StructuralAnalysis","AutonomousRush","MindPrepared","MultiHit","Leap_lor","QuickAttack","Unlock1"],"picked":"SKIP","floor":2},{"not_picked":["Wallop_lor","UnavoidableGaze","AsThePrescriptOrders","StrongStrike","ScratchThat","ScatteringSlash","Diversion","Quickness"],"picked":"Reload","floor":4},{"not_picked":["WillBeTasty","NonstopAssault","Gamble","Outburst","Wallop_lor","FlashOfSunup","EnergyCycle","DestructiveImpact","KeepItFresh"],"picked":"SKIP","floor":6},{"not_picked":["Parry","SmokingPipe","HighKick","FleetEdge","UpbeatPerformance","SpearedSweep","MultiBlock","FocusFire"],"picked":"GaleKick","floor":8},{"not_picked":["Fence","UnavoidableGaze","AsThePrescriptOrders","FeatherShield","DesperateStruggle","Diversion","YourShield","WillOfThePrescript"],"picked":"Suppress","floor":10},{"not_picked":["EndlessBattle","DirtyBlow","HandleRequest","Crush","InhaleSmoke","GuardingStance","SinglePointStab","EnergyCycle"],"picked":"FrontalAssault","floor":12},{"not_picked":["Standoff","NightInTheBackstreets","DefenseOrder","SpearedSweep","Mutilate","PreemptiveStrike","ScratchThat","FierceCharge"],"picked":"Reload","floor":13},{"not_picked":["MultiBlock","Punishment","Pound","NightInTheBackstreets","Diversion","Thirst","Faith","InnerArdor","FleetEdge"],"picked":"SKIP","floor":14},{"not_picked":["Suppress","TieShanKao"],"picked":"UnforgettableMelody","floor":16},{"not_picked":["Tailoring","DriedUp","SinglePointStab","ClassAndRespect","TendonChords","Unlock1","DesperateStruggle","AsThePrescriptOrders","HiddenBlade"],"picked":"SKIP","floor":18},{"not_picked":["Transpierce","HiddenBlade","CutIn","SunsetBlade","BlowItUp","SomberProcuration","UndertakePrescript","InkOver","TendonChords+1"],"picked":"SKIP","floor":19},{"not_picked":["Crush","NightInTheBackstreets","BackAttack","FrontalAssault","StructuralAnalysis","Pound","Outburst","DesperateStruggle"],"picked":"AlloutWar+1","floor":21},{"not_picked":["CrackOfDawn","GaleKick+1","HeavyPeaks","Pound","FeatherShield","DimensionalRift","StructuralAnalysis","Quickness"],"picked":"Reload","floor":23},{"not_picked":["FieryWaltz","RipSpace","SparkingSpear","SpearedSweep","BiteOff","MultiHit+1","Leap_lor","StructuralAnalysis","DriedUp"],"picked":"SKIP","floor":28},{"not_picked":["EnergyConversion","PreemptiveStrike","SunsetBlade","AutonomousRush","GuidanceOfTheGears","Collision","Marionette","ShockingBlow"],"picked":"EmotionalTurbulence","floor":31},{"not_picked":["ExtremeEdge","DriedUp","EnergyShield","StrongStrike","Parry","DesperateStruggle","EnergyCycle","GuidanceOfTheGears","Faith"],"picked":"SKIP","floor":35},{"not_picked":["EndlessBattle","EnergyCycle","FierceCharge","TasteMyFlamingBat","ViolentFlame+1","PreemptiveStrike","Creak","DarkCloud+1","UpbeatPerformance+1"],"picked":"SKIP","floor":36},{"not_picked":["QuickAttack","Collision","SharpSwipe","TasteMyFlamingBat","FeelinGood+1","Unlock1+1","DarkCloud","Crush","ViolentFlame"],"picked":"SKIP","floor":38},{"not_picked":["StrongStrike+1","MultiBlock","SuppressingShot","ChopItOff","Diversion+1","HiddenBlade+1","ClassAndRespect","Thrust"],"picked":"FervidEmotions+1","floor":39},{"not_picked":["EnergyCycle+1","FleetFootsteps+1","QuickAttack","StrongStrike","GoinFirst","Decapitation","BackstreetsDash","DefenseOrder"],"picked":"FieryWaltz","floor":41},{"not_picked":["ForcefulGesture+1","EnergyShield","Rewind","StructuralAnalysis","TraceOfFumes","QuickAttack","UpbeatPerformance+1","GuidanceOfTheGears+1","EmotionalTurbulence"],"picked":"SKIP","floor":44},{"not_picked":["BackAttack","SinglePointStab","EnergyCycle+1","HandlingWork","FeatherShield","FleetEdge+1","TasteMyFlamingBat","AsThePrescriptOrders+1","ElectricShock"],"picked":"SKIP","floor":46},{"not_picked":["SinglePointStab","LoosenUp","UpbeatPerformance+1","HiddenBlade","IngredientHunt","GutHarvesting","SpearedSweep","SparkingSpear+1"],"picked":"ViolentFlame","floor":47},{"not_picked":["HandleRequest","SuppressingShot","BackAttack+1","TendonChords","DefenseOrder+1","CombatPreparation","MultiHit","Unlock1"],"picked":"Reload","floor":48},{"not_picked":["SweepTheBackstreets","Bvapour+1","NightInTheBackstreets","FrontalAssault+1","UpbeatPerformance","Unlock1+1","DaringDecision","HighKick"],"picked":"SinglePointStab","floor":55}],"player_experience":965434,"relics_obtained":[{"floor":6,"key":"PageOfAspirationHeart"},{"floor":8,"key":"MawBank"},{"floor":9,"key":"AT_RedTearstoneRing"},{"floor":14,"key":"Oddly Smooth Stone"},{"floor":23,"key":"Replay:Bottled Eggs"},{"floor":31,"key":"hubris:SlimyHat"},{"floor":41,"key":"hubris:Metronome"},{"floor":43,"key":"REME_HandOfSuture"},{"floor":48,"key":"AT_SilverBalance"},{"floor":55,"key":"PageOfUniverseFragment"}],"event_choices":[{"damage_healed":0,"gold_gain":0,"player_choice":"Entered Light","damage_taken":16,"max_hp_gain":0,"max_hp_loss":0,"event_name":"Shining Light","floor":5,"gold_loss":0,"cards_upgraded":["LightDefense","Reload"]},{"damage_healed":0,"gold_gain":0,"player_choice":"Ignored","damage_taken":0,"max_hp_gain":0,"max_hp_loss":0,"event_name":"Beggar","floor":20,"gold_loss":0},{"damage_healed":0,"gold_gain":0,"player_choice":"Ignored","damage_taken":0,"max_hp_gain":0,"max_hp_loss":0,"event_name":"Vampires","floor":25,"gold_loss":0},{"damage_healed":0,"gold_gain":0,"player_choice":"Upgrade","damage_taken":0,"max_hp_gain":0,"max_hp_loss":0,"event_name":"Designer","floor":30,"gold_loss":40,"cards_upgraded":["ChargeUp"]}],"is_beta":false,"boss_relics":[{"not_picked":["Kintsugi","Replay:Wanted Poster"],"picked":"AT_MortalBlade"},{"not_picked":["aspiration:SilentSkillbook","aspiration:RunicSpoon","ExusiaiGun"]}],"items_purged_floors":[3,3,3,3,22,22,22,22,22,27,27,27,37,37,37,37,42,42],"is_endless":false,"potions_floor_spawned":[2,4,12,13,14,28,35,38,44,48],"ascension_level":14}}