{"host":"k5ezbu40hxyit46v","time":1608703392,"event":{"mods":["Act Like it!","Aspiration","Astrologer","BaseMod","BetterRewards","Conspire","DeckTracker","Energized Spire","Googly Eyes","Halation","HexUI Lib","Highlight Path","Hubris","Infinite Spire","Jedi Mod","Mad Scientist","Marisa????????","Minty Spire (QoL Compilation)","Quarter Circle Forward PUNCH!","Quick Restart","Replay The Spire","Reworked Bosses","Shop Mod","Spikes Relics","StSLib","The Administrix","The Awakened One except there are too many feathers","The Bladedancer","The Cursed","The IronCluck","The Servant 0.9.4","The Wild Card","everything is the same but u backflip on backflip","slay the spire mod where everything is the same but ironclad has a cowboy hat","vexMod"],"gold_per_floor":[109,68,80,80,80,80,90,90,90,107,107,139,152,152,152,152,152],"floor_reached":16,"playtime":6033,"items_purged":["Strike_G","Strike_G"],"score":350,"play_id":"e5e915d0-c41a-4db8-a2c8-5e877ad3e43f","local_time":"20201223010312","is_ascension_mode":true,"campfire_choices":[{"data":"Trip","floor":6,"key":"SMITH"},{"data":"Dagger Throw","floor":8,"key":"SMITH"},{"data":"Noxious Fumes","floor":11,"key":"SMITH"},{"data":"Neutralize","floor":15,"key":"SMITH"}],"circlet_count":0,"master_deck":["AscendersBane","Strike_G","Strike_G","Strike_G","Defend_G","Defend_G","Defend_G","Defend_G","Defend_G","Survivor","Neutralize+1","Dagger Throw+1","Trip+1","Dagger Spray","jedi:pocketpoison+1","Noxious Fumes+1"],"relics":["vexMod:Spyglass","Snack Pack","ReplayFunnel","HandDrill","Sizzling Blood","FossilizedHelix","Dream Catcher"],"acts_visited":["Exordium"],"potions_floor_usage":[3,12,12],"damage_taken":[{"damage":0,"enemies":"conspire:RoseBush","floor":1,"turns":5},{"damage":0,"enemies":"Small Slimes","floor":3,"turns":3},{"damage":4,"enemies":"Jaw Worm","floor":7,"turns":2},{"damage":0,"enemies":"Blue Slaver","floor":10,"turns":5},{"damage":0,"enemies":"3 Sentries","floor":12,"turns":5},{"damage":4,"enemies":"Lots of Slimes","floor":13,"turns":3},{"damage":56,"enemies":"Fading Forest","floor":16,"turns":12}],"seed_played":"1265346259288910613","potions_obtained":[{"floor":1,"key":"jedi:StrikingPotion"},{"floor":3,"key":"Explosive Potion"},{"floor":10,"key":"Adrenaline Potion"}],"is_trial":false,"path_per_floor":["M","$","M","$","?","R","M","R","T","M","R","E","M","$","R","B"],"character_chosen":"THE_SILENT","items_purchased":["vexMod:Spyglass","Dagger Throw","Trip","Snack Pack","Dagger Spray","ReplayFunnel","HandDrill","jedi:pocketpoison+1"],"campfire_rested":0,"item_purchase_floors":[0,0,0,0,0,0,0,2],"current_hp_per_floor":[20,20,22,22,26,26,26,26,26,30,30,34,34,34,34,0,0],"gold":152,"neow_bonus":"","is_daily":false,"chose_seed":false,"campfire_upgraded":4,"win_rate":0.0,"timestamp":1608703392,"path_taken":["M","?","?","$","?","R","M","R","T","M","R","E","M","$","R","BOSS"],"items_purchased_type":["Relic","Card","Card","Relic","Card","Relic","Relic","Card"],"build_version":"2020-12-13","purchased_purges":2,"victory":false,"max_hp_per_floor":[66,66,66,66,70,70,70,70,70,70,70,70,70,70,70,70,70],"card_choices":[{"not_picked":["Bane","Predator","Flying Knee"],"picked":"SKIP","floor":1},{"not_picked":["Outmaneuver","PiercingWail","Quick Slash"],"picked":"SKIP","floor":3},{"not_picked":["Distraction","hubris:SlightOfHand","Underhanded Strike"],"picked":"SKIP","floor":7},{"not_picked":["Dagger Throw","Backstab"],"picked":"Noxious Fumes","floor":10},{"not_picked":["Prepared","Tools of the Trade","Flechettes"],"picked":"SKIP","floor":12},{"not_picked":["Prepared","Tools of the Trade","Flechettes"],"picked":"SKIP","floor":12},{"not_picked":["Dagger Throw","Underhanded Strike","Concentrate"],"picked":"SKIP","floor":13}],"player_experience":1208108,"relics_obtained":[{"floor":9,"key":"FossilizedHelix"},{"floor":12,"key":"Dream Catcher"}],"event_choices":[],"is_beta":false,"boss_relics":[],"items_purged_floors":[0,0],"is_endless":false,"potions_floor_spawned":[1,3,10],"killed_by":"Fading Forest","ascension_level":20}}