{"host":"kiauivt48syq9iz6","time":1608708022,"event":{"mods":["BaseMod","Conspire","Downfall","Hermit","Minty Spire (QoL Compilation)","Replay The Spire","SIMod","StSLib","The Animator","The Construct","The Cursed","The Runesmith","The Servant 0.9.4"],"gold_per_floor":[109,120,120,136,136,136,28,28,28,28,48,1,1,31,31,31,31],"floor_reached":16,"playtime":480,"items_purged":[],"score":98,"play_id":"7007de34-4ad3-44d7-8f27-39109a85b954","local_time":"20201223002022","is_ascension_mode":false,"campfire_choices":[{"data":"CheerUp","floor":6,"key":"SMITH"},{"data":"Tornado","floor":8,"key":"SMITH"},{"data":"Charge","floor":10,"key":"SMITH"},{"floor":15,"key":"REST"}],"circlet_count":0,"master_deck":["Strike_AJ","Strike_TS","Strike_RR","Strike_RD","Defend_TS","Defend_PP","Defend_FS","Defend_AJ","ConcertedEfforts","HarmonyShield","Charge+1","Perfectionism","Smile","Return_To_Past","CheerUp+1","Laughter","TakeTheLead","Tornado+1","Magic","Celebrities","BehindTheScene","Mischief","FarmExpert"],"relics":["The_element_of_harmony","NeowsBlessing","FaceOfCleric","Eternal Feather","Calipers"],"acts_visited":["Exordium"],"potions_floor_usage":[16,16],"damage_taken":[{"damage":0,"enemies":"Small Slimes","floor":1,"turns":1},{"damage":0,"enemies":"Cultist","floor":2,"turns":1},{"damage":0,"enemies":"2 Louse","floor":4,"turns":1},{"damage":11,"enemies":"Large Slime","floor":11,"turns":5},{"damage":44,"enemies":"Gremlin Nob","floor":14,"turns":5},{"damage":67,"enemies":"Hexaghost","floor":16,"turns":10}],"seed_played":"6298663812521256019","potions_obtained":[{"floor":2,"key":"Ancient Potion"},{"floor":4,"key":"LiquidBronze"}],"is_trial":false,"path_per_floor":["M","M","?","M","?","R","$","R","T","R","M","$","$","E","R","B"],"character_chosen":"TWI_CLASS","items_purchased":["Tornado","Magic","BehindTheScene"],"campfire_rested":1,"item_purchase_floors":[7,7,12],"current_hp_per_floor":[82,82,82,83,83,83,83,83,83,83,73,73,73,30,67,0,0],"gold":31,"neow_bonus":"THREE_ENEMY_KILL","is_daily":false,"chose_seed":false,"campfire_upgraded":3,"win_rate":0.0,"timestamp":1608708022,"path_taken":["M","M","?","?","?","R","$","R","T","R","?","?","$","E","R","BOSS"],"items_purchased_type":["Card","Card","Card"],"build_version":"2020-12-22","purchased_purges":0,"victory":false,"max_hp_per_floor":[82,82,82,83,83,83,83,83,83,83,84,84,84,85,85,85,85],"card_choices":[{"not_picked":["Yay"],"picked":"Charge","floor":1},{"not_picked":["Smile"],"picked":"Perfectionism","floor":1},{"not_picked":["DynamicVision"],"picked":"Smile","floor":2},{"not_picked":["Whining"],"picked":"Return_To_Past","floor":2},{"not_picked":["Mischief"],"picked":"CheerUp","floor":4},{"not_picked":["ServeMeal"],"picked":"Laughter","floor":4},{"not_picked":["Winterwrapup"],"picked":"Celebrities","floor":11},{"not_picked":["Charge","AppleFeast"],"picked":"SKIP","floor":11},{"not_picked":["ISayNo"],"picked":"Mischief","floor":14},{"not_picked":["Celebrities"],"picked":"FarmExpert","floor":14}],"player_experience":5141,"relics_obtained":[{"floor":9,"key":"Eternal Feather"},{"floor":14,"key":"Calipers"}],"event_choices":[{"damage_healed":0,"gold_gain":0,"player_choice":"Trade","damage_taken":0,"relics_obtained":["FaceOfCleric"],"max_hp_gain":0,"max_hp_loss":0,"event_name":"FaceTrader","floor":3,"gold_loss":0},{"damage_healed":0,"gold_gain":0,"player_choice":"1 cards matched","damage_taken":0,"max_hp_gain":0,"max_hp_loss":0,"event_name":"Match and Keep!","floor":5,"gold_loss":0,"cards_obtained":["TakeTheLead"]}],"is_beta":false,"boss_relics":[],"items_purged_floors":[],"is_endless":false,"potions_floor_spawned":[2,4],"killed_by":"Hexaghost","ascension_level":0}}