{"host":"nnxvcju6x1qybncj","time":1608758677,"event":{"mods":["BaseMod","Displayed Cursed Tome","Downfall","Jorbs\u0027s Wanderer Trilogy","Minty Spire (QoL Compilation)","Quick Restart","StSLib","The Construct","The Cursed","The Disciple","The Hierophant","The Judge","The Necromancer","The Spell Scribe","TheFirefly"],"gold_per_floor":[99,99,199,199,199,214,214,225,225,251,251,269,284,295,307,409,409,409,420,80,180,180,208,208,157,186,197,197,216,216,216,233,335,335,335,351,351,351,19,19,67,107,107,130,152,180,180,200,224,224,224,224],"floor_reached":50,"playtime":3793,"items_purged":[],"score":564,"play_id":"8cd539c9-563d-4e01-bde9-63496d44600b","local_time":"20201223222437","is_ascension_mode":false,"campfire_choices":[{"data":"Guardian:TwinSlam","floor":1,"key":"SMITH"},{"data":"Guardian:SpikerProtocol","floor":9,"key":"SMITH"},{"data":"Guardian:Suspension","floor":18,"key":"SMITH"},{"data":"Apotheosis","floor":28,"key":"SMITH"},{"data":"Guardian:FloatingOrbs","floor":30,"key":"SMITH"},{"data":"Guardian:ShieldSpikes","floor":35,"key":"SMITH"},{"data":"Guardian:ShieldCharger","floor":43,"key":"SMITH"},{"data":"Guardian:PiercingHide","floor":47,"key":"SMITH"}],"circlet_count":0,"master_deck":["Guardian:Strike_Guardian","Guardian:Strike_Guardian+1","Guardian:Strike_Guardian","Guardian:Strike_Guardian+1","Guardian:Defend_Guardian","Guardian:Defend_Guardian","Guardian:Defend_Guardian","Guardian:Defend_Guardian","Guardian:CurlUp","Guardian:TwinSlam+1","Guardian:ChargeCore","Guardian:Suspension+1","Guardian:ArmoredProtocol","Guardian:SpikerProtocol+1","Guardian:TemporalShield","Guardian:ChargeCore","Guardian:PiercingHide","Guardian:ShieldSpikes","Guardian:Incinerate","Guardian:SpikerProtocol","Apotheosis+1","Guardian:Repulse","Guardian:ShieldSpikes+1","Guardian:ShieldCharger+1","Guardian:ArmoredProtocol","Guardian:FloatingOrbs+1","Guardian:MultiBeam+1","Guardian:PiercingHide+1","Guardian:ExploitGems","Guardian:RollAttack","Guardian:FloatingOrbs","Guardian:Gem_Crimson","Guardian:ShieldCharger+1","Guardian:Recover+1","Guardian:FloatingOrbs+1"],"relics":["Guardian:ModeShifterPlus","downfall:HeartsMalice","Sundial","Whetstone","Nunchaku","Unceasing Top","Darkstone Periapt","Tiny Chest","Pantograph","Bag of Marbles","Sozu","Mummified Hand","Bottled Flame","Guardian:PickAxe","CeramicFish"],"acts_visited":["Exordium","TheCity","TheBeyond"],"potions_floor_usage":[10,10,16,16,31,33,48],"damage_taken":[{"damage":0,"enemies":"2 Louse","floor":2,"turns":1},{"damage":0,"enemies":"Small Slimes","floor":4,"turns":1},{"damage":0,"enemies":"Jaw Worm","floor":5,"turns":1},{"damage":8,"enemies":"3 Louse","floor":6,"turns":3},{"damage":2,"enemies":"Blue Slaver","floor":8,"turns":5},{"damage":6,"enemies":"3 Sentries","floor":10,"turns":8},{"damage":6,"enemies":"Exordium Wildlife","floor":12,"turns":5},{"damage":0,"enemies":"Lots of Slimes","floor":13,"turns":3},{"damage":5,"enemies":"Exordium Thugs","floor":14,"turns":4},{"damage":1,"enemies":"Red Slaver","floor":15,"turns":4},{"damage":26,"enemies":"downfall:Defect","floor":16,"turns":8},{"damage":0,"enemies":"Shell Parasite","floor":19,"turns":5},{"damage":0,"enemies":"downfall:FleeingMerchant","floor":20,"turns":4},{"damage":0,"enemies":"downfall:Ironclad","floor":21,"turns":8},{"damage":30,"enemies":"Gremlin Leader","floor":23,"turns":8},{"damage":0,"enemies":"downfall:FleeingMerchant","floor":25,"turns":4},{"damage":3,"enemies":"Book of Stabbing","floor":26,"turns":6},{"damage":3,"enemies":"Chosen","floor":27,"turns":6},{"damage":2,"enemies":"Centurion and Healer","floor":29,"turns":9},{"damage":3,"enemies":"Snecko","floor":31,"turns":3},{"damage":0,"enemies":"Cultist and Chosen","floor":32,"turns":5},{"damage":18,"enemies":"downfall:Watcher","floor":33,"turns":12},{"damage":3,"enemies":"Orb Walker","floor":36,"turns":4},{"damage":0,"enemies":"downfall:FleeingMerchant","floor":39,"turns":4},{"damage":0,"enemies":"Reptomancer","floor":42,"turns":6},{"damage":0,"enemies":"3 Shapes","floor":44,"turns":1},{"damage":0,"enemies":"Sphere and 2 Shapes","floor":45,"turns":5},{"damage":3,"enemies":"Jaw Worm Horde","floor":46,"turns":3},{"damage":11,"enemies":"4 Shapes","floor":48,"turns":4},{"damage":0,"enemies":"Transient","floor":49,"turns":5},{"damage":88,"enemies":"downfall:Silent","floor":50,"turns":5}],"seed_played":"4104425475429687882","potions_obtained":[{"floor":6,"key":"CultistPotion"},{"floor":8,"key":"EntropicBrew"},{"floor":10,"key":"SmokeBomb"},{"floor":26,"key":"DuplicationPotion"},{"floor":29,"key":"BlessingOfTheForge"},{"floor":32,"key":"SmokeBomb"},{"floor":33,"key":"SkillPotion"}],"is_trial":false,"path_per_floor":["R","M","?","M","M","M","T","M","R","E","?","M","M","M","M","B",null,"R","M","$","?","?","E","T","$","E","M","R","M","R","M","M","B",null,"R","M","?","?","$","T","T","E","R","M","M","M","R","M","M","B"],"character_chosen":"GUARDIAN","items_purchased":["Apotheosis","Guardian:Repulse","Guardian:Gem_Cyan","Guardian:Gem_Green","Guardian:ArmoredProtocol","Guardian:FloatingOrbs","Mummified Hand"],"campfire_rested":0,"item_purchase_floors":[20,20,20,20,25,39,39],"current_hp_per_floor":[80,80,80,80,80,72,72,70,70,64,46,40,40,35,34,8,80,80,80,80,80,80,50,50,50,47,44,44,42,42,39,39,46,80,80,77,77,77,77,77,77,77,77,77,77,74,74,63,63,0,0,0],"gold":224,"neow_bonus":"THREE_ENEMY_KILL","is_daily":false,"chose_seed":false,"campfire_upgraded":8,"win_rate":0.0,"timestamp":1608758677,"path_taken":["R","M","?","M","M","M","T","M","R","E","?","M","M","M","M","BOSS","R","M","$","?","?","E","T","?","E","M","R","M","R","M","M","BOSS","R","M","?","?","$","?","T","E","R","?","M","M","R","M","M","BOSS"],"items_purchased_type":["Card","Card","Card","Card","Card","Card","Relic"],"build_version":"2020-12-22","purchased_purges":0,"victory":false,"max_hp_per_floor":[80,80,80,80,80,80,80,80,80,80,80,80,80,80,80,80,80,80,80,80,80,80,80,80,80,80,80,80,80,80,80,80,80,80,80,80,80,80,80,80,80,80,80,80,80,80,80,80,80,80,80,80],"card_choices":[{"not_picked":["Guardian:BronzeArmor","Guardian:TemporalStrike"],"picked":"Guardian:ChargeCore","floor":2},{"not_picked":["Guardian:BronzeOrb","Guardian:CrystalBeam"],"picked":"Guardian:Suspension","floor":4},{"not_picked":["Guardian:ShieldCharger","Guardian:Suspension"],"picked":"Guardian:ArmoredProtocol","floor":5},{"not_picked":["Guardian:Harden","Guardian:ArmoredProtocol"],"picked":"Guardian:SpikerProtocol","floor":6},{"not_picked":["Guardian:ChargeCore","Guardian:VentSteam"],"picked":"Guardian:TemporalShield","floor":8},{"not_picked":["Guardian:TemporalShield","Guardian:Reroute"],"picked":"Guardian:Gem_Red","floor":10},{"not_picked":["Guardian:FastForward","Guardian:TemporalStrike"],"picked":"Guardian:ChargeCore","floor":12},{"not_picked":["Guardian:Clone","Guardian:TimeCapacitor"],"picked":"Guardian:PiercingHide","floor":13},{"not_picked":["Guardian:PolyBeam","Guardian:PrimingBeam"],"picked":"Guardian:ShieldSpikes","floor":14},{"not_picked":["Guardian:CrystalBeam","Guardian:Planning"],"picked":"Guardian:Incinerate","floor":15},{"not_picked":["Guardian:ExploitGems","Guardian:BaubleBeam"],"picked":"Guardian:Gem_Orange","floor":16},{"not_picked":["Guardian:VentSteam","Guardian:Repulse"],"picked":"Guardian:SpikerProtocol","floor":19},{"not_picked":["Guardian:StasisField","Guardian:ShieldCharger"],"picked":"Guardian:Gem_Fragmented","floor":20},{"not_picked":["Guardian:Gem_Cyan","Guardian:Gem_Red"],"picked":"Guardian:Gem_Purple","floor":21},{"not_picked":["Guardian:PiercingHide","Guardian:VentSteam"],"picked":"Guardian:ShieldSpikes","floor":23},{"not_picked":["Guardian:Recover","Guardian:RollAttack"],"picked":"Guardian:ShieldCharger","floor":25},{"not_picked":["Guardian:GuardianWhirl","Guardian:Incinerate+1"],"picked":"Guardian:FloatingOrbs","floor":26},{"not_picked":["Guardian:TimeSifter","Guardian:ChargeCore+1"],"picked":"Guardian:MultiBeam+1","floor":27},{"not_picked":["Guardian:ChargeCore","Guardian:Incinerate+1"],"picked":"Guardian:Gem_Blue","floor":29},{"not_picked":["Guardian:TemporalShield+1","Guardian:PrimingBeam"],"picked":"Guardian:PiercingHide","floor":32},{"not_picked":["Guardian:BaubleBeam","Guardian:TimeSifter"],"picked":"Guardian:ExploitGems","floor":33},{"not_picked":["Guardian:VentSteam","Guardian:MultiBeam+1"],"picked":"Guardian:RollAttack","floor":36},{"not_picked":["Guardian:WalkerClaw+1","Guardian:Recover"],"picked":"Guardian:Gem_Red","floor":39},{"not_picked":["Guardian:TimeCapacitor+1","Guardian:WalkerClaw+1"],"picked":"Guardian:Gem_Lightblue","floor":42},{"not_picked":["Guardian:TemporalStrike+1","Guardian:PrimingBeam"],"picked":"Guardian:Gem_Crimson","floor":44},{"not_picked":["Guardian:Gem_Red","Guardian:HyperBeam_Guardian"],"picked":"Guardian:Gem_Lightblue","floor":45},{"not_picked":["Guardian:Gem_Red","Guardian:PrimingBeam+1"],"picked":"Guardian:ShieldCharger+1","floor":46},{"not_picked":["Guardian:RollAttack+1","Guardian:PrimingBeam+1"],"picked":"Guardian:Recover+1","floor":48},{"not_picked":["Guardian:CrystalBeam","Guardian:TemporalShield"],"picked":"Guardian:FloatingOrbs+1","floor":49}],"player_experience":725206,"relics_obtained":[{"floor":7,"key":"Sundial"},{"floor":10,"key":"Whetstone"},{"floor":21,"key":"Unceasing Top"},{"floor":21,"key":"Darkstone Periapt"},{"floor":23,"key":"Tiny Chest"},{"floor":24,"key":"Pantograph"},{"floor":26,"key":"Bag of Marbles"},{"floor":40,"key":"Bottled Flame"},{"floor":41,"key":"Guardian:PickAxe"},{"floor":42,"key":"CeramicFish"}],"event_choices":[{"damage_healed":0,"gold_gain":0,"player_choice":"Success","damage_taken":18,"relics_obtained":["Nunchaku"],"max_hp_gain":0,"max_hp_loss":0,"event_name":"Scrap Ooze","floor":11,"gold_loss":0}],"is_beta":false,"boss_relics":[{"not_picked":["Philosopher\u0027s Stone","SlaversCollar"],"picked":"Guardian:ModeShifterPlus"},{"not_picked":["Coffee Dripper","Guardian:StasisSlotReductionRelic"],"picked":"Sozu"}],"items_purged_floors":[],"is_endless":false,"potions_floor_spawned":[6,8,10,12,26,29,31,32,33,42,44,46,49],"killed_by":"downfall:Silent","ascension_level":0}}