{"host":"lqtll83nun4jn4k7","time":1608750892,"event":{"mods":["BaseMod","Challenge The Spire","Colored Map","Colored Powertips","Highlight Path","KinomotoSakuraMod(木之本樱)","Minty Spire (QoL Compilation)","Prisma Mod","Quick Restart","StSLib","SuperFastMode","The Bug Knight","Waifu the Spire","【东方二次创作】八云紫mod"],"gold_per_floor":[138,163,163,91,91,91,122,122,122,157,174,204,204,221,221,320,320,340,357,357,96,112,141,168,168,168,168,168,168,186,202,202,299,299,318,371,421,436,454,484,484,484,484],"floor_reached":42,"playtime":3354,"items_purged":[],"score":602,"play_id":"48e1ac8e-c2ff-4aa8-a480-10bb07698037","local_time":"20201224031452","is_ascension_mode":false,"campfire_choices":[{"data":"Mirror_FourBoundary_purple","floor":6.0,"key":"SMITH"},{"floor":13.0,"key":"RECALL"},{"data":"ExternalForce_HighSpeedFlying_purple","floor":15.0,"key":"SMITH"},{"data":"WangLiang_OokamiKakushi_purple","floor":25,"key":"SMITH"},{"data":"ContainerChange_purple","floor":27,"key":"SMITH"},{"data":"MonsterNeedle_purple","floor":29,"key":"SMITH"},{"data":"OpenedBox_purple","floor":32,"key":"SMITH"},{"floor":41,"key":"DIG"}],"circlet_count":0,"master_deck":["Defend_purpleEX","Defend_purpleEX","Defend_purpleEX","Defend_purpleEX","Observe_purple_1","Observe_purple_2","ExternalForce_HighSpeedFlying_purple+1","Mirror_FourBoundary_purple+1","Mirror_FourBoundary_purple","CommonSense_AntiCommonSense_purple","ContainerChange_purple+1","WangLiang_OokamiKakushi_purple+1","PurpleNeedle_purple+1","Bite","Bite","Bite","Bite","Bite","MonsterNeedle_purple+1","Fantasy_PerpetualMotionMachine_purple","Boundary_DynamicStaticEquilibrium_purple+1","Decay","Injury","Writhe","StateErode_purple+1","OpenedBox_purple+1","ProofOfUnderstanding_purple+1","MNeedle_purple+1","EighthInstrument_OneDividesIntoTwo_purple+1","WatchEChange_purple+1"],"relics":["Boundary_crack","Memoryfragments_purpleEX","NeowsBlessing","Smiling Mask","Lantern","Orichalcum","Meat on the Bone","Odd Mushroom","Cursed Key","Bag of Marbles","Bottled Flame","Frozen Egg 2","MealTicket","Runic Pyramid","Shovel","Bird Faced Urn","HollowMod:PaleOreRelic","Eternal Feather"],"acts_visited":["Exordium","TheCity","TheBeyond"],"potions_floor_usage":[31],"damage_taken":[{"damage":0.0,"enemies":"Cultist","floor":1.0,"turns":1.0},{"damage":23.0,"enemies":"Gremlin Nob","floor":7.0,"turns":1.0},{"damage":16.0,"enemies":"Lagavulin","floor":10.0,"turns":1.0},{"damage":0.0,"enemies":"2 Louse","floor":11.0,"turns":1.0},{"damage":0.0,"enemies":"The Mushroom Lair","floor":12.0,"turns":3.0},{"damage":0.0,"enemies":"Small Slimes","floor":14.0,"turns":4.0},{"damage":45.0,"enemies":"Hexaghost","floor":16.0,"turns":16.0},{"damage":4.0,"enemies":"3 Byrds","floor":18.0,"turns":5.0},{"damage":11,"enemies":"Shell Parasite","floor":19,"turns":4},{"damage":0,"enemies":"Snake Plant","floor":22,"turns":4},{"damage":29,"enemies":"Book of Stabbing","floor":23,"turns":5},{"damage":17,"enemies":"Snecko","floor":30,"turns":6},{"damage":26,"enemies":"Centurion and Healer","floor":31,"turns":6},{"damage":0,"enemies":"Collector","floor":33,"turns":5},{"damage":0,"enemies":"Orb Walker","floor":35,"turns":4},{"damage":37,"enemies":"2 Orb Walkers","floor":36,"turns":5},{"damage":0,"enemies":"Mind Bloom Boss Battle","floor":37,"turns":4},{"damage":6,"enemies":"3 Darklings","floor":38,"turns":5},{"damage":0,"enemies":"Spire Growth","floor":39,"turns":3},{"damage":19,"enemies":"Giant Head","floor":40,"turns":6},{"damage":82,"enemies":"Giant Head","floor":42,"turns":7}],"seed_played":"9177175029410673527","potions_obtained":[{"floor":1.0,"key":"ColorlessPotion"},{"floor":10.0,"key":"Strength Potion"},{"floor":18.0,"key":"Strength Potion"},{"floor":22,"key":"Explosive Potion"},{"floor":37,"key":"Ancient Potion"}],"is_trial":false,"path_per_floor":["M","T","?","$","?","R","E","$","T","E","M","?","R","M","R","B",null,"M","M","?","$","M","E","T","R","T","R","?","R","M","M","R","B",null,"M","?","?","M","M","E","R","?"],"character_chosen":"Youkari","items_purchased":["Mirror_FourBoundary_purple","Bag of Marbles","MonsterNeedle_purple","Fantasy_PerpetualMotionMachine_purple"],"campfire_rested":0,"item_purchase_floors":[4,21,21,21],"current_hp_per_floor":[70,70,75,75,75,75,52,52,52,36,51,56,56,61,61,33,75,75,69,52,52,52,38,38,38,38,38,38,38,29,31,31,46,52,52,35,37,52,52,38,38,0,0],"gold":484,"neow_bonus":"THREE_ENEMY_KILL","is_daily":false,"chose_seed":false,"campfire_upgraded":6,"win_rate":0.0,"timestamp":1608750892,"path_taken":["M","?","?","$","?","R","E","?","T","E","?","?","R","M","R","BOSS","BOSS","M","M","?","$","M","E","?","R","T","R","?","R","M","M","R","BOSS","M","?","?","M","M","E","R","?"],"items_purchased_type":["Card","Relic","Card","Card"],"build_version":"2020-12-22","purchased_purges":0,"victory":false,"max_hp_per_floor":[70,70,75,75,75,75,75,75,75,75,75,75,75,75,75,75,75,75,75,52,52,52,52,52,52,52,52,52,52,52,52,52,52,52,52,52,52,52,52,52,52,52,52],"card_choices":[{"not_picked":["MetroBOOM_purple","SharpContractionReality_purple"],"picked":"ExternalForce_HighSpeedFlying_purple","floor":1.0},{"not_picked":["Line_surface_state_purple","SfantasyHide_purple"],"picked":"Mirror_FourBoundary_purple","floor":7.0},{"not_picked":["MeetDecomposer_purple","EighthInstrument_OneDividesIntoTwo_purple"],"picked":"CommonSense_AntiCommonSense_purple","floor":10.0},{"not_picked":["OmniscientAndOmnipotent_Monster_purple","SharpContractionReality_purple","SfantasyHide_purple"],"picked":"SKIP","floor":11.0},{"not_picked":["Line_surface_state_purple","Shallow_ocean_purpleEX"],"picked":"ContainerChange_purple","floor":12.0},{"not_picked":["MeetDecomposer_purple","SfantasyHide_purple","RuleDissolution_purple"],"picked":"SKIP","floor":14.0},{"not_picked":["Boundary_LifeAndDeath_purple","Price_of_realm_purpleEX"],"picked":"WangLiang_OokamiKakushi_purple","floor":16.0},{"not_picked":["SfantasyHide_purple","Mirror_FourBoundary_purple"],"picked":"PurpleNeedle_purple+1","floor":18.0},{"not_picked":["WatchEChange_purple","PurpleNeedle_purple","StateDuplicate_purple"],"picked":"SKIP","floor":19},{"not_picked":["SfantasyHide_purple+1","Mirror_Drifter_purple","Umbrella_purple"],"picked":"SKIP","floor":22},{"not_picked":["RuleDissolution_purple+1","SharpContractionReality_purple+1"],"picked":"Boundary_DynamicStaticEquilibrium_purple+1","floor":23},{"not_picked":["AdvanceAttack_purple","StateDuplicate_purple+1"],"picked":"StateErode_purple+1","floor":30},{"not_picked":["FragmentationRealm_purple","Charmbait_purple"],"picked":"OpenedBox_purple","floor":31},{"not_picked":["WangLiang_LineAndCurveDreams_purple+1","D_absorption_purple"],"picked":"ProofOfUnderstanding_purple+1","floor":33},{"not_picked":["DimensionStaggered_purple","StateDuplicate_purple"],"picked":"MNeedle_purple+1","floor":35},{"not_picked":["Worldmountain_purple","Nest_LightFlightworm_purple+1"],"picked":"EighthInstrument_OneDividesIntoTwo_purple+1","floor":36},{"not_picked":["OpenedBox_purple","Mirror_Drifter_purple"],"picked":"WatchEChange_purple+1","floor":38},{"not_picked":["MonsterNeedle_purple+1","RuptureOfTimeAndSpace_purple+1","SfantasyHide_purple+1"],"picked":"SKIP","floor":39},{"not_picked":["WatchEyeChange_purple+1","WeekHit_purple","StretchesForeverDream_purple"],"picked":"SKIP","floor":40}],"player_experience":524554,"relics_obtained":[{"floor":2.0,"key":"Smiling Mask"},{"floor":7.0,"key":"Lantern"},{"floor":9.0,"key":"Orichalcum"},{"floor":10.0,"key":"Meat on the Bone"},{"floor":12.0,"key":"Odd Mushroom"},{"floor":23,"key":"Bottled Flame"},{"floor":26,"key":"Frozen Egg 2"},{"floor":36,"key":"Shovel"},{"floor":37,"key":"Bird Faced Urn"},{"floor":40,"key":"HollowMod:PaleOreRelic"},{"floor":41,"key":"Eternal Feather"}],"event_choices":[{"damage_healed":0.0,"max_hp_gain":0.0,"max_hp_loss":0.0,"gold_gain":0.0,"event_name":"The Cleric","player_choice":"Leave","floor":5.0,"gold_loss":0.0,"damage_taken":0.0},{"damage_healed":0.0,"max_hp_gain":0.0,"max_hp_loss":0.0,"gold_gain":0.0,"event_name":"Mushrooms","player_choice":"Fought Mushrooms","floor":12.0,"gold_loss":0.0,"damage_taken":0.0},{"damage_healed":0,"gold_gain":0,"player_choice":"Became a vampire","damage_taken":0,"max_hp_gain":0,"max_hp_loss":23,"event_name":"Vampires","floor":20,"gold_loss":0,"cards_obtained":["Bite","Bite","Bite","Bite","Bite"]},{"damage_healed":0,"gold_gain":0,"player_choice":"Opened","damage_taken":0,"relics_obtained":["MealTicket"],"max_hp_gain":0,"max_hp_loss":0,"event_name":"The Mausoleum","floor":28,"gold_loss":0,"cards_obtained":["Writhe"]},{"damage_healed":0,"gold_gain":0,"player_choice":"Fight","damage_taken":0,"max_hp_gain":0,"max_hp_loss":0,"event_name":"Mysterious Sphere","floor":36,"gold_loss":0},{"damage_healed":0,"gold_gain":0,"player_choice":"Fight","damage_taken":0,"max_hp_gain":0,"max_hp_loss":0,"event_name":"MindBloom","floor":37,"gold_loss":0}],"is_beta":false,"boss_relics":[{"not_picked":["Coffee Dripper","Calling Bell"],"picked":"Cursed Key"},{"not_picked":["Runic Dome","Velvet Choker"],"picked":"Runic Pyramid"}],"items_purged_floors":[],"is_endless":false,"potions_floor_spawned":[1,10,18,22,37,39],"killed_by":"Giant Head","ascension_level":0}}