{"host":"0cnf9zf1gia27zti","time":1608746078,"event":{"mods":["BaseMod","BetterRewards","Card Forge","Colored Map","Colored Powertips","Conspire","Downfall","Minty Spire (QoL Compilation)","Practice Mode","Quick Restart","Replay The Spire","Robot Space Explorer","Shade Mod","Spicy Shops","StSLib"],"gold_per_floor":[115,131,162,50,50,50,60,60,84,94,114,114,145,44,44,121,121,139,139,139,29,29,55,55,75,128,128,148,41,54,74,74,151,151,165,178,32,45,69,69,104,115,115,147,97,109,109,120,120,120,120],"floor_reached":50,"playtime":1929,"items_purged":["Strike_B","Strike_B"],"score":1270,"play_id":"c4c591c0-2685-4a65-9b53-42d335265385","local_time":"20201223175438","is_ascension_mode":true,"campfire_choices":[{"floor":6,"key":"REST"},{"data":"Zap","floor":8,"key":"SMITH"},{"floor":15,"key":"REST"},{"floor":24,"key":"REST"},{"floor":27,"key":"REST"},{"floor":32,"key":"REST"},{"floor":40,"key":"REST"},{"data":"ReplayTheSpireMod:Fabricate Wheel","floor":47,"key":"SMITH"},{"data":"Reinforced Body","floor":49,"key":"SMITH"}],"circlet_count":0,"master_deck":["AscendersBane","Strike_B","Strike_B+1","Defend_B","Defend_B+1","Defend_B","Defend_B","Zap+1","Dualcast","Thunder Strike","ReplayTheSpireMod:Calculation Training+1","Ball Lightning","Loop+1","ReplayTheSpireMod:Calculation Training","FIFO Queue+1","Loop+1","Electrodynamics+1","Echo Form+1","ReplayTheSpireMod:Calculation Training+1","Tempest+1","Tempest+1","Barrage+1","Redo+1","Double Energy+1","Reinforced Body+1","Crystallizer+1","Multi-Cast"],"relics":["Cracked Core","Hammer of Thor","Seething Fire","Anvil of the Gods","Solar Panel","Membership Card","Tiny Chest","Frozen Egg 2","Chemical X","Happy Flower","Ancient Tea Set","Ring of Chaos","Replay:Bottled Snecko","Bird Faced Urn","Replay:Towering Pillar of Hats","ReplayTheSpireMod:Lightbulb","Gremlin Food","Black Star","Incense Burner","Centennial Puzzle","Replay:Wax Seal","Geode","conspire:IceCreamScoop","Singing Bowl","MealTicket","Prayer Wheel"],"acts_visited":["Exordium","TheCity","TheBeyond"],"potions_floor_usage":[16,25,28,33,36,41,46,50,50],"damage_taken":[{"damage":6,"enemies":"Cultist","floor":1,"turns":4},{"damage":8,"enemies":"Jaw Worm","floor":2,"turns":4},{"damage":9,"enemies":"conspire:MimicChest","floor":3,"turns":4},{"damage":8,"enemies":"2 Louse","floor":7,"turns":2},{"damage":15,"enemies":"Large Slime","floor":10,"turns":4},{"damage":13,"enemies":"Blue Slaver","floor":11,"turns":3},{"damage":30,"enemies":"3 Sentries","floor":13,"turns":5},{"damage":27,"enemies":"Hexaghost","floor":16,"turns":5},{"damage":6,"enemies":"Spheric Guardian","floor":18,"turns":3},{"damage":28,"enemies":"Book of Stabbing","floor":23,"turns":4},{"damage":27,"enemies":"3 Byrds","floor":25,"turns":3},{"damage":21,"enemies":"Centurion and Healer","floor":28,"turns":4},{"damage":18,"enemies":"Snecko","floor":30,"turns":4},{"damage":43,"enemies":"Snake Plant","floor":31,"turns":4},{"damage":51,"enemies":"conspire:MysteriousRune","floor":33,"turns":5},{"damage":20,"enemies":"Orb Walker","floor":35,"turns":3},{"damage":27,"enemies":"3 Darklings","floor":36,"turns":3},{"damage":26,"enemies":"Sphere and 2 Shapes","floor":38,"turns":4},{"damage":30,"enemies":"Nemesis","floor":41,"turns":5},{"damage":19,"enemies":"Transient","floor":42,"turns":5},{"damage":0,"enemies":"R_Hoarder","floor":44,"turns":6},{"damage":24,"enemies":"4 Shapes","floor":46,"turns":2},{"damage":1,"enemies":"Maw","floor":48,"turns":4},{"damage":208,"enemies":"conspire:OrnateMirror","floor":50,"turns":3}],"seed_played":"-4637031607505416649","potions_obtained":[{"floor":1,"key":"SteroidPotion"},{"floor":3,"key":"FocusPotion"},{"floor":10,"key":"Energy Potion"},{"floor":25,"key":"Explosive Potion"},{"floor":28,"key":"Adrenaline Potion"},{"floor":33,"key":"EssenceOfSteel"},{"floor":38,"key":"Ancient Potion"},{"floor":41,"key":"Energy Potion"},{"floor":42,"key":"GamblersBrew"},{"floor":46,"key":"Milkshake"},{"floor":48,"key":"PotionOfCapacity"}],"is_trial":false,"path_per_floor":["M","M","?","$","?","R","M","R","T","M","M","?","E","$","R","B",null,"M","T","?","?","$","E","R","M","T","R","M","$","M","M","R","B",null,"M","M","$","M","T","R","E","M","T","E","$","M","R","M","R","B"],"character_chosen":"DEFECT","items_purchased":["Solar Panel","Thunder Strike","ReplayTheSpireMod:Calculation Training","Membership Card","Tiny Chest","Loop+1","Chemical X","Loop+1","Tempest","Gremlin Food","Incense Burner"],"campfire_rested":6,"item_purchase_floors":[0,0,0,0,0,4,4,14,29,29,37],"current_hp_per_floor":[62,56,51,51,47,68,62,62,62,49,40,40,16,16,37,20,58,56,56,56,56,56,48,69,52,52,71,70,70,67,42,63,34,62,60,59,59,51,51,71,56,59,59,71,71,63,63,73,73,0,0],"gold":120,"neow_bonus":"","is_daily":false,"chose_seed":false,"campfire_upgraded":3,"win_rate":0.0,"timestamp":1608746078,"path_taken":["M","M","?","$","?","R","M","R","T","M","M","?","E","$","R","BOSS","M","?","?","?","$","E","R","M","T","R","M","$","?","M","R","BOSS","M","M","$","M","?","R","E","M","T","E","$","M","R","M","R","BOSS"],"items_purchased_type":["Relic","Card","Card","Relic","Relic","Card","Relic","Card","Card","Relic","Relic"],"build_version":"2020-12-13","purchased_purges":2,"victory":false,"max_hp_per_floor":[71,71,71,71,71,71,71,71,71,71,71,71,71,71,71,71,71,71,71,71,71,71,71,71,71,71,71,71,71,71,71,71,71,71,71,71,71,71,71,71,71,71,71,71,71,71,71,73,73,73,73],"card_choices":[{"not_picked":["Beam Cell","Go for the Eyes","Gash"],"picked":"SKIP","floor":1},{"not_picked":["Conserve Battery","Force Field"],"picked":"Ball Lightning","floor":2},{"not_picked":["Gash","Turbo"],"picked":"ReplayTheSpireMod:Calculation Training","floor":7},{"not_picked":["ReplayGash","Cold Snap","Compile Driver"],"picked":"SKIP","floor":10},{"not_picked":["ReplaySolidLightProjector","Force Field","Compile Driver"],"picked":"SKIP","floor":11},{"not_picked":["Gash","BasicCrystalCard"],"picked":"FIFO Queue+1","floor":13},{"not_picked":["Core Surge","Rainbow"],"picked":"Echo Form+1","floor":16},{"not_picked":["Streamline","BasicCrystalCard+1","Stack"],"picked":"SKIP","floor":18},{"not_picked":["Darkness+1","Force Field"],"picked":"ReplayTheSpireMod:Calculation Training","floor":23},{"not_picked":["Gash","Hologram","Leap"],"picked":"SKIP","floor":25},{"not_picked":["Amplify","Skim"],"picked":"Tempest","floor":28},{"not_picked":["ReplayTheSpireMod:Repulse","Conserve Battery","BasicCrystalCard"],"picked":"SKIP","floor":30},{"not_picked":["ReplayTheSpireMod:Reroute Power","Ball Lightning","Barrage"],"picked":"SKIP","floor":31},{"not_picked":["Gash","Rebound"],"picked":"Barrage+1","floor":35},{"not_picked":["Compile Driver","ReplaySolidLightProjector"],"picked":"Redo+1","floor":36},{"not_picked":["Conserve Battery","Sunder+1"],"picked":"Double Energy","floor":38},{"not_picked":["Coolheaded","Go for the Eyes+1","Barrage"],"picked":"SKIP","floor":41},{"not_picked":["Darkness","Compile Driver","Coolheaded"],"picked":"SKIP","floor":42},{"not_picked":["Self Repair+1","Conserve Battery"],"picked":"Reinforced Body","floor":44},{"not_picked":["Heatsinks+1","Redo+1"],"picked":"ReplayTheSpireMod:Fabricate Wheel","floor":46},{"not_picked":["Beam Cell","Steam+1","ReplayGash+1"],"picked":"Singing Bowl","floor":48},{"not_picked":["Turbo","BasicCrystalCard"],"picked":"Crystallizer+1","floor":48}],"player_experience":2409775,"relics_obtained":[{"floor":3,"key":"Frozen Egg 2"},{"floor":9,"key":"Happy Flower"},{"floor":13,"key":"Ancient Tea Set"},{"floor":19,"key":"Replay:Bottled Snecko"},{"floor":23,"key":"Replay:Towering Pillar of Hats"},{"floor":26,"key":"ReplayTheSpireMod:Lightbulb"},{"floor":39,"key":"Centennial Puzzle"},{"floor":41,"key":"Replay:Wax Seal"},{"floor":41,"key":"Geode"},{"floor":43,"key":"conspire:IceCreamScoop"},{"floor":44,"key":"Singing Bowl"},{"floor":44,"key":"MealTicket"}],"event_choices":[{"damage_healed":0,"gold_gain":0,"player_choice":"Leave","damage_taken":0,"max_hp_gain":0,"max_hp_loss":0,"event_name":"conspire:Investor","floor":5,"gold_loss":0},{"damage_healed":0,"gold_gain":0,"player_choice":"Opened","damage_taken":0,"relics_obtained":["Bird Faced Urn"],"max_hp_gain":0,"max_hp_loss":0,"event_name":"The Mausoleum","floor":20,"gold_loss":0,"cards_obtained":["Writhe"]},{"cards_removed":["Writhe"],"damage_healed":0,"gold_gain":0,"player_choice":"Upgrade and Remove","damage_taken":0,"max_hp_gain":0,"max_hp_loss":0,"event_name":"Designer","floor":21,"gold_loss":110,"cards_upgraded":["Defend_B"]}],"is_beta":false,"boss_relics":[{"not_picked":["Replay:Drink Me","SacredBark"],"picked":"Ring of Chaos"},{"not_picked":["Replay:Grab Bag","Cursed Key"],"picked":"Black Star"}],"items_purged_floors":[0,45],"is_endless":false,"potions_floor_spawned":[1,3,10,25,28,33,38,41,42,46,48],"killed_by":"conspire:OrnateMirror","ascension_level":15}}