{"host":"jxajaf4sdikd2b60","time":1608698740,"event":{"mods":["AchievementEnabler","BaseMod","Better Match","Better Note","Better Skull","Better Third Choice","BetterRewards","Colored Powertips","Conspire","Custom Start","Infinite Spire","Minty Spire (QoL Compilation)","Quick Restart","Random Character Button","Replay The Spire","Spicy Shops","StSLib","The Blue Laboratory"],"gold_per_floor":[109,284,9,9,29,29,29],"floor_reached":6,"playtime":290,"items_purged":["Strike_G","Doubt"],"score":53,"play_id":"a93f7f04-bac4-43ab-916b-aae857e84122","local_time":"20201222234540","is_ascension_mode":true,"campfire_choices":[],"circlet_count":0,"master_deck":["AscendersBane","Strike_G","Strike_G","Strike_G","Strike_G","Defend_G","Defend_G","Defend_G","Defend_G","Defend_G","Survivor","Neutralize","ReplayTheSpireMod:Shiv Toss","Accuracy","Accuracy+1","Accuracy"],"relics":["Ring of the Snake","Tiny Chest","Membership Card","DollysMirror","Turnip","Incense Burner"],"acts_visited":["Exordium"],"potions_floor_usage":[6],"damage_taken":[{"damage":0,"enemies":"2 Louse","floor":1,"turns":5},{"damage":10,"enemies":"Small Slimes","floor":5,"turns":7},{"damage":5,"enemies":"3 Sentries","floor":6,"turns":2}],"seed_played":"157786416625438004","potions_obtained":[{"floor":5,"key":"Energy Potion"}],"is_trial":false,"path_per_floor":["M","?","$","?","M","E"],"character_chosen":"THE_SILENT","items_purchased":["ReplayTheSpireMod:Shiv Toss","Tiny Chest","Membership Card","Accuracy","DollysMirror","Accuracy","Turnip","Incense Burner"],"campfire_rested":0,"item_purchase_floors":[0,0,0,0,0,0,3,3],"current_hp_per_floor":[31,31,31,31,21,16,16],"gold":29,"neow_bonus":"","is_daily":false,"chose_seed":false,"campfire_upgraded":0,"win_rate":0.0,"timestamp":1608698740,"path_taken":["M","?","$","?","M","E"],"items_purchased_type":["Card","Relic","Relic","Card","Relic","Card","Relic","Relic"],"build_version":"2020-12-22","purchased_purges":2,"victory":false,"max_hp_per_floor":[70,70,70,70,70,70,70],"card_choices":[{"not_picked":["Dodge and Roll","Crippling Poison","Quick Slash"],"picked":"SKIP","floor":1},{"not_picked":["Underhanded Strike","Flying Knee","Dagger Throw"],"picked":"SKIP","floor":5}],"player_experience":581498,"relics_obtained":[],"event_choices":[{"damage_healed":0,"gold_gain":175,"player_choice":"AGREE","damage_taken":109,"max_hp_gain":0,"max_hp_loss":0,"event_name":"betterThird:BetterSerpent","floor":2,"gold_loss":0}],"is_beta":false,"boss_relics":[],"items_purged_floors":[0,3],"is_endless":false,"potions_floor_spawned":[5],"killed_by":"3 Sentries","ascension_level":11}}