{"host":"dlyy4wv9zatha4f7","time":1608737388,"event":{"mods":["BaseMod","Better Third Choice","Colored Map","GifTheSpireLib","Minty Spire (QoL Compilation)","Spicy Shops","StSLib","SuperFastMode","Unceasing Turn Reminder"],"gold_per_floor":[119,194,15,26,41,41,69,80,80,93,126,126,140,171,183,296,308,338,31,50,50,64,90,90,14,14,49,74,88,88,118,118,118,118],"floor_reached":33,"playtime":1205,"items_purged":["Strike_R"],"score":608,"play_id":"987521b8-68a2-4f51-ab53-438846435374","local_time":"20201223172948","is_ascension_mode":true,"campfire_choices":[{"data":"Armaments","floor":6.0,"key":"SMITH"},{"data":"Whirlwind","floor":12.0,"key":"SMITH"},{"data":"Double Tap","floor":15.0,"key":"SMITH"},{"data":"True Grit","floor":24,"key":"SMITH"},{"data":"Metallicize","floor":30,"key":"SMITH"},{"data":"Bash","floor":32,"key":"SMITH"}],"circlet_count":0,"master_deck":["Strike_R","Strike_R","Strike_R","Defend_R","Defend_R","Defend_R","Defend_R","Bash+1","Whirlwind+1","Armaments+1","Wild Strike","Flame Barrier","True Grit+1","Thunderclap","Double Tap+1","Disarm","Metallicize+1","Impervious","Flex","Flame Barrier","Inflame+1","Battle Trance+1","Inflame+1","Metallicize+1"],"relics":["Burning Blood","Pen Nib","PreservedInsect","Akabeko","Ancient Tea Set","Mummified Hand","MawBank","Mark of Pain","Question Card","Omamori","OrangePellets","Strawberry","TungstenRod","Red Mask","MealTicket"],"acts_visited":["Exordium","TheCity"],"potions_floor_usage":[23,23,33,33],"damage_taken":[{"damage":8.0,"enemies":"Jaw Worm","floor":1.0,"turns":4.0},{"damage":1.0,"enemies":"Cultist","floor":4.0,"turns":4.0},{"damage":2.0,"enemies":"2 Louse","floor":5.0,"turns":3.0},{"damage":0.0,"enemies":"Gremlin Nob","floor":7.0,"turns":3.0},{"damage":5.0,"enemies":"Lots of Slimes","floor":8.0,"turns":4.0},{"damage":0.0,"enemies":"Blue Slaver","floor":10.0,"turns":1.0},{"damage":0.0,"enemies":"Lagavulin","floor":11.0,"turns":2.0},{"damage":2.0,"enemies":"Large Slime","floor":13.0,"turns":2.0},{"damage":0.0,"enemies":"3 Sentries","floor":14.0,"turns":1.0},{"damage":17.0,"enemies":"Slime Boss","floor":16.0,"turns":7.0},{"damage":5.0,"enemies":"Shell Parasite","floor":18.0,"turns":7.0},{"damage":61,"enemies":"Chosen","floor":20,"turns":7},{"damage":19,"enemies":"Snake Plant","floor":22,"turns":4},{"damage":0,"enemies":"Book of Stabbing","floor":23,"turns":3},{"damage":0,"enemies":"Gremlin Leader","floor":27,"turns":6},{"damage":0,"enemies":"Masked Bandits","floor":28,"turns":1},{"damage":5,"enemies":"Centurion and Healer","floor":29,"turns":4},{"damage":13,"enemies":"Slavers","floor":31,"turns":2},{"damage":32,"enemies":"Automaton","floor":33,"turns":6}],"seed_played":"-6076269845337958822","potions_obtained":[{"floor":1.0,"key":"DistilledChaos"},{"floor":8.0,"key":"Energy Potion"},{"floor":13.0,"key":"SteroidPotion"},{"floor":16.0,"key":"PowerPotion"},{"floor":22,"key":"EssenceOfSteel"},{"floor":28,"key":"Strength Potion"},{"floor":31,"key":"Dexterity Potion"}],"is_trial":false,"path_per_floor":["M","?","$","M","M","R","E","M","T","M","E","R","M","E","R","B",null,"M","$","M","?","M","E","R","$","T","E","?","M","R","E","R","B"],"character_chosen":"IRONCLAD","items_purchased":["PreservedInsect","Armaments","Question Card","OrangePellets"],"campfire_rested":0,"item_purchase_floors":[3,3,19,25],"current_hp_per_floor":[70,62,62,67,71,71,77,78,78,80,80,80,80,80,80,69,77,78,78,23,23,10,16,16,16,23,29,35,36,36,29,29,0,0],"gold":118,"neow_bonus":"RANDOM_COMMON_RELIC","is_daily":false,"chose_seed":false,"campfire_upgraded":6,"win_rate":0.0,"timestamp":1608737388,"path_taken":["M","?","$","?","M","R","E","M","T","M","E","R","M","E","R","BOSS","M","$","M","?","?","E","R","$","T","E","?","M","R","E","R","BOSS"],"items_purchased_type":["Relic","Card","Relic","Relic"],"build_version":"2020-12-22","purchased_purges":1,"victory":false,"max_hp_per_floor":[80,80,80,80,80,80,80,80,80,80,80,80,80,80,80,80,80,80,80,80,80,80,80,80,80,87,87,87,87,87,87,87,87,87],"card_choices":[{"not_picked":["True Grit","Twin Strike"],"picked":"Whirlwind","floor":1.0},{"not_picked":["Anger","Iron Wave"],"picked":"Wild Strike","floor":4.0},{"not_picked":["Infernal Blade","Twin Strike"],"picked":"Flame Barrier","floor":5.0},{"not_picked":["Burning Pact","Body Slam"],"picked":"True Grit","floor":7.0},{"not_picked":["Heavy Blade","Entrench"],"picked":"Thunderclap","floor":8.0},{"not_picked":["Iron Wave","Hemokinesis"],"picked":"Double Tap","floor":10.0},{"not_picked":["Sword Boomerang","Reckless Charge","Entrench"],"picked":"SKIP","floor":11.0},{"not_picked":["Havoc","Twin Strike"],"picked":"Disarm","floor":13.0},{"not_picked":["Headbutt","Thunderclap"],"picked":"Metallicize","floor":14.0},{"not_picked":["Reaper","Double Tap"],"picked":"Impervious","floor":16.0},{"not_picked":["Thunderclap","Warcry"],"picked":"Flex","floor":18.0},{"not_picked":["Body Slam","Perfected Strike","Dropkick+1"],"picked":"Flame Barrier","floor":20},{"not_picked":["Dual Wield","Bloodletting","Body Slam"],"picked":"Inflame+1","floor":22},{"not_picked":["Flex","Rupture","Searing Blow"],"picked":"Battle Trance+1","floor":23},{"not_picked":["Sword Boomerang+1","Warcry","Thunderclap"],"picked":"Inflame+1","floor":27},{"not_picked":["Thunderclap","Rage","Heavy Blade"],"picked":"Metallicize+1","floor":29},{"not_picked":["Cleave","Combust","Perfected Strike+1","Dropkick"],"picked":"SKIP","floor":31}],"player_experience":2218235,"relics_obtained":[{"floor":7.0,"key":"Akabeko"},{"floor":9.0,"key":"Ancient Tea Set"},{"floor":11.0,"key":"Mummified Hand"},{"floor":14.0,"key":"MawBank"},{"floor":23,"key":"Omamori"},{"floor":26,"key":"Strawberry"},{"floor":27,"key":"TungstenRod"},{"floor":28,"key":"Red Mask"},{"floor":31,"key":"MealTicket"}],"event_choices":[{"damage_healed":0.0,"max_hp_gain":0.0,"max_hp_loss":0.0,"gold_gain":75.0,"event_name":"FaceTrader","player_choice":"Touch","floor":2.0,"gold_loss":0.0,"damage_taken":8.0},{"cards_removed":["Strike_R"],"damage_healed":0,"gold_gain":0,"player_choice":"Purged","damage_taken":0,"max_hp_gain":0,"max_hp_loss":0,"event_name":"Purifier","floor":21,"gold_loss":0},{"damage_healed":0,"gold_gain":0,"player_choice":"Fought Bandits","damage_taken":0,"max_hp_gain":0,"max_hp_loss":0,"event_name":"Masked Bandits","floor":28,"gold_loss":0}],"is_beta":false,"boss_relics":[{"not_picked":["Empty Cage","Runic Dome"],"picked":"Mark of Pain"}],"items_purged_floors":[19],"is_endless":false,"potions_floor_spawned":[1,8,13,16,22,28,31],"killed_by":"Automaton","ascension_level":7}}