{"host":"f14d6hm2349s9jse","time":1608744050,"event":{"mods":["2.2 Compatiblity","BaseMod","Minty Spire (QoL Compilation)","StSLib","The Necromancer"],"gold_per_floor":[163,178,178,188,363,363,392,392,392,392,227,257,267,342,342,444,444,464,464,130,144,163,192,5,5,5,5,18,36,36,55,55,152,152,169,169,169,169,169,200,214,225,225,235,270,270,283,302,302,302,302,302,41,68,68,68],"floor_reached":55,"playtime":3396,"items_purged":[],"score":832,"play_id":"93ced863-b690-4ee5-8ec7-dbfc93503ac3","local_time":"20201223122050","is_ascension_mode":false,"campfire_choices":[{"data":"Summon_Undead_Army","floor":6,"key":"SMITH"},{"data":"Vampiric_Strike","floor":8,"key":"SMITH"},{"floor":10,"key":"RECALL"},{"floor":15,"key":"REST"},{"floor":32,"key":"REST"},{"floor":46,"key":"REST"},{"floor":49,"key":"REST"},{"floor":52,"key":"REST"}],"circlet_count":0,"master_deck":["Negative_Energy_Arrows","Bone_Wall+1","Summon_Undead_Army+1","Acid_Javelin","Doubt","Skeleton_Dragon","Bone_Armory","Spectral_Walk","Bone_Armor","Negative_Energy_Javelin","Blood_Whip","Summon_Vampire_Lady","Spectral_Armor","Summon_Lich","Siphon_Strength+1","Life_Drain","Negative_Energy_Burst","Summon_Undead_Army+1","Apotheosis","Negative_Energy_Shield","Hellfire","Shade_Step","Negative_Energy_Mist","Negative_Energy_Javelin","Stop_Heart+1","Grasp_Heart","Negative_Energy_Burst","Corrupt","Bones_to_Steel","Summon_Vampire_Lady","Shade_Step","Spectral_Armor","Madness","Madness","Spectral_Armor","Negative_Energy_Mist","Spectral_Armor","Negative_Energy_Mist+1","Negative_Energy_Mist+1","Vampiric_Strike+1","Bone_Prison","Sadistic Nature","Summon_Undead_Army+1"],"relics":["Tiny House","Mango","Mercury Hourglass","Art of War","Fusion Hammer","War Paint","Pantograph","Bottled Tornado","Pandora\u0027s Box","Vajra","Boot","Happy Flower","Eternal Feather"],"acts_visited":["Exordium","TheCity","TheBeyond","TheEnding"],"potions_floor_usage":[12,16,23,23,31,54,55,55],"damage_taken":[{"damage":0,"enemies":"Small Slimes","floor":1,"turns":3},{"damage":0,"enemies":"Jaw Worm","floor":2,"turns":4},{"damage":0,"enemies":"2 Louse","floor":4,"turns":2},{"damage":9,"enemies":"Lagavulin","floor":7,"turns":7},{"damage":24,"enemies":"Gremlin Nob","floor":12,"turns":4},{"damage":0,"enemies":"2 Fungi Beasts","floor":13,"turns":3},{"damage":6,"enemies":"Hexaghost","floor":16,"turns":9},{"damage":5,"enemies":"3 Byrds","floor":18,"turns":4},{"damage":5,"enemies":"Chosen","floor":21,"turns":4},{"damage":11,"enemies":"Snecko","floor":22,"turns":5},{"damage":21,"enemies":"Book of Stabbing","floor":23,"turns":5},{"damage":9,"enemies":"Snake Plant","floor":28,"turns":4},{"damage":7,"enemies":"Centurion and Healer","floor":29,"turns":7},{"damage":0,"enemies":"3 Cultists","floor":31,"turns":3},{"damage":29,"enemies":"Champ","floor":33,"turns":8},{"damage":12,"enemies":"3 Darklings","floor":35,"turns":5},{"damage":50,"enemies":"Giant Head","floor":40,"turns":10},{"damage":16,"enemies":"Orb Walker","floor":41,"turns":4},{"damage":21,"enemies":"Jaw Worm Horde","floor":42,"turns":6},{"damage":30,"enemies":"3 Darklings","floor":44,"turns":4},{"damage":24,"enemies":"Nemesis","floor":45,"turns":7},{"damage":0,"enemies":"Maw","floor":47,"turns":7},{"damage":9,"enemies":"Spire Growth","floor":48,"turns":4},{"damage":82,"enemies":"Awakened One","floor":50,"turns":13},{"damage":77,"enemies":"Shield and Spear","floor":54,"turns":6},{"damage":103,"enemies":"The Heart","floor":55,"turns":6}],"seed_played":"8852568847236784773","potions_obtained":[{"floor":0,"key":"SneckoOil"},{"floor":1,"key":"SneckoOil"},{"floor":4,"key":"EntropicBrew"},{"floor":18,"key":"LiquidBronze"},{"floor":28,"key":"DuplicationPotion"},{"floor":33,"key":"Weak Potion"},{"floor":41,"key":"AttackPotion"}],"is_trial":false,"path_per_floor":["M","M","?","M","?","R","E","R","T","R","$","E","M","?","R","B",null,"M","?","$","M","M","E","$","?","T","?","M","M","T","M","R","B",null,"M","?","?","?","?","E","M","M","T","M","E","R","M","M","R","B",null,"R","$","E","B"],"character_chosen":"NECROMANCER","items_purchased":["Bone_Armory","Spectral_Walk","Bone_Armor","Summon_Lich","Siphon_Strength","Life_Drain","War Paint","Apotheosis","Bone_Prison","Sadistic Nature"],"campfire_rested":5,"item_purchase_floors":[11,11,11,20,20,20,20,24,53,53],"current_hp_per_floor":[80,80,64,64,64,64,71,71,71,71,71,47,49,38,66,63,94,93,74,74,81,87,87,87,87,87,87,96,99,99,99,99,94,99,99,99,87,87,87,85,84,90,90,78,94,99,99,99,99,83,99,99,99,43,0,0],"gold":68,"neow_bonus":"BOSS_RELIC","is_daily":false,"chose_seed":false,"campfire_upgraded":2,"win_rate":0.0,"timestamp":1608744050,"path_taken":["M","M","?","M","?","R","E","R","T","R","$","E","?","?","R","BOSS","M","?","$","M","M","E","$","?","T","?","M","?","?","M","R","BOSS","M","?","?","?","?","E","?","M","T","?","E","R","M","M","R","BOSS","R","$","E","BOSS"],"items_purchased_type":["Card","Card","Card","Card","Card","Card","Relic","Card","Card","Card"],"build_version":"2020-12-22","purchased_purges":0,"victory":false,"max_hp_per_floor":[80,80,80,80,80,80,94,94,94,94,94,94,94,94,94,94,94,94,99,99,99,99,99,99,99,99,99,99,99,99,99,99,99,99,99,99,99,99,99,99,99,99,99,99,99,99,99,99,99,99,99,99,99,99,99,99],"card_choices":[{"not_picked":["Summon_Undead","Bone_Shift"],"picked":"Summon_Undead_Army","floor":0},{"not_picked":["Slay_Living","Bone_Bullets"],"picked":"Acid_Javelin","floor":1},{"not_picked":["Finger_Of_Death","Necromantic_Selection","Blood_Curse"],"picked":"SKIP","floor":2},{"not_picked":["Scare","Shackles_Of_Pain"],"picked":"Vampiric_Strike","floor":4},{"not_picked":["Spectral_Armor","Summon_Undead"],"picked":"Skeleton_Dragon","floor":7},{"not_picked":["Bone_Bullets","Blood_Curse"],"picked":"Negative_Energy_Javelin","floor":12},{"not_picked":["Shackles_Of_Pain","Death_Coil"],"picked":"Blood_Whip","floor":13},{"not_picked":["Reap_The_Weak","Detonate_Bones"],"picked":"Summon_Vampire_Lady","floor":16},{"not_picked":["Bone_Shift+1","Pandemic"],"picked":"Spectral_Armor","floor":18},{"not_picked":["Toxic_Smoke_Screen","Epidemic","Death_Coil"],"picked":"SKIP","floor":21},{"not_picked":["Death_Coil","Toxic_Smoke_Screen"],"picked":"Negative_Energy_Burst","floor":22},{"not_picked":["Reap_The_Weak","Shade_Step"],"picked":"Summon_Undead_Army+1","floor":23},{"not_picked":["Scare","Slay_Living"],"picked":"Negative_Energy_Mist","floor":28},{"not_picked":["Necromantic_Selection+1","Death_March_Dance"],"picked":"Negative_Energy_Javelin","floor":29},{"not_picked":["Thousand_Bone_Knives","Negative_Energy_Sphere"],"picked":"Stop_Heart+1","floor":31},{"not_picked":["Negative_Energy_Bomb","Blood_Magic"],"picked":"Grasp_Heart","floor":33},{"not_picked":["Bone_Spikes","Blood_Whip+1"],"picked":"Spectral_Armor","floor":35},{"not_picked":["Flesh_Made_Foul","Scare+1","Finger_Of_Death"],"picked":"SKIP","floor":40},{"not_picked":["Whirlwind_of_Bones","Bone_Bullets","Pandemic+1"],"picked":"SKIP","floor":41},{"not_picked":["Blood_Is_Power+1","Blood_Whip"],"picked":"Negative_Energy_Mist","floor":42},{"not_picked":["Blood_Whip+1","Chill_Blood+1"],"picked":"Spectral_Armor","floor":44},{"not_picked":["Death_March_Dance","Death_Coil+1"],"picked":"Negative_Energy_Mist+1","floor":45},{"not_picked":["Negative_Energy_Sphere+1","Grasp_Heart"],"picked":"Negative_Energy_Mist+1","floor":47},{"not_picked":["Bone_Bullets","Death_Coil"],"picked":"Vampiric_Strike+1","floor":48},{"not_picked":["Shackles_Of_Pain","Bone_Armor+1"],"picked":"Summon_Undead_Army+1","floor":54}],"player_experience":2471092,"relics_obtained":[{"floor":7,"key":"Mango"},{"floor":9,"key":"Mercury Hourglass"},{"floor":12,"key":"Art of War"},{"floor":23,"key":"Pantograph"},{"floor":26,"key":"Bottled Tornado"},{"floor":40,"key":"Vajra"},{"floor":43,"key":"Boot"},{"floor":45,"key":"Happy Flower"},{"floor":54,"key":"Eternal Feather"}],"event_choices":[{"damage_healed":0,"gold_gain":0,"player_choice":"Entered Light","damage_taken":16,"max_hp_gain":0,"max_hp_loss":0,"event_name":"Shining Light","floor":3,"gold_loss":0,"cards_upgraded":["Strike_W","Defend_W"]},{"damage_healed":0,"gold_gain":175,"player_choice":"AGREE","damage_taken":0,"max_hp_gain":0,"max_hp_loss":0,"event_name":"Liars Game","floor":5,"gold_loss":0,"cards_obtained":["Doubt"]},{"damage_healed":0,"gold_gain":75,"player_choice":"Gather Gold","damage_taken":11,"max_hp_gain":0,"max_hp_loss":0,"event_name":"World of Goop","floor":14,"gold_loss":0},{"damage_healed":0,"gold_gain":0,"player_choice":"Shed Blood","damage_taken":24,"max_hp_gain":5,"max_hp_loss":0,"event_name":"Forgotten Altar","floor":19,"gold_loss":0},{"damage_healed":0,"gold_gain":0,"cards_transformed":["Defend_W","Strike_W"],"player_choice":"Became Test Subject","damage_taken":0,"max_hp_gain":0,"max_hp_loss":0,"event_name":"Drug Dealer","floor":25,"gold_loss":0,"cards_obtained":["Negative_Energy_Shield","Hellfire"]},{"damage_healed":0,"gold_gain":0,"player_choice":"Read","damage_taken":0,"max_hp_gain":0,"max_hp_loss":0,"event_name":"The Library","floor":27,"gold_loss":0,"cards_obtained":["Shade_Step"]},{"damage_healed":0,"gold_gain":0,"player_choice":"Ignored","damage_taken":0,"max_hp_gain":0,"max_hp_loss":0,"event_name":"Tomb of Lord Red Mask","floor":36,"gold_loss":0},{"damage_healed":0,"gold_gain":0,"player_choice":"Embrace Madness","damage_taken":12,"max_hp_gain":0,"max_hp_loss":0,"event_name":"Winding Halls","floor":37,"gold_loss":0,"cards_obtained":["Madness","Madness"]},{"cards_removed":["Vampiric_Strike"],"damage_healed":0,"gold_gain":0,"player_choice":"Removed Attack","damage_taken":0,"max_hp_gain":0,"max_hp_loss":0,"event_name":"Falling","floor":38,"gold_loss":0},{"damage_healed":0,"gold_gain":0,"cards_transformed":["Scare"],"player_choice":"Transformed","damage_taken":0,"max_hp_gain":0,"max_hp_loss":0,"event_name":"Transmorgrifier","floor":39,"gold_loss":0,"cards_obtained":["Spectral_Armor"]}],"is_beta":false,"boss_relics":[{"not_picked":["SacredBark","Ectoplasm"],"picked":"Fusion Hammer"},{"not_picked":["Philosopher\u0027s Stone","SlaversCollar"],"picked":"Pandora\u0027s Box"}],"items_purged_floors":[],"is_endless":false,"potions_floor_spawned":[1,4,18,28,33,41,42,45],"killed_by":"The Heart","ascension_level":0}}