{"host":"xhamcave7q47vrco","time":1608705524,"event":{"mods":["ATMod(°¢èªMod)","AchievementEnabler","BaseMod","BetterRewards","Card Forge","Colored Powertips","Minty Spire (QoL Compilation)","Permanent Neow","Quick Restart","Remove Card Discount Mod","Shop Mod","StSLib","¡¾ÒÅÎï¿¨ÅÆ¡¿REMEMod"],"gold_per_floor":[115,290,290,304,315,349,349,374,397,407,163,163,163,238,238,337,337,356,371,371,224,234,234,249,281,281,313,313,330,330,350,350,448,448,462,512,512,512,55,55,112,148,198,249,249,334,334,375,375,450,450,450,306,386,411],"floor_reached":56,"playtime":2369,"items_purged":["Doubt"],"score":2023,"play_id":"56329987-480f-432c-bf84-0d5d39fa6eca","local_time":"20201223143844","is_ascension_mode":true,"campfire_choices":[{"floor":7,"key":"RECALL"},{"data":"AT_CaressingTears","floor":15,"key":"SMITH"},{"data":"Master of Strategy","floor":23,"key":"SMITH"},{"floor":28,"key":"REST"},{"floor":32,"key":"REST"},{"data":"Body Slam","floor":40,"key":"SMITH"},{"floor":49,"key":"REST"},{"floor":52,"key":"REST"}],"circlet_count":0,"master_deck":["Berserk+1","Body Slam+1","Barricade+1","Entrench+1","AT_ShrugMaster+1","AT_CaressingTears+1","Shrug It Off+1","Impervious+1","Genetic Algorithm+1","Panacea+1","Master of Strategy+1","Trip+1","Blind+1","Body Slam+1","Entrench+1","Panacea+1","REME_ACTH+1","Body Slam+1"],"relics":["Burning Blood","Hammer of Thor","Seething Fire","Anvil of the Gods","REME_ComplimentaryCards","AT_ATBox","Dream Catcher","Happy Flower","Whetstone","AT_BellowingDragoncrestRing","Runic Pyramid","CultistMask","AT_SeraphEmbrace","War Paint","Red Skull","Mango","Busted Crown","Champion Belt","FossilizedHelix","AT_MibuBalloonWealth","AT_ImmortalShieldbow","Blood Vial","Mercury Hourglass","Molten Egg 2","Frozen Eye","Bottled Lightning"],"acts_visited":["Exordium","TheCity","TheBeyond","TheEnding"],"potions_floor_usage":[],"damage_taken":[{"damage":12,"enemies":"2 Louse","floor":1,"turns":4},{"damage":0,"enemies":"Cultist","floor":4,"turns":4},{"damage":0,"enemies":"Jaw Worm","floor":5,"turns":4},{"damage":0,"enemies":"Gremlin Nob","floor":6,"turns":4},{"damage":10,"enemies":"3 Sentries","floor":8,"turns":6},{"damage":0,"enemies":"2 Fungi Beasts","floor":10,"turns":3},{"damage":0,"enemies":"The Guardian","floor":16,"turns":3},{"damage":0,"enemies":"Spheric Guardian","floor":18,"turns":2},{"damage":0,"enemies":"Chosen","floor":19,"turns":1},{"damage":0,"enemies":"Shelled Parasite and Fungi","floor":22,"turns":3},{"damage":0,"enemies":"Snake Plant","floor":24,"turns":2},{"damage":24,"enemies":"Slavers","floor":25,"turns":3},{"damage":0,"enemies":"Book of Stabbing","floor":27,"turns":2},{"damage":0,"enemies":"Snecko","floor":29,"turns":2},{"damage":0,"enemies":"3 Cultists","floor":31,"turns":3},{"damage":0,"enemies":"Champ","floor":33,"turns":2},{"damage":0,"enemies":"3 Shapes","floor":35,"turns":3},{"damage":0,"enemies":"Mind Bloom Boss Battle","floor":36,"turns":2},{"damage":0,"enemies":"Nemesis","floor":41,"turns":1},{"damage":0,"enemies":"Orb Walker","floor":42,"turns":2},{"damage":0,"enemies":"Giant Head","floor":44,"turns":2},{"damage":0,"enemies":"Sphere and 2 Shapes","floor":46,"turns":1},{"damage":0,"enemies":"Transient","floor":48,"turns":2},{"damage":0,"enemies":"Awakened One","floor":50,"turns":2},{"damage":0,"enemies":"Shield and Spear","floor":54,"turns":1},{"damage":0,"enemies":"The Heart","floor":55,"turns":3}],"seed_played":"-2950135364182139065","potions_obtained":[{"floor":1,"key":"PowerPotion"},{"floor":6,"key":"Swift Potion"},{"floor":22,"key":"DuplicationPotion"},{"floor":24,"key":"CultistPotion"},{"floor":35,"key":"BloodPotion"},{"floor":36,"key":"AttackPotion"},{"floor":48,"key":"Ancient Potion"}],"is_trial":false,"path_per_floor":["M","?","?","M","M","E","R","E","T","M","$","?","$","?","R","B",null,"M","M","?","$","M","R","M","E","T","E","R","M","$","M","R","B",null,"M","?","?","?","$","R","E","M","T","E","T","M","?","M","R","B",null,"R","$","E","B",null],"character_chosen":"IRONCLAD","items_purchased":["AT_BellowingDragoncrestRing","AT_ArchangelStaff","FossilizedHelix","AT_MibuBalloonWealth","Frozen Eye"],"campfire_rested":4,"item_purchase_floors":[11,21,39,39,53],"current_hp_per_floor":[74,74,74,80,80,80,80,80,80,80,80,85,85,74,74,80,84,85,85,85,85,85,85,85,75,75,95,99,99,99,99,99,99,99,99,99,99,99,99,99,99,99,99,99,99,99,99,99,99,99,99,99,99,99,99],"gold":411,"neow_bonus":"RANDOM_COMMON_RELIC","is_daily":false,"chose_seed":false,"campfire_upgraded":3,"win_rate":0.0,"timestamp":1608705524,"path_taken":["M","?","?","M","?","E","R","E","T","M","$","?","?","?","R","BOSS","M","M","?","$","?","R","M","E","T","E","R","M","$","M","R","BOSS","M","?","?","?","$","R","E","?","T","E","?","M","?","?","R","BOSS","R","$","E","BOSS"],"items_purchased_type":["Relic","Relic","Relic","Relic","Relic"],"build_version":"2020-12-22","purchased_purges":1,"victory":true,"max_hp_per_floor":[80,80,80,80,80,80,80,80,80,80,80,85,85,85,85,85,85,85,85,85,85,85,85,85,85,85,99,99,99,99,99,99,99,99,99,99,99,99,99,99,99,99,99,99,99,99,99,99,99,99,99,99,99,99,99],"card_choices":[{"not_picked":["Anger","REME_SingleHolding","Pummel"],"picked":"SKIP","floor":1},{"not_picked":["REME_FearOfPain","Thunderclap","Sword Boomerang"],"picked":"SKIP","floor":4},{"not_picked":["Cleave","Perfected Strike","Anger"],"picked":"SKIP","floor":5},{"not_picked":["Blood for Blood","AT_IchimonjiDouble"],"picked":"REME_ACTH","floor":6},{"not_picked":["Shockwave","Twin Strike","Shrug It Off"],"picked":"SKIP","floor":8},{"not_picked":["AT_IchimonjiDouble","Cleave","Iron Wave"],"picked":"SKIP","floor":10},{"not_picked":["AT_IchimonjiDouble","Wild Strike","Reckless Charge+1"],"picked":"SKIP","floor":18},{"not_picked":["Flex+1","True Grit+1","Disarm"],"picked":"SKIP","floor":19},{"not_picked":["AT_DiedThrough","Thunderclap","Wild Strike"],"picked":"SKIP","floor":22},{"not_picked":["Iron Wave+1","Ghostly Armor","Pummel"],"picked":"SKIP","floor":24},{"not_picked":["AT_DiedThrough","Offering","Clash"],"picked":"SKIP","floor":25},{"not_picked":["Dual Wield","Twin Strike+1","Warcry"],"picked":"SKIP","floor":27},{"not_picked":["Iron Wave","Havoc","Rage"],"picked":"SKIP","floor":29},{"not_picked":["Flex","Wild Strike+1","Rupture+1"],"picked":"SKIP","floor":31},{"not_picked":[],"picked":"Body Slam","floor":35},{"not_picked":["Power Through+1"],"picked":"SKIP","floor":41},{"not_picked":["Clothesline+1"],"picked":"SKIP","floor":42},{"not_picked":["Thunderclap"],"picked":"SKIP","floor":44},{"not_picked":["Clash+1"],"picked":"SKIP","floor":46},{"not_picked":["Feel No Pain"],"picked":"SKIP","floor":48},{"not_picked":["Infernal Blade"],"picked":"SKIP","floor":54}],"player_experience":54531,"relics_obtained":[{"floor":6,"key":"Happy Flower"},{"floor":8,"key":"Whetstone"},{"floor":25,"key":"War Paint"},{"floor":26,"key":"Red Skull"},{"floor":27,"key":"Mango"},{"floor":36,"key":"Champion Belt"},{"floor":41,"key":"AT_ImmortalShieldbow"},{"floor":43,"key":"Blood Vial"},{"floor":44,"key":"Mercury Hourglass"},{"floor":45,"key":"Molten Egg 2"},{"floor":54,"key":"Bottled Lightning"}],"event_choices":[{"damage_healed":0,"gold_gain":175,"player_choice":"AGREE","damage_taken":0,"max_hp_gain":0,"max_hp_loss":0,"event_name":"Liars Game","floor":2,"gold_loss":0,"cards_obtained":["Doubt"]},{"damage_healed":0,"gold_gain":0,"player_choice":"0 cards matched","damage_taken":0,"max_hp_gain":0,"max_hp_loss":0,"event_name":"Match and Keep!","floor":3,"gold_loss":0,"cards_obtained":[]},{"damage_healed":0,"gold_gain":0,"player_choice":"Donut","damage_taken":0,"max_hp_gain":5,"max_hp_loss":0,"event_name":"Big Fish","floor":12,"gold_loss":0},{"damage_healed":0,"gold_gain":75,"player_choice":"Gather Gold","damage_taken":11,"max_hp_gain":0,"max_hp_loss":0,"event_name":"World of Goop","floor":14,"gold_loss":0},{"damage_healed":0,"gold_gain":0,"player_choice":"Trade","damage_taken":0,"relics_obtained":["CultistMask"],"max_hp_gain":0,"max_hp_loss":0,"event_name":"FaceTrader","floor":20,"gold_loss":0},{"damage_healed":0,"gold_gain":0,"player_choice":"Fight","damage_taken":0,"max_hp_gain":0,"max_hp_loss":0,"event_name":"MindBloom","floor":36,"gold_loss":0},{"cards_removed":["Metallicize"],"damage_healed":0,"gold_gain":0,"player_choice":"Removed Power","damage_taken":0,"max_hp_gain":0,"max_hp_loss":0,"event_name":"Falling","floor":37,"gold_loss":0},{"damage_healed":0,"gold_gain":0,"player_choice":"Ignored","damage_taken":0,"max_hp_gain":0,"max_hp_loss":0,"event_name":"Transmorgrifier","floor":38,"gold_loss":0},{"damage_healed":0,"gold_gain":0,"player_choice":"Ignored","damage_taken":0,"max_hp_gain":0,"max_hp_loss":0,"event_name":"Purifier","floor":47,"gold_loss":0}],"is_beta":false,"boss_relics":[{"not_picked":["Runic Dome","REME_DuelDisc"],"picked":"Runic Pyramid"},{"not_picked":["Coffee Dripper","Snecko Eye"],"picked":"Busted Crown"}],"items_purged_floors":[11],"is_endless":false,"potions_floor_spawned":[1,6,22,24,27,33,35,36,46,48,54],"ascension_level":5}}