{"host":"o7j6aatxjwpw1421","time":1608748244,"event":{"mods":["2.2 Compatiblity","BaseMod","Colored Map","DeckTracker","Highlight Path","Keyboard Shortcuts","Minty Spire (QoL Compilation)","Permanent Neow","Quick Restart","StSLib","SuperFastMode","everything is the same but u backflip on backflip"],"gold_per_floor":[112,187,204,204,217,217,228,228,228,255,266,283,316,334,334,431,431,450,41,60,60,75,75,101,101,101,101,101],"floor_reached":27,"playtime":1919,"items_purged":["Bash"],"score":380,"play_id":"02e59dda-f380-48fb-aa19-ef1b67a3ca36","local_time":"20201224033044","is_ascension_mode":true,"campfire_choices":[{"data":"Bludgeon","floor":6.0,"key":"SMITH"},{"data":"Pummel","floor":8.0,"key":"SMITH"},{"data":"Limit Break","floor":15.0,"key":"SMITH"},{"data":"Evolve","floor":23.0,"key":"SMITH"},{"floor":25.0,"key":"REST"}],"circlet_count":0,"master_deck":["AscendersBane","Bludgeon+1","Spot Weakness","Fire Breathing","Second Wind","Pummel+1","Limit Break+1","Thunderclap","Flex","Disarm","Impervious","True Grit","Entrench+1","Reckless Charge","Rupture","Twin Strike","Reckless Charge","Flex","Disarm","Shockwave+1","Evolve+1","Dual Wield","Power Through"],"relics":["Burning Blood","Pear","Mercury Hourglass","Question Card","Pandora\u0027s Box","HornCleat","Ornamental Fan","Singing Bowl"],"acts_visited":["Exordium","TheCity"],"potions_floor_usage":[],"damage_taken":[{"damage":10.0,"enemies":"Small Slimes","floor":1.0,"turns":5.0},{"damage":0.0,"enemies":"2 Louse","floor":3.0,"turns":4.0},{"damage":11.0,"enemies":"Cultist","floor":5.0,"turns":4.0},{"damage":7.0,"enemies":"2 Fungi Beasts","floor":7.0,"turns":4.0},{"damage":20.0,"enemies":"Gremlin Nob","floor":10.0,"turns":4.0},{"damage":17.0,"enemies":"Exordium Wildlife","floor":11.0,"turns":5.0},{"damage":10.0,"enemies":"Lots of Slimes","floor":12.0,"turns":3.0},{"damage":30.0,"enemies":"Lagavulin","floor":13.0,"turns":6.0},{"damage":2.0,"enemies":"Looter","floor":14.0,"turns":3.0},{"damage":13.0,"enemies":"Slime Boss","floor":16.0,"turns":6.0},{"damage":0.0,"enemies":"Chosen","floor":18.0,"turns":1.0},{"damage":20.0,"enemies":"2 Thieves","floor":20.0,"turns":3.0},{"damage":36.0,"enemies":"3 Cultists","floor":22.0,"turns":5.0},{"damage":29.0,"enemies":"Gremlin Leader","floor":24.0,"turns":6.0},{"damage":32,"enemies":"Slavers","floor":27,"turns":4}],"seed_played":"7450050000497321322","potions_obtained":[{"floor":1.0,"key":"AttackPotion"},{"floor":12.0,"key":"CultistPotion"},{"floor":14.0,"key":"Block Potion"},{"floor":16.0,"key":"SteroidPotion"},{"floor":20.0,"key":"Ancient Potion"}],"is_trial":false,"path_per_floor":["M","?","M","?","M","R","M","R","T","E","M","M","E","M","R","B",null,"M","$","M","?","M","R","E","R","T","E"],"character_chosen":"IRONCLAD","items_purchased":["Evolve","HornCleat"],"campfire_rested":1,"item_purchase_floors":[19,19],"current_hp_per_floor":[68,57,63,63,58,58,57,57,67,53,42,38,14,18,18,11,70,76,76,62,62,32,32,9,36,36,4,4],"gold":101,"neow_bonus":"ONE_RANDOM_RARE_CARD","is_daily":false,"chose_seed":false,"campfire_upgraded":4,"win_rate":0.0,"timestamp":1608748244,"path_taken":["M","?","M","?","M","R","M","R","T","E","M","M","E","M","R","BOSS","M","$","M","?","M","R","E","R","T","E"],"items_purchased_type":["Card","Relic"],"build_version":"2020-12-22","purchased_purges":1,"victory":false,"max_hp_per_floor":[80,80,80,80,80,80,80,80,90,90,90,90,90,90,90,90,90,90,90,90,90,90,90,90,90,90,90,90],"card_choices":[{"not_picked":["Cleave","Heavy Blade"],"picked":"Spot Weakness","floor":1.0},{"not_picked":["Twin Strike","Clash"],"picked":"Fire Breathing","floor":3.0},{"not_picked":["Intimidate","Uppercut"],"picked":"Second Wind","floor":5.0},{"not_picked":["Flame Barrier","Hemokinesis"],"picked":"Pummel","floor":7.0},{"not_picked":["Body Slam","Havoc"],"picked":"Limit Break","floor":10.0},{"not_picked":["True Grit","Warcry"],"picked":"Thunderclap","floor":11.0},{"not_picked":["Perfected Strike","Cleave","Clash"],"picked":"SKIP","floor":12.0},{"not_picked":["Perfected Strike","Havoc"],"picked":"Flex","floor":13.0},{"not_picked":["Fire Breathing","Combust","Heavy Blade"],"picked":"Disarm","floor":14.0},{"not_picked":["Berserk","Fiend Fire","Exhume"],"picked":"Impervious","floor":16.0},{"not_picked":["Clash","Infernal Blade","Dark Embrace"],"picked":"Shockwave+1","floor":18.0},{"not_picked":["Armaments","Wild Strike","True Grit"],"picked":"Dual Wield","floor":20.0},{"not_picked":["Rage","Flex","Anger"],"picked":"Power Through","floor":22.0},{"not_picked":["True Grit+1","Wild Strike+1","Twin Strike","Iron Wave"],"picked":"SKIP","floor":24.0}],"player_experience":348779,"relics_obtained":[{"floor":9.0,"key":"Pear"},{"floor":10.0,"key":"Mercury Hourglass"},{"floor":13.0,"key":"Question Card"},{"floor":24.0,"key":"Ornamental Fan"},{"floor":26.0,"key":"Singing Bowl"}],"event_choices":[{"damage_healed":0.0,"max_hp_gain":0.0,"max_hp_loss":0.0,"gold_gain":75.0,"event_name":"World of Goop","player_choice":"Gather Gold","floor":2.0,"gold_loss":0.0,"damage_taken":11.0},{"cards_removed":["Strike_R"],"damage_healed":0.0,"max_hp_gain":0.0,"max_hp_loss":0.0,"gold_gain":0.0,"event_name":"Living Wall","player_choice":"Forget","floor":4.0,"gold_loss":0.0,"damage_taken":0.0},{"damage_healed":0.0,"max_hp_gain":0.0,"max_hp_loss":0.0,"gold_gain":0.0,"event_name":"Upgrade Shrine","player_choice":"Upgraded","floor":21.0,"gold_loss":0.0,"damage_taken":0.0,"cards_upgraded":["Entrench"]}],"is_beta":false,"boss_relics":[{"not_picked":["Coffee Dripper","Sozu"],"picked":"Pandora\u0027s Box"}],"items_purged_floors":[19],"is_endless":false,"potions_floor_spawned":[1,12,13,14,16,20],"killed_by":"Slavers","ascension_level":11}}