{"host":"jrpypersx2nqejuc","time":1608763069,"event":{"mods":["2.2 Compatiblity","AlwaysNeverKeys","BaseMod","Better Sensory Stone","Better Skull","BetterRewards","CapriCore","Card Forge","Colored Map","Colored Powertips","Conspire","Displayed Cursed Tome","Downfall","Energized Spire","Highlight Path","Infinite Spire","Jorbs\u0027s Wanderer Trilogy","Marked Mod","Minty Spire (QoL Compilation)","Replay The Spire","Shop Mod","StSLib","The Animator","The Marked","Wandering Minibosses","??????REMEMod"],"gold_per_floor":[442,666,726,95,135,217,88,150,201,292,316,240,282,338,338,492,492,557,497,555,516,581,591,487,599,599,585,616,626,626,644,710,891,891,906,906,871,916,928,933,995,1046,1094,1094,1187,1277,1354,1423,1423,1468,1468,1468,331,393,408],"floor_reached":56,"playtime":4419,"items_purged":[],"score":2017,"play_id":"0be9869f-1cfd-44d1-af3d-927d08e13cd0","local_time":"20201223143749","is_ascension_mode":true,"campfire_choices":[{"floor":15,"key":"REST"},{"floor":49,"key":"REST"},{"floor":52,"key":"REST"}],"circlet_count":0,"master_deck":["theMarked:SoldierOfQuellstein+1","animator:Strike_Konosuba+1","animator:BlackLotus+1","expansioncontent:DecasProtection+1","FameAndFortune","Finesse+1","Flash of Steel+1","Pot Of Greed+1","animator:Defend_Konosuba+1","animator:Strike_TenSura+1","Insight+1","Master of Strategy+1","Miracle+1","ReplayTheSpireMod:Private Reserves+1","theMarked:WardOff+1","theMarked:BanishingWave+1","theMarked:MysticalArsenal+1","theMarked:EnhanceMovement+1","theMarked:DeterminationOfTheMarked+1","theMarked:Parkour+1","theMarked:Seal+1","theMarked:ComboAttacks+1","theMarked:EmpowerWeapon+1","theMarked:BindingBlade+1","theMarked:MagicAdept+1","theMarked:EternalStudent+1","theMarked:TakeOffHeels+1","theMarked:ThrowWeapon+1","infinitespire:Execution+1","theMarked:RogueSparks+1","theMarked:ParalyzingBlade+1","Finesse+1","theMarked:HeritageOfTheMarked+1","infinitespire:UltimateForm+1","ReplayTheSpireMod:Splinters","theMarked:RepellingDischarge+1","theMarked:SummonStrength+1","theMarked:MuscleMemory+1","ReplayTheSpireMod:Private Reserves+1"],"relics":["theMarked:BronzeBlade","Hammer of Thor","Seething Fire","Anvil of the Gods","REME_ComplimentaryCards","Vajra","Regal Pillow","MerchantsRug","REME_CardOfGreed","Chameleon Ring","Snack Pack","Medical Kit","Replay:Baseball","ReplayTheSpireMod:CursedCoin","Bottled Lightning","Juzu Bracelet","Replay:Wax Seal","Mummified Hand","Ice Cream","Red Mask","REME_OnlineShoppingPlatform","Replay:Ringing Soul","wanderingMiniBosses:CarrionFlame","theMarked:Gun","Happy Flower","ReplayTheSpireMod:Ring of Exchange","Ring of Misfortune","FossilizedHelix","REME_HandOfSuture","Replay:Bandana","Ancient Tea Set","theMarked:SpiritSword","Bronze Scales","Busted Crown","infinitespire:PuzzleCube","Whetstone"],"acts_visited":["Exordium","TheCity","TheBeyond","TheEnding"],"potions_floor_usage":[6,14,20,23,23,24,24,24,24,24,24,24,28,31,31,31,31,33,33,37,37,37,37,37,37,37,37,37,37,37,37,37,40,40,40,40,46,46,48,50,55,55,55,55,55,55,55],"damage_taken":[{"damage":0,"enemies":"conspire:RoseBush","floor":1,"turns":1},{"damage":0,"enemies":"Cultist","floor":3,"turns":2},{"damage":0,"enemies":"2 Louse","floor":5,"turns":2},{"damage":0,"enemies":"Lagavulin","floor":6,"turns":2},{"damage":0,"enemies":"Blue Slaver","floor":8,"turns":2},{"damage":0,"enemies":"Replay:BlueRogue","floor":10,"turns":2},{"damage":0,"enemies":"conspire:2 RoseBushes","floor":11,"turns":1},{"damage":0,"enemies":"Red Slaver","floor":13,"turns":1},{"damage":0,"enemies":"Gremlin Nob","floor":14,"turns":2},{"damage":0,"enemies":"The Guardian","floor":16,"turns":3},{"damage":0,"enemies":"3 Byrds","floor":18,"turns":2},{"damage":0,"enemies":"Masked Bandits","floor":20,"turns":1},{"damage":0,"enemies":"conspire:FuzzyDice","floor":22,"turns":2},{"damage":0,"enemies":"REME_1_Revenger","floor":23,"turns":2},{"damage":0,"enemies":"Snake Plant","floor":24,"turns":2},{"damage":0,"enemies":"3 Cultists","floor":25,"turns":3},{"damage":0,"enemies":"conspire:SneckoGhost","floor":28,"turns":2},{"damage":0,"enemies":"Chosen and Byrds","floor":29,"turns":2},{"damage":0,"enemies":"Nightmare","floor":31,"turns":2},{"damage":0,"enemies":"Champ","floor":33,"turns":2},{"damage":0,"enemies":"3 Darklings","floor":35,"turns":1},{"damage":0,"enemies":"infinitespire:Three Voidlings","floor":37,"turns":1},{"damage":84,"enemies":"Nightmare_Alpha","floor":37,"turns":6},{"damage":0,"enemies":"3 Shapes","floor":38,"turns":2},{"damage":0,"enemies":"Sphere and 2 Shapes","floor":39,"turns":1},{"damage":0,"enemies":"Nightmare","floor":40,"turns":3},{"damage":0,"enemies":"Giant Head","floor":42,"turns":3},{"damage":0,"enemies":"Writhing Mass","floor":46,"turns":2},{"damage":0,"enemies":"Jaw Worm Horde","floor":47,"turns":2},{"damage":0,"enemies":"Nemesis","floor":48,"turns":1},{"damage":0,"enemies":"Donu and Deca","floor":50,"turns":1},{"damage":0,"enemies":"Shield and Spear","floor":54,"turns":1},{"damage":0,"enemies":"The Heart","floor":55,"turns":3}],"seed_played":"6510393952339242275","potions_obtained":[{"floor":6,"key":"Explosive Potion"},{"floor":8,"key":"Weak Potion"},{"floor":10,"key":"hexamod:EctoCoolerPotion"},{"floor":13,"key":"Weak Potion"},{"floor":14,"key":"AttackPotion"},{"floor":16,"key":"DistilledChaos"}],"is_trial":false,"path_per_floor":["M","?","M","$","M","E","$","M","T","E","M","$","M","E","R","B",null,"M","?","?","$","M","E","M","M","T","$","E","M","?","NM","R_BF","B",null,"M","?","?","M","M","NM","$","E","T","AVR","?","M","M","E","R","B",null,"R","$","E","B",null],"character_chosen":"THE_DEFAULT","items_purchased":["MerchantsRug","REME_CardOfGreed","Adrenaline Potion","theMarked:MysticalArsenal","Chameleon Ring","Medical Kit","ReplayTheSpireMod:CursedCoin","theMarked:ComboAttacks","Bottled Lightning","REME_OnlineShoppingPlatform","Happy Flower","Finesse","theMarked:HeritageOfTheMarked","Busted Crown","theMarked:SummonStrength","infinitespire:PuzzleCube"],"campfire_rested":3,"item_purchase_floors":[4,4,4,4,4,7,12,12,12,21,27,41,41,53,53,53],"current_hp_per_floor":[70,8,8,8,8,8,8,10,10,12,14,14,16,20,56,64,70,70,70,70,70,70,73,73,73,73,73,76,76,79,81,81,84,84,86,83,6,9,14,18,21,25,25,28,33,39,43,49,99,105,118,118,121,124,127],"gold":408,"neow_bonus":"TWO_FIFTY_GOLD","is_daily":false,"chose_seed":false,"campfire_upgraded":0,"win_rate":0.0,"timestamp":1608763069,"path_taken":["M","?","M","$","M","E","?","M","T","E","M","$","?","E","R","BOSS","M","?","?","$","M","E","M","M","T","?","E","M","?","NM","R_BF","BOSS","M","?","?","M","M","NM","$","E","T","AVR","?","M","M","E","R","BOSS","R","$","E","BOSS"],"items_purchased_type":["Relic","Relic","Potion","Card","Relic","Relic","Relic","Card","Relic","Relic","Relic","Card","Card","Relic","Card","Relic"],"build_version":"2020-12-22","purchased_purges":0,"victory":true,"max_hp_per_floor":[70,70,70,70,70,70,70,70,70,70,70,70,70,70,70,70,70,70,70,70,70,70,73,73,73,73,73,76,76,79,81,81,84,84,86,86,91,94,97,99,102,104,104,107,112,114,116,118,118,118,118,118,121,124,127],"card_choices":[{"not_picked":["theMarked:Electrocute","theMarked:Aftermath"],"picked":"theMarked:WardOff","floor":1},{"not_picked":["theMarked:Improvise","theMarked:Aftermath"],"picked":"theMarked:BanishingWave","floor":3},{"not_picked":["theMarked:Seal","theMarked:TunnelVision"],"picked":"theMarked:EnhanceMovement","floor":5},{"not_picked":["theMarked:ChainLightning","theMarked:WastefulAttack"],"picked":"theMarked:DeterminationOfTheMarked","floor":6},{"not_picked":["theMarked:Frustration","theMarked:Static"],"picked":"theMarked:Parkour","floor":8},{"not_picked":["theMarked:FavorableWinds","theMarked:WastefulAttack"],"picked":"theMarked:Seal","floor":10},{"not_picked":["theMarked:PowerFlow","theMarked:Generate","theMarked:CreepingChasm"],"picked":"SKIP","floor":11},{"not_picked":["theMarked:Electrify","theMarked:Seal"],"picked":"theMarked:EmpowerWeapon","floor":13},{"not_picked":["theMarked:Aftermath","theMarked:ContemptForTheProud","theMarked:Snap"],"picked":"SKIP","floor":14},{"not_picked":["theMarked:FavorableWinds","theMarked:MuscleMemory"],"picked":"theMarked:BindingBlade","floor":16},{"not_picked":["Delirium","Voices"],"picked":"Decay","floor":17},{"not_picked":["Overencumbered","infinitespire:Pacifist"],"picked":"Sickly","floor":17},{"not_picked":["AbeCurse","conspire:Blindness"],"picked":"animator:Curse_Nutcracker","floor":17},{"not_picked":["theMarked:Electrocute+1","theMarked:ContemptForTheProud","theMarked:ChainLightning+1"],"picked":"SKIP","floor":18},{"not_picked":["theMarked:TwofoldDefense","theMarked:HeightenedSenses+1"],"picked":"theMarked:MagicAdept","floor":20},{"not_picked":["theMarked:ChainLightning+1","theMarked:EmpowerWeapon","theMarked:SwordAndMagic"],"picked":"SKIP","floor":22},{"not_picked":["theMarked:EnhancedHearing","theMarked:BanishingWave+1"],"picked":"theMarked:EternalStudent","floor":23},{"not_picked":["theMarked:Improvise","theMarked:WardOff+1","theMarked:KeepCalmAndFightOn+1"],"picked":"SKIP","floor":24},{"not_picked":["theMarked:Static","theMarked:Opportunist","theMarked:EmpowerWeapon"],"picked":"SKIP","floor":25},{"not_picked":["theMarked:DeterminationOfTheMarked","theMarked:HeightenedSenses"],"picked":"theMarked:TakeOffHeels","floor":28},{"not_picked":["theMarked:BanishingWave","theMarked:ResourceFulStrike","theMarked:Static"],"picked":"SKIP","floor":29},{"not_picked":["theMarked:DeterminationOfTheMarked","theMarked:TurnInvisible","theMarked:Aftermath"],"picked":"Singing Bowl","floor":31},{"not_picked":["theMarked:DispelDoubt","theMarked:Defy"],"picked":"theMarked:ThrowWeapon","floor":33},{"not_picked":["theMarked:Static+1","theMarked:Electrify+1","theMarked:ResourceFulStrike+1"],"picked":"Singing Bowl","floor":35},{"not_picked":["infinitespire:SealOfDarkness+","ReplayTheSpireMod:??????????????????????"],"picked":"infinitespire:Execution","floor":37},{"not_picked":["theMarked:Seal","theMarked:HeightenedSenses","theMarked:EnhancedHearing+1"],"picked":"Singing Bowl","floor":37},{"not_picked":["theMarked:ResourceFulStrike+1","theMarked:SelfDefenseTraining+1"],"picked":"theMarked:RogueSparks","floor":38},{"not_picked":["theMarked:Frustration+1","theMarked:Convert"],"picked":"theMarked:ParalyzingBlade+1","floor":39},{"not_picked":["theMarked:SwordAndMagic","theMarked:BanishingStrike+1","theMarked:Electrocute"],"picked":"Singing Bowl","floor":40},{"not_picked":["theMarked:Aftermath+1","theMarked:LightningStrikesTwice","theMarked:ContemptForTheProud+1"],"picked":"Singing Bowl","floor":42},{"not_picked":["theMarked:RogueSparks","theMarked:ElectricStrings+1"],"picked":"theMarked:RepellingDischarge+1","floor":45},{"not_picked":["theMarked:EmpowerWeapon","theMarked:ReduceFriction","theMarked:ChainLightning"],"picked":"Singing Bowl","floor":45},{"not_picked":["theMarked:PowerFlow","theMarked:Frustration","theMarked:HeightenedSenses"],"picked":"Singing Bowl","floor":46},{"not_picked":["theMarked:TakeCover","theMarked:Improvise+1","theMarked:StartUp"],"picked":"Singing Bowl","floor":47},{"not_picked":["theMarked:Generate+1","theMarked:ParalyzingBlade","theMarked:WardOff+1"],"picked":"Singing Bowl","floor":48},{"not_picked":[],"picked":"theMarked:MuscleMemory","floor":54}],"player_experience":674315,"relics_obtained":[{"floor":6,"key":"Snack Pack"},{"floor":9,"key":"MawBank"},{"floor":10,"key":"Replay:Baseball"},{"floor":14,"key":"Juzu Bracelet"},{"floor":20,"key":"Red Mask"},{"floor":23,"key":"Replay:Ringing Soul"},{"floor":25,"key":"wanderingMiniBosses:CarrionFlame"},{"floor":26,"key":"theMarked:Gun"},{"floor":28,"key":"Replay:Mystery Machine"},{"floor":30,"key":"ReplayTheSpireMod:Ring of Exchange"},{"floor":30,"key":"Ring of Misfortune"},{"floor":31,"key":"Singing Bowl"},{"floor":37,"key":"FossilizedHelix"},{"floor":40,"key":"REME_HandOfSuture"},{"floor":42,"key":"Replay:Bandana"},{"floor":43,"key":"Ancient Tea Set"},{"floor":45,"key":"Bronze Scales"},{"floor":48,"key":"Smiling Mask"},{"floor":54,"key":"Whetstone"}],"event_choices":[{"damage_healed":0,"gold_gain":224,"player_choice":"RE GO RE RE GO ","damage_taken":70,"relics_obtained":["Vajra","Regal Pillow","Pet Ghost"],"max_hp_gain":0,"max_hp_loss":0,"event_name":"betterSkull:BetterSkull","floor":2,"gold_loss":0,"cards_upgraded":[]},{"damage_healed":0,"gold_gain":0,"player_choice":"Fought Bandits","damage_taken":0,"max_hp_gain":0,"max_hp_loss":0,"event_name":"Masked Bandits","floor":20,"gold_loss":0},{"damage_healed":0,"gold_gain":0,"player_choice":"Punched","damage_taken":3,"max_hp_gain":0,"max_hp_loss":0,"event_name":"Designer","floor":36,"gold_loss":0}],"is_beta":false,"boss_relics":[{"not_picked":["REME_ChargedStone","Coffee Dripper"],"picked":"Replay:Ancient Bell"},{"not_picked":["Blood Vial","infinitespire:Lucky Rock"],"picked":"Replay:Wax Seal"},{"not_picked":["Frozen Egg 2","REME_ArchaeologicalTools"],"picked":"Mummified Hand"},{"not_picked":["StoneCalendar","conspire:Boomerang"],"picked":"Ice Cream"},{"not_picked":["Lee\u0027s Waffle","SlaversCollar"],"picked":"theMarked:BronzeBlade"}],"items_purged_floors":[],"is_endless":false,"potions_floor_spawned":[6,8,10,13,14,16,22,23,25,29,33,35,37,38,48,54],"ascension_level":1}}