{"host":"4w8ocelhatf0iefc","time":1608704855,"event":{"mods":["AchievementEnabler","Act Like it!","Aspiration","BaseMod","Colored Map","Colored Powertips","Hubris","Minty Spire (QoL Compilation)","Replay The Spire","StSLib"],"gold_per_floor":[110,185,285,302,312,343,343,362,362,362,362,362,362],"floor_reached":12,"playtime":361,"items_purged":[],"score":86,"play_id":"57d4e298-dfd6-4915-bf23-faff33068cbd","local_time":"20201223142735","is_ascension_mode":true,"campfire_choices":[{"data":"Defragment","floor":7,"key":"SMITH"}],"circlet_count":0,"master_deck":["Strike_B","Strike_B","Strike_B","Strike_B","Defend_B","Defend_B","Defend_B","Defend_B","Zap","Coolheaded","Compile Driver","Redo","Defragment+1","Panic Button","Bash"],"relics":["Blue Doll","Pantograph","Iron Core","hubris:FunFungus"],"acts_visited":["Exordium"],"potions_floor_usage":[6],"damage_taken":[{"damage":1,"enemies":"Cultist","floor":1,"turns":3},{"damage":1,"enemies":"Small Slimes","floor":4,"turns":3},{"damage":1,"enemies":"2 Louse","floor":5,"turns":3},{"damage":23,"enemies":"3 Sentries","floor":6,"turns":8},{"damage":20,"enemies":"Large Slime","floor":8,"turns":4},{"damage":34,"enemies":"Lagavulin","floor":12,"turns":5}],"seed_played":"-983076973368248841","potions_obtained":[{"floor":4,"key":"Toxic Potion"},{"floor":5,"key":"Cursed Concoction"},{"floor":8,"key":"CultistPotion"}],"is_trial":false,"path_per_floor":["M","?","?","M","M","E","R","M","T","?","?","E"],"character_chosen":"DEFECT","items_purchased":[],"campfire_rested":0,"item_purchase_floors":[],"current_hp_per_floor":[81,70,70,69,68,45,45,25,25,25,25,0,0],"gold":362,"neow_bonus":"TEN_PERCENT_HP_BONUS","is_daily":false,"chose_seed":false,"campfire_upgraded":1,"win_rate":0.0,"timestamp":1608704855,"path_taken":["M","?","?","?","M","E","R","M","T","?","?","E"],"items_purchased_type":[],"build_version":"2020-12-22","purchased_purges":0,"victory":false,"max_hp_per_floor":[82,82,82,82,82,82,82,82,82,82,82,82,82],"card_choices":[{"not_picked":["Hologram","ReplaySolidLightProjector"],"picked":"Coolheaded","floor":1},{"not_picked":["Hologram","Melter"],"picked":"Compile Driver","floor":4},{"not_picked":["Fusion","Leap"],"picked":"Redo","floor":5},{"not_picked":["Redo","Thunder Strike"],"picked":"Defragment","floor":6},{"not_picked":["Go for the Eyes","ReplayTheSpireMod:Repulse"],"picked":"Panic Button","floor":8}],"player_experience":262427,"relics_obtained":[{"floor":6,"key":"Blue Doll"},{"floor":9,"key":"Pantograph"}],"event_choices":[{"damage_healed":0,"gold_gain":75,"player_choice":"Gather Gold","damage_taken":11,"max_hp_gain":0,"max_hp_loss":0,"event_name":"World of Goop","floor":2,"gold_loss":0},{"damage_healed":0,"gold_gain":100,"player_choice":"Pray","damage_taken":0,"max_hp_gain":0,"max_hp_loss":0,"event_name":"Golden Shrine","floor":3,"gold_loss":0},{"damage_healed":0,"gold_gain":0,"player_choice":"Gave Potion","damage_taken":0,"relics_obtained":["hubris:FunFungus"],"max_hp_gain":0,"max_hp_loss":0,"event_name":"WeMeetAgain","floor":11,"gold_loss":0}],"is_beta":false,"boss_relics":[],"items_purged_floors":[],"is_endless":false,"potions_floor_spawned":[4,5,8],"killed_by":"Lagavulin","ascension_level":2}}