{"host":"yd9r7zy2pq4z3cad","time":1608746640,"event":{"mods":["AchievementEnabler","Act Like it!","Astrologer","BaseMod","Beaked The Cultist","Better Third Choice","BetterRewards","Colored Map","Colored Powertips","Conspire","Curses Come First","Displayed Cursed Tome","Downfall","Elementarium","GifTheSpireLib","Halation","Hallownest","Hermit","Highlight Path","Hubris","Infinite Spire","Jorbs\u0027s Wanderer Trilogy","Menagerie","Minty Spire (QoL Compilation)","Pale of the Ancients","Permanent Neow","Rare Cards Sparkle","Relic Sorter","Relic Stats","Replay The Spire","Shade Mod","StSLib","Stuff the Spire","The Alterego","The Blackbeard","The Bladedancer","The Bug Knight","The Cursed","The Dragon Tamer","The Exalted","The Factory","The Forsaken","The Gatherer","The Hierophant","The Jungle","The Mystic","The Necromancer","The Problem Sleuth","The Runesmith","The Servant 0.9.4","The Spell Scribe","vexMod"],"gold_per_floor":[118,128,128,147,72,72,106,106,106,117,90,110,145,145,145,240,240,256,11,30,30,30],"floor_reached":21,"playtime":1197,"items_purged":["Clumsy"],"score":189,"play_id":"55e34890-cffb-4913-a45b-3fc87a432101","local_time":"20201223230400","is_ascension_mode":false,"campfire_choices":[{"data":"Hallownest:skillGreenpathMap","floor":6,"key":"SMITH"},{"floor":8,"key":"REST"},{"floor":15,"key":"REST"}],"circlet_count":0,"master_deck":["Strike_P","Strike_P","Strike_P","Strike_P","Defend_P","Defend_P","Defend_P","Defend_P","Eruption","Vigilance","CutThroughFate","ClearTheMind","Replay:AtTheReady","Hallownest:skillGreenpathMap+1","SashWhip","Perseverance","BattleHymn","Halt","Consecrate","stsjorbsmod:Amnesia","infinitespire:Pacifist","infinitespire:Execution","DevaForm","EmptyFist","Replay:BluntJabs+1"],"relics":["PureWater","Replay:Accelerometer","NeowsBlessing","Hallownest:DreamNailRelic","Vajra","ReplayTheSpireMod:CursedCoin","Iron Hammer","Pantograph"],"acts_visited":["Hallownest:Greenpath","TheCity"],"potions_floor_usage":[7,16,16,20],"damage_taken":[{"damage":0,"enemies":"Hallownest:2_Baldur","floor":1,"turns":1},{"damage":0,"enemies":"Hallownest:2_Tiktiks_and_1_Crawlid","floor":2,"turns":1},{"damage":0,"enemies":"Hallownest:2_MossCreeps","floor":4,"turns":1},{"damage":51,"enemies":"Hallownest:eliteMossKnight","floor":7,"turns":16},{"damage":2,"enemies":"Hallownest:Wandering_and_Horned","floor":10,"turns":5},{"damage":0,"enemies":"Hallownest:MossCreep_and_Mosskin","floor":12,"turns":4},{"damage":16,"enemies":"Hallownest:eliteCrystalGuardian","floor":13,"turns":7},{"damage":47,"enemies":"Hallownest:BossFalseKnight","floor":16,"turns":8},{"damage":51,"enemies":"2 Thieves","floor":18,"turns":5},{"damage":11,"enemies":"Centurion and Healer","floor":20,"turns":8},{"damage":10,"enemies":"Chosen and Byrds","floor":21,"turns":3}],"seed_played":"-180710535179084598","potions_obtained":[{"floor":1,"key":"Regen Potion"},{"floor":7,"key":"Elixir"},{"floor":12,"key":"Explosive Potion"},{"floor":18,"key":"SkillPotion"}],"is_trial":false,"path_per_floor":["M","M","?","M","?","R","E","R","T","M","$","M","E","?","R","B",null,"M","$","M","M"],"character_chosen":"WATCHER","items_purchased":["ReplayTheSpireMod:CursedCoin","Perseverance","BattleHymn","Pantograph"],"campfire_rested":2,"item_purchase_floors":[11,11,11,19],"current_hp_per_floor":[72,72,72,72,72,72,36,57,57,55,55,55,39,39,60,13,72,21,21,10,0,0],"gold":30,"neow_bonus":"THREE_ENEMY_KILL","is_daily":false,"chose_seed":false,"campfire_upgraded":1,"win_rate":0.0,"timestamp":1608746640,"path_taken":["M","M","?","?","?","R","E","R","T","M","?","M","E","?","R","BOSS","M","$","M","M"],"items_purchased_type":["Relic","Card","Card","Relic"],"build_version":"2020-12-22","purchased_purges":1,"victory":false,"max_hp_per_floor":[72,72,72,72,72,72,72,72,72,72,72,72,72,72,72,72,72,72,72,72,72,72],"relic_stats":{"counters":[53,260],"Pantograph":0,"obtain_stats":[{"Darkstone Periapt":9,"Golden Egg":15,"Replay:Accelerometer":7,"Tiny House":17,"Menagerie:ShiftingBlessing":3,"Bromod:ArcaneNullifier":32,"Menagerie:HuntersKnife":14,"Vajra":9,"Bag of Preparation":13,"Hallownest:DreamNailRelic":3,"PrismaticShard":47,"Sundial":9,"vexMod:RedPlottingStone":0,"Pantograph":19,"halation:VictoryRuler":8,"StuffTheSpire:ColdMirror":28,"MealTicket":11,"Iron Hammer":0,"HandDrill":31,"Replay:Wax Seal":41,"Cracked Core":0,"Gremlin Food":31,"Inserter":34,"NeowsBlessing":0,"ReplayTheSpireMod:CursedCoin":11,"vexMod:MysteryBossChallenge":19,"Eternal Feather":46,"conspire:Boomerang":9,"vexMod:FocusSash":39,"Anchor":43,"StuffTheSpire:MayFlowers":6,"vexMod:HeadHunter":0,"HolyWater":19,"Ring of Fury":3,"PureWater":0,"infinitespire:PuzzleCube":19},{"Darkstone Periapt":4,"Golden Egg":41,"Replay:Accelerometer":46,"Tiny House":8,"Menagerie:ShiftingBlessing":1,"Bromod:ArcaneNullifier":25,"Menagerie:HuntersKnife":7,"Vajra":46,"Bag of Preparation":7,"Hallownest:DreamNailRelic":44,"PrismaticShard":31,"Sundial":39,"vexMod:RedPlottingStone":33,"Pantograph":51,"halation:VictoryRuler":15,"StuffTheSpire:ColdMirror":24,"MealTicket":6,"Iron Hammer":33,"HandDrill":25,"Replay:Wax Seal":28,"Cracked Core":0,"Gremlin Food":25,"Inserter":26,"NeowsBlessing":42,"ReplayTheSpireMod:CursedCoin":47,"vexMod:MysteryBossChallenge":19,"Eternal Feather":31,"conspire:Boomerang":15,"vexMod:FocusSash":27,"Anchor":28,"StuffTheSpire:MayFlowers":15,"vexMod:HeadHunter":0,"HolyWater":19,"Ring of Fury":13,"PureWater":0,"infinitespire:PuzzleCube":19},{"Darkstone Periapt":14,"Golden Egg":185,"Replay:Accelerometer":220,"Tiny House":39,"Menagerie:ShiftingBlessing":4,"Bromod:ArcaneNullifier":118,"Menagerie:HuntersKnife":31,"Vajra":220,"Bag of Preparation":31,"Hallownest:DreamNailRelic":203,"PrismaticShard":149,"Sundial":179,"vexMod:RedPlottingStone":156,"Pantograph":249,"halation:VictoryRuler":74,"StuffTheSpire:ColdMirror":113,"MealTicket":25,"Iron Hammer":156,"HandDrill":118,"Replay:Wax Seal":137,"Cracked Core":0,"Gremlin Food":118,"Inserter":128,"NeowsBlessing":201,"ReplayTheSpireMod:CursedCoin":225,"vexMod:MysteryBossChallenge":95,"Eternal Feather":149,"conspire:Boomerang":74,"vexMod:FocusSash":135,"Anchor":137,"StuffTheSpire:MayFlowers":74,"vexMod:HeadHunter":0,"HolyWater":95,"Ring of Fury":67,"PureWater":0,"infinitespire:PuzzleCube":95}]},"card_choices":[{"not_picked":["Wallop","Meditate"],"picked":"CutThroughFate","floor":1},{"not_picked":["WheelKick","Weave"],"picked":"ClearTheMind","floor":2},{"not_picked":["Replay:Vibes","SandsOfTime"],"picked":"Replay:AtTheReady","floor":4},{"not_picked":["CutThroughFate","SignatureMove","ThirdEye"],"picked":"SKIP","floor":7},{"not_picked":["Crescendo","PathToVictory"],"picked":"SashWhip","floor":10},{"not_picked":["WreathOfFlame","ClearTheMind"],"picked":"Halt","floor":12},{"not_picked":["Collect","JustLucky"],"picked":"Consecrate","floor":13},{"not_picked":["infinitespire:NeuralNetwork","ReplayTheSpireMod:Echoes of Time"],"picked":"infinitespire:Execution","floor":14},{"not_picked":["MasterReality","Brilliance"],"picked":"DevaForm","floor":16},{"not_picked":["ClearTheMind","FlurryOfBlows+1"],"picked":"EmptyFist","floor":18},{"not_picked":["Tantrum","Meditate"],"picked":"Replay:BluntJabs+1","floor":20}],"player_experience":145623,"relics_obtained":[{"floor":7,"key":"Replay:Accelerometer"},{"floor":9,"key":"Vajra"},{"floor":13,"key":"Iron Hammer"}],"event_choices":[],"is_beta":false,"boss_relics":[{"not_picked":["hubris:BlackHole","hubris:GrandSneckoEye","StuffTheSpire:RunicConfusion"]}],"items_purged_floors":[11],"is_endless":false,"potions_floor_spawned":[1,7,12,18],"killed_by":"Chosen and Byrds","ascension_level":0}}