{"host":"a61r67bv2jut9r88","time":1608730273,"event":{"mods":["AchievementEnabler","BaseMod","Marisa£®ÏF”Í°°ƒß¿Ì…≥£©","Minty Spire (QoL Compilation)","Replay The Spire","Shop Mod","StSLib","SuperFastMode","The Bug Knight","The Cursed","The Servant 0.9.4"],"gold_per_floor":[117,134,145,157,157,157,170,203,256,0,75,75,95,113,113,113,113],"floor_reached":16,"playtime":805,"items_purged":["Strike_R"],"score":104,"play_id":"01e0e993-fd1f-48ed-80b9-cc94f2123408","local_time":"20201223213113","is_ascension_mode":false,"campfire_choices":[{"data":"Havoc","floor":6.0,"key":"SMITH"},{"floor":15,"key":"REST"}],"circlet_count":0,"master_deck":["Strike_R","Strike_R","Strike_R","Strike_R","Defend_R","Defend_R","Defend_R","Defend_R","Bash","Impatience","Burning Pact","Havoc+1","ReplayTheSpireMod:Limb From Limb","Reckless Charge","ReplayTheSpireMod:Strike From Hell","Injury","Dark Embrace"],"relics":["Burning Blood","Regal Pillow","HornCleat","Nunchaku","Juzu Bracelet","Golden Idol"],"acts_visited":[],"potions_floor_usage":[7,16],"damage_taken":[{"damage":4.0,"enemies":"Cultist","floor":1.0,"turns":4.0},{"damage":7.0,"enemies":"Small Slimes","floor":2.0,"turns":5.0},{"damage":1.0,"enemies":"Jaw Worm","floor":3.0,"turns":5.0},{"damage":11.0,"enemies":"Exordium Wildlife","floor":4.0,"turns":5.0},{"damage":5,"enemies":"Large Slime","floor":7,"turns":10},{"damage":39,"enemies":"Lagavulin","floor":8,"turns":6},{"damage":7,"enemies":"3 Louse","floor":13,"turns":4},{"damage":10,"enemies":"Exordium Thugs","floor":14,"turns":3},{"damage":62,"enemies":"Slime Boss","floor":16,"turns":12}],"seed_played":"7278398844916610038","potions_obtained":[{"floor":1.0,"key":"ElixirPotion"},{"floor":3.0,"key":"SpeedPotion"},{"floor":14,"key":"SteroidPotion"}],"is_trial":false,"path_per_floor":["M","M","M","M","?","R","M","E","T","$","?","?","M","M","R","B"],"character_chosen":"IRONCLAD","items_purchased":["Juzu Bracelet","ReplayTheSpireMod:Strike From Hell"],"campfire_rested":1,"item_purchase_floors":[10,10],"current_hp_per_floor":[80,79,80,75,63,63,64,31,31,31,20,20,19,15,54,0,0],"gold":113,"neow_bonus":"RANDOM_COLORLESS","is_daily":false,"chose_seed":false,"campfire_upgraded":1,"win_rate":0.0,"timestamp":1608730273,"path_taken":["M","M","M","M","?","R","M","E","T","$","?","?","M","M","R","BOSS"],"items_purchased_type":["Relic","Card"],"build_version":"2020-12-22","purchased_purges":1,"victory":false,"max_hp_per_floor":[80,80,80,80,80,80,80,80,80,80,80,80,80,80,80,80,80],"card_choices":[{"not_picked":["Good Instincts","Forethought"],"picked":"Impatience","floor":0.0},{"not_picked":["Armaments","Spot Weakness"],"picked":"Burning Pact","floor":1.0},{"not_picked":["Heavy Blade","Twin Strike","Hemokinesis"],"picked":"SKIP","floor":2.0},{"not_picked":["Whirlwind","Uppercut"],"picked":"Havoc","floor":3.0},{"not_picked":["Wild Strike","Armaments","Havoc"],"picked":"SKIP","floor":4.0},{"not_picked":["Disarm","Replay:Undeath\u0027s Touch"],"picked":"ReplayTheSpireMod:Limb From Limb","floor":7},{"not_picked":["Shrug It Off","Headbutt"],"picked":"Reckless Charge","floor":8},{"not_picked":["Intimidate","Clothesline","Rupture"],"picked":"SKIP","floor":13},{"not_picked":["Thunderclap","Body Slam"],"picked":"Dark Embrace","floor":14}],"player_experience":437390,"relics_obtained":[{"floor":8,"key":"HornCleat"},{"floor":9,"key":"Nunchaku"}],"event_choices":[{"damage_healed":0.0,"max_hp_gain":0.0,"max_hp_loss":0.0,"gold_gain":0.0,"event_name":"Scrap Ooze","player_choice":"Success","floor":5.0,"gold_loss":0.0,"damage_taken":12.0,"relics_obtained":["Regal Pillow"]},{"damage_healed":0,"gold_gain":75,"player_choice":"Gather Gold","damage_taken":11,"max_hp_gain":0,"max_hp_loss":0,"event_name":"World of Goop","floor":11,"gold_loss":0},{"damage_healed":0,"gold_gain":0,"player_choice":"Take Wound","damage_taken":0,"relics_obtained":["Golden Idol"],"max_hp_gain":0,"max_hp_loss":0,"event_name":"Golden Idol","floor":12,"gold_loss":0,"cards_obtained":["Injury"]}],"is_beta":false,"boss_relics":[],"items_purged_floors":[10],"is_endless":false,"potions_floor_spawned":[1,3,14],"killed_by":"Slime Boss","ascension_level":0}}