{"host":"03a85bwj0a5skoit","time":1608713174,"event":{"mods":["BaseMod","Block Reminder","Minty Spire (QoL Compilation)","Relic Stats","StSLib"],"gold_per_floor":[119,119,119,139,59,59,59,59,59,93,93,120,132,157,169,260,322,292,304,23,33,45,45,74,84,84,98,98,113,113,113,113,113,113],"floor_reached":33,"playtime":1154,"items_purged":["Strike_G"],"score":526,"play_id":"90e3c70b-7fb6-46d8-92a9-4e738a4317a5","local_time":"20201223191614","is_ascension_mode":true,"campfire_choices":[{"data":"Dagger Spray","floor":6,"key":"SMITH"},{"data":"Neutralize","floor":8,"key":"SMITH"},{"data":"A Thousand Cuts","floor":11,"key":"SMITH"},{"data":"Survivor","floor":13,"key":"SMITH"},{"data":"Acrobatics","floor":15,"key":"SMITH"},{"data":"Footwork","floor":23,"key":"SMITH"},{"data":"Wraith Form v2","floor":28,"key":"SMITH"},{"data":"Adrenaline","floor":30,"key":"SMITH"},{"data":"Footwork","floor":32,"key":"SMITH"}],"circlet_count":0,"master_deck":["AscendersBane","Strike_G","Strike_G","Strike_G","Defend_G","Defend_G","Defend_G+1","Defend_G","Defend_G","Survivor+1","Neutralize+1","Dagger Spray+1","Bouncing Flask+1","A Thousand Cuts+1","Acrobatics+1","Wraith Form v2+1","Footwork+1","Footwork+1","Adrenaline+1","Poisoned Stab","Flechettes","Quick Slash","Poisoned Stab","Backflip","Setup+1","Writhe"],"relics":["Coffee Dripper","TungstenRod","Oddly Smooth Stone","MawBank","Tiny House","Juzu Bracelet","Sundial","Meat on the Bone"],"acts_visited":["Exordium","TheCity"],"potions_floor_usage":[10,16,24,27],"damage_taken":[{"damage":2,"enemies":"Jaw Worm","floor":1,"turns":5},{"damage":9,"enemies":"2 Louse","floor":4,"turns":3},{"damage":32,"enemies":"3 Sentries","floor":10,"turns":12},{"damage":0,"enemies":"Cultist","floor":14,"turns":2},{"damage":8,"enemies":"The Guardian","floor":16,"turns":9},{"damage":20,"enemies":"2 Thieves","floor":18,"turns":5},{"damage":0,"enemies":"Shell Parasite","floor":21,"turns":5},{"damage":6,"enemies":"3 Cultists","floor":22,"turns":4},{"damage":31,"enemies":"Slavers","floor":24,"turns":4},{"damage":0,"enemies":"Centurion and Healer","floor":25,"turns":6},{"damage":0,"enemies":"Cultist and Chosen","floor":27,"turns":7},{"damage":17,"enemies":"Snecko","floor":29,"turns":4},{"damage":30,"enemies":"Automaton","floor":33,"turns":10}],"seed_played":"8337974538319857932","potions_obtained":[{"floor":4,"key":"FairyPotion"},{"floor":14,"key":"BlessingOfTheForge"},{"floor":16,"key":"ColorlessPotion"},{"floor":17,"key":"Fire Potion"},{"floor":25,"key":"Swift Potion"},{"floor":29,"key":"Energy Potion"}],"is_trial":false,"path_per_floor":["M","?","?","M","$","R","?","R","T","E","R","T","R","M","R","B",null,"M","?","$","M","M","R","E","M","T","M","R","M","R","?","R","B"],"character_chosen":"THE_SILENT","items_purchased":["DistilledChaos","Footwork","Adrenaline","Poisoned Stab"],"campfire_rested":0,"item_purchase_floors":[5,20,20,20],"current_hp_per_floor":[57,62,62,53,53,53,53,53,53,21,21,21,21,21,21,13,62,42,42,42,42,36,36,5,5,5,5,5,22,22,22,22,0,0],"gold":113,"neow_bonus":"BOSS_RELIC","is_daily":false,"chose_seed":false,"campfire_upgraded":9,"win_rate":0.0,"timestamp":1608713174,"path_taken":["M","?","?","M","$","R","?","R","T","E","R","?","R","?","R","BOSS","M","?","?","M","M","R","E","M","T","M","R","M","R","?","R","BOSS"],"items_purchased_type":["Potion","Card","Card","Card"],"build_version":"2020-12-22","purchased_purges":1,"victory":false,"max_hp_per_floor":[66,71,71,71,71,71,71,71,71,71,71,71,71,71,71,71,76,76,76,76,76,76,76,76,76,76,76,76,76,76,76,76,76,76],"relic_stats":{"counters":[13,76],"Sundial":[2],"Juzu Bracelet":0,"MawBank":96,"obtain_stats":[{"Tiny House":17,"Sundial":26,"Oddly Smooth Stone":10,"Coffee Dripper":0,"Juzu Bracelet":24,"MawBank":12,"TungstenRod":9,"Ring of the Snake":0,"Meat on the Bone":31},{"Tiny House":5,"Sundial":10,"Oddly Smooth Stone":3,"Coffee Dripper":0,"Juzu Bracelet":9,"MawBank":3,"TungstenRod":2,"Ring of the Snake":0,"Meat on the Bone":12},{"Tiny House":31,"Sundial":55,"Oddly Smooth Stone":20,"Coffee Dripper":0,"Juzu Bracelet":49,"MawBank":20,"TungstenRod":8,"Ring of the Snake":0,"Meat on the Bone":66}],"TungstenRod":24,"Meat on the Bone":0},"card_choices":[{"not_picked":["Dagger Throw","Blade Dance"],"picked":"Dagger Spray","floor":1},{"not_picked":["Slice","Quick Slash"],"picked":"Bouncing Flask","floor":4},{"not_picked":["Poisoned Stab","Dagger Spray"],"picked":"A Thousand Cuts","floor":10},{"not_picked":["Flying Knee","Bane"],"picked":"Acrobatics","floor":14},{"not_picked":["Die Die Die","Malaise"],"picked":"Wraith Form v2","floor":16},{"not_picked":["Infinite Blades","Quick Slash"],"picked":"Footwork","floor":17},{"not_picked":["Dagger Spray","Riddle With Holes","Slice+1"],"picked":"SKIP","floor":18},{"not_picked":["Backflip","Concentrate"],"picked":"Flechettes","floor":21},{"not_picked":["Endless Agony","Bane+1"],"picked":"Quick Slash","floor":22},{"not_picked":["Tactician","Doppelganger"],"picked":"Poisoned Stab","floor":24},{"not_picked":["Concentrate","Masterful Stab"],"picked":"Backflip","floor":25},{"not_picked":["Dagger Throw","Calculated Gamble","Endless Agony"],"picked":"SKIP","floor":27},{"not_picked":["Sucker Punch","Quick Slash"],"picked":"Setup+1","floor":29}],"player_experience":2305898,"relics_obtained":[{"floor":9,"key":"TungstenRod"},{"floor":10,"key":"Oddly Smooth Stone"},{"floor":12,"key":"MawBank"},{"floor":24,"key":"Juzu Bracelet"},{"floor":26,"key":"Sundial"}],"event_choices":[{"damage_healed":0,"gold_gain":0,"player_choice":"Donut","damage_taken":0,"max_hp_gain":5,"max_hp_loss":0,"event_name":"Big Fish","floor":2,"gold_loss":0},{"damage_healed":0,"gold_gain":0,"player_choice":"Ignored","damage_taken":0,"max_hp_gain":0,"max_hp_loss":0,"event_name":"Shining Light","floor":3,"gold_loss":0},{"damage_healed":0,"gold_gain":0,"player_choice":"Grow","damage_taken":0,"max_hp_gain":0,"max_hp_loss":0,"event_name":"Living Wall","floor":7,"gold_loss":0,"cards_upgraded":["Bouncing Flask"]},{"cards_removed":["Strike_G"],"damage_healed":0,"gold_gain":0,"player_choice":"Card Removal","damage_taken":0,"max_hp_gain":0,"max_hp_loss":0,"event_name":"Wheel of Change","floor":19,"gold_loss":0},{"damage_healed":0,"gold_gain":0,"player_choice":"Opened","damage_taken":0,"relics_obtained":["Meat on the Bone"],"max_hp_gain":0,"max_hp_loss":0,"event_name":"The Mausoleum","floor":31,"gold_loss":0,"cards_obtained":["Writhe"]}],"is_beta":false,"boss_relics":[{"not_picked":["Velvet Choker","Runic Dome"],"picked":"Tiny House"}],"items_purged_floors":[20],"is_endless":false,"potions_floor_spawned":[4,14,16,18,22,25,29],"killed_by":"Automaton","ascension_level":20}}