{"host":"t7kvkl97w82750ny","time":1608729691,"event":{"mods":["2.2 Compatiblity","BaseMod","Bestiary","Minty Spire (QoL Compilation)","Permanent Neow","Relic Stats","StSLib"],"gold_per_floor":[112,37,53,71,71,71,86,111,111,130,147,176,190,225,225,303,303,321,3,15,32,44,44,71,86,86,86,97,97,128,128,128,204,204,240,275,275,275,95,95,145,145,145,210,256,256,284,334,334,334,334],"floor_reached":50,"playtime":2208,"items_purged":["Strike_P","Defend_P"],"score":1428,"play_id":"00fd779c-7c9c-47df-80f9-d3f757be7130","local_time":"20201223142131","is_ascension_mode":true,"campfire_choices":[{"data":"Eruption","floor":6.0,"key":"SMITH"},{"data":"Fasting2","floor":15,"key":"SMITH"},{"data":"Meditate","floor":23,"key":"SMITH"},{"floor":27,"key":"REST"},{"data":"Vault","floor":29,"key":"SMITH"},{"floor":32,"key":"REST"},{"data":"TalkToTheHand","floor":40,"key":"SMITH"},{"data":"Wish","floor":42,"key":"SMITH"},{"floor":46,"key":"RECALL"},{"floor":49,"key":"REST"}],"circlet_count":0,"master_deck":["AscendersBane","Defend_P","Defend_P","Defend_P","Eruption+1","Vigilance","FlyingSleeves","Vault+1","Fasting2+1","LikeWater","Consecrate","Wireheading","JustLucky","CarveReality","DeceiveReality","Scrawl","Adaptation","Meditate+1","Halt","SpiritShield","SandsOfTime","Wish+1","Meditate+1","TalkToTheHand+1","Nirvana+1","Vault","Nirvana+1"],"relics":["Velvet Choker","Lantern","PreservedInsect","Shuriken","Bronze Scales","Sozu","Melange","Gremlin Horn","Ornamental Fan","Potion Belt","Empty Cage","CaptainsWheel","Letter Opener","Art of War"],"acts_visited":["Exordium","TheCity","TheBeyond"],"potions_floor_usage":[12,14],"damage_taken":[{"damage":0.0,"enemies":"Jaw Worm","floor":1.0,"turns":3.0},{"damage":5.0,"enemies":"2 Louse","floor":3.0,"turns":2.0},{"damage":0.0,"enemies":"Cultist","floor":4.0,"turns":2.0},{"damage":1.0,"enemies":"Lots of Slimes","floor":7.0,"turns":5.0},{"damage":33.0,"enemies":"Lagavulin","floor":8.0,"turns":4.0},{"damage":8,"enemies":"Blue Slaver","floor":10,"turns":6},{"damage":0,"enemies":"2 Fungi Beasts","floor":11,"turns":3},{"damage":9,"enemies":"3 Sentries","floor":12,"turns":3},{"damage":0,"enemies":"Large Slime","floor":13,"turns":4},{"damage":0,"enemies":"Lagavulin","floor":14,"turns":5},{"damage":0,"enemies":"Slime Boss","floor":16,"turns":4},{"damage":1,"enemies":"2 Thieves","floor":18,"turns":3},{"damage":17,"enemies":"Chosen","floor":20,"turns":5},{"damage":9,"enemies":"Sentry and Sphere","floor":21,"turns":5},{"damage":0,"enemies":"3 Cultists","floor":22,"turns":5},{"damage":16,"enemies":"Gremlin Leader","floor":24,"turns":5},{"damage":8,"enemies":"Centurion and Healer","floor":25,"turns":4},{"damage":0,"enemies":"Snake Plant","floor":28,"turns":4},{"damage":0,"enemies":"Slavers","floor":30,"turns":4},{"damage":0,"enemies":"Automaton","floor":33,"turns":6},{"damage":16,"enemies":"3 Darklings","floor":35,"turns":5},{"damage":26,"enemies":"3 Shapes","floor":36,"turns":5},{"damage":18,"enemies":"Mind Bloom Boss Battle","floor":41,"turns":7},{"damage":9,"enemies":"Reptomancer","floor":44,"turns":5},{"damage":16,"enemies":"Maw","floor":45,"turns":7},{"damage":4,"enemies":"Giant Head","floor":47,"turns":5},{"damage":0,"enemies":"Sphere and 2 Shapes","floor":48,"turns":4},{"damage":44,"enemies":"Donu and Deca","floor":50,"turns":4}],"seed_played":"9194886496249689625","potions_obtained":[{"floor":4.0,"key":"SneckoOil"},{"floor":7.0,"key":"Strength Potion"},{"floor":10,"key":"EssenceOfSteel"},{"floor":13,"key":"SpeedPotion"},{"floor":16,"key":"LiquidBronze"}],"is_trial":false,"path_per_floor":["M","?","M","M","?","R","M","E","T","M","M","E","M","E","R","B",null,"M","$","M","M","M","R","E","M","T","R","M","R","E","?","R","B",null,"M","M","?","?","$","R","?","R","T","E","M","R","E","M","R","B"],"character_chosen":"WATCHER","items_purchased":["Melange","Meditate","TalkToTheHand"],"campfire_rested":3,"item_purchase_floors":[19,19,39],"current_hp_per_floor":[61,61,56,56,61,61,60,27,27,19,19,10,10,10,10,10,54,53,53,36,27,27,27,11,3,3,23,23,23,23,4,25,25,61,45,19,60,60,60,60,42,42,42,33,17,17,13,13,31,0,0],"gold":334,"neow_bonus":"BOSS_RELIC","is_daily":false,"chose_seed":false,"campfire_upgraded":6,"win_rate":0.0,"timestamp":1608729691,"path_taken":["M","?","M","M","?","R","M","E","T","M","?","E","M","E","R","BOSS","M","?","?","M","M","R","E","M","T","R","M","R","E","?","R","BOSS","M","M","?","?","$","R","?","R","T","E","M","R","E","M","R","BOSS"],"items_purchased_type":["Relic","Card","Card"],"build_version":"2020-12-22","purchased_purges":2,"victory":false,"max_hp_per_floor":[68,68,68,68,68,68,68,68,68,68,68,68,68,68,68,68,68,68,68,68,68,68,68,68,68,68,68,68,68,68,73,73,73,73,73,73,60,60,60,60,60,60,60,60,60,60,60,60,60,60,60],"relic_stats":{"Sozu":6,"Gremlin Horn":[16,16],"counters":[28,124],"Shuriken":[43],"Ornamental Fan":[100],"Bronze Scales":[165],"Melange":[60],"PreservedInsect":340,"Art of War":[3],"Letter Opener":[15],"obtain_stats":[{"Potion Belt":30,"Lantern":8,"Gremlin Horn":24,"Velvet Choker":0,"Melange":19,"PreservedInsect":9,"Letter Opener":44,"Empty Cage":34,"Sozu":17,"CaptainsWheel":41,"Shuriken":12,"Ornamental Fan":26,"Bronze Scales":14,"Art of War":47,"PureWater":0},{"Potion Belt":19,"Lantern":5,"Gremlin Horn":16,"Velvet Choker":0,"Melange":12,"PreservedInsect":5,"Letter Opener":24,"Empty Cage":20,"Sozu":11,"CaptainsWheel":23,"Shuriken":8,"Ornamental Fan":17,"Bronze Scales":10,"Art of War":26,"PureWater":0},{"Potion Belt":76,"Lantern":16,"Gremlin Horn":64,"Velvet Choker":0,"Melange":44,"PreservedInsect":16,"Letter Opener":104,"Empty Cage":82,"Sozu":41,"CaptainsWheel":99,"Shuriken":28,"Ornamental Fan":68,"Bronze Scales":37,"Art of War":116,"PureWater":0}]},"card_choices":[{"not_picked":["Evaluate","Wireheading"],"picked":"FlyingSleeves","floor":1.0},{"not_picked":["FlyingSleeves","Evaluate"],"picked":"FlurryOfBlows","floor":3.0},{"not_picked":["Weave","Consecrate"],"picked":"Vault","floor":4.0},{"not_picked":["Prostrate","EmptyBody"],"picked":"Fasting2","floor":7.0},{"not_picked":["FlurryOfBlows","Crescendo"],"picked":"LikeWater","floor":8.0},{"not_picked":["FollowUp","Halt"],"picked":"Consecrate","floor":10},{"not_picked":["EmptyMind","ClearTheMind"],"picked":"Wireheading","floor":11},{"not_picked":["EmptyMind","Collect"],"picked":"JustLucky","floor":12},{"not_picked":["Indignation","SashWhip"],"picked":"CarveReality","floor":13},{"not_picked":["MasterReality","BowlingBash"],"picked":"DeceiveReality","floor":14},{"not_picked":["Judgement","MasterReality"],"picked":"Scrawl","floor":16},{"not_picked":["BowlingBash","FlyingSleeves"],"picked":"Adaptation","floor":18},{"not_picked":["SashWhip","Consecrate+1"],"picked":"Halt","floor":20},{"not_picked":["EmptyBody","ConjureBlade","SashWhip"],"picked":"SKIP","floor":21},{"not_picked":["Prostrate","Study","WindmillStrike"],"picked":"SKIP","floor":22},{"not_picked":["Study","ClearTheMind","SpiritShield"],"picked":"SKIP","floor":24},{"not_picked":["Study","ClearTheMind"],"picked":"SpiritShield","floor":24},{"not_picked":["WreathOfFlame","FearNoEvil"],"picked":"SandsOfTime","floor":25},{"not_picked":["MentalFortress","JustLucky","WindmillStrike"],"picked":"SKIP","floor":28},{"not_picked":["Brilliance","EmptyFist","Worship"],"picked":"SKIP","floor":30},{"not_picked":["Judgement","Scrawl"],"picked":"Wish","floor":33},{"not_picked":["SashWhip+1","EmptyBody+1"],"picked":"Meditate+1","floor":35},{"not_picked":["BowlingBash+1","JustLucky","Collect"],"picked":"SKIP","floor":36},{"not_picked":["EmptyBody+1","Meditate+1"],"picked":"Nirvana+1","floor":41},{"not_picked":["JustLucky","FlyingSleeves"],"picked":"Vault","floor":44},{"not_picked":["BattleHymn","EmptyFist","CutThroughFate+1"],"picked":"SKIP","floor":45},{"not_picked":["Nirvana+1","FollowUp","InnerPeace"],"picked":"SKIP","floor":47},{"not_picked":["FollowUp","InnerPeace"],"picked":"Nirvana+1","floor":47},{"not_picked":["Study","Prostrate","Worship+1"],"picked":"SKIP","floor":48}],"player_experience":1205728,"relics_obtained":[{"floor":8.0,"key":"Lantern"},{"floor":9.0,"key":"PreservedInsect"},{"floor":12,"key":"Shuriken"},{"floor":14,"key":"Bronze Scales"},{"floor":24,"key":"Gremlin Horn"},{"floor":26,"key":"Ornamental Fan"},{"floor":30,"key":"Potion Belt"},{"floor":41,"key":"CaptainsWheel"},{"floor":44,"key":"Letter Opener"},{"floor":47,"key":"Art of War"}],"event_choices":[{"cards_removed":["Strike_P"],"damage_healed":0.0,"max_hp_gain":0.0,"max_hp_loss":0.0,"gold_gain":0.0,"event_name":"The Cleric","player_choice":"Card Removal","floor":2.0,"gold_loss":75.0,"damage_taken":0.0},{"cards_removed":["FlurryOfBlows"],"damage_healed":5.0,"max_hp_gain":0.0,"max_hp_loss":0.0,"gold_gain":0.0,"event_name":"Bonfire Elementals","player_choice":"Offered Common","floor":5.0,"gold_loss":0.0,"damage_taken":0.0},{"cards_removed":["FlurryOfBlows"],"damage_healed":5.0,"max_hp_gain":0.0,"max_hp_loss":0.0,"gold_gain":0.0,"event_name":"Bonfire Elementals","player_choice":"Offered Special","floor":5.0,"gold_loss":0.0,"damage_taken":0.0},{"damage_healed":0,"gold_gain":0,"player_choice":"Shed Blood","damage_taken":24,"max_hp_gain":5,"max_hp_loss":0,"event_name":"Forgotten Altar","floor":31,"gold_loss":0},{"damage_healed":60,"gold_gain":0,"player_choice":"Heal","damage_taken":0,"max_hp_gain":0,"max_hp_loss":13,"event_name":"The Moai Head","floor":37,"gold_loss":0},{"damage_healed":0,"gold_gain":0,"player_choice":"Memory 1","damage_taken":0,"max_hp_gain":0,"max_hp_loss":0,"event_name":"SensoryStone","floor":38,"gold_loss":0},{"damage_healed":0,"gold_gain":0,"player_choice":"Fight","damage_taken":0,"max_hp_gain":0,"max_hp_loss":0,"event_name":"MindBloom","floor":41,"gold_loss":0}],"is_beta":false,"boss_relics":[{"not_picked":["SacredBark","Fusion Hammer"],"picked":"Sozu"},{"not_picked":["Philosopher\u0027s Stone","Astrolabe"],"picked":"Empty Cage"}],"items_purged_floors":[19,39],"is_endless":false,"potions_floor_spawned":[4,7,10,13,16,18,22,35,36,44,48],"killed_by":"Donu and Deca","ascension_level":20}}