{"host":"sxnl403xm2xmiyj1","time":1608718701,"event":{"mods":["AchievementEnabler","BaseMod","Colored Map","Keyboard Shortcuts","Minty Spire (QoL Compilation)","Quick Restart","StSLib","SuperFastMode"],"gold_per_floor":[217,1,16,29,40,40,65,81,105,138,138,138,170,170,170,241,241,260,175,175,175],"floor_reached":20,"playtime":346,"items_purged":[],"score":412,"play_id":"24f7c6f2-7417-43c6-8101-cc3417fdafb2","local_time":"20201223191821","is_ascension_mode":true,"campfire_choices":[{"data":"Go for the Eyes","floor":6.0,"key":"SMITH"},{"data":"Zap","floor":15.0,"key":"SMITH"}],"circlet_count":0,"master_deck":["AscendersBane","Strike_B","Defend_B","Defend_B","Defend_B","Defend_B","Zap+1","Dualcast","Self Repair","Rebound","Streamline","Go for the Eyes+1","Thunder Strike","Lockon","Storm","Amplify","Heatsinks"],"relics":["Cracked Core","Vajra","PreservedInsect","Regal Pillow","MealTicket","DataDisk","Empty Cage","Mercury Hourglass"],"acts_visited":["Exordium","TheCity"],"potions_floor_usage":[16,18],"damage_taken":[{"damage":3.0,"enemies":"2 Louse","floor":1.0,"turns":2.0},{"damage":2.0,"enemies":"Jaw Worm","floor":3.0,"turns":3.0},{"damage":13.0,"enemies":"Small Slimes","floor":4.0,"turns":6.0},{"damage":8.0,"enemies":"3 Louse","floor":5.0,"turns":3.0},{"damage":45.0,"enemies":"3 Sentries","floor":7.0,"turns":8.0},{"damage":10.0,"enemies":"Exordium Wildlife","floor":8.0,"turns":3.0},{"damage":0.0,"enemies":"Gremlin Nob","floor":10.0,"turns":2.0},{"damage":20.0,"enemies":"Lagavulin","floor":13.0,"turns":6.0},{"damage":24,"enemies":"Hexaghost","floor":16,"turns":8},{"damage":51,"enemies":"3 Byrds","floor":18,"turns":5},{"damage":6,"enemies":"Spheric Guardian","floor":20,"turns":3}],"seed_played":"-7399079823243297775","potions_obtained":[{"floor":3.0,"key":"Ancient Potion"},{"floor":8.0,"key":"DuplicationPotion"},{"floor":10.0,"key":"Energy Potion"},{"floor":16,"key":"Dexterity Potion"}],"is_trial":false,"path_per_floor":["M","$","M","M","M","R","E","M","T","E","?","?","E","?","R","B",null,"M","?","M"],"character_chosen":"DEFECT","items_purchased":["Vajra","Rebound"],"campfire_rested":0,"item_purchase_floors":[2,2],"current_hp_per_floor":[61,61,66,60,59,59,21,18,18,18,18,41,28,28,28,11,56,12,12,6,6],"gold":175,"neow_bonus":"HUNDRED_GOLD","is_daily":false,"chose_seed":false,"campfire_upgraded":2,"win_rate":0.0,"timestamp":1608718701,"path_taken":["M","$","M","M","M","R","E","M","T","E","?","?","E","?","R","BOSS","M","?","M"],"items_purchased_type":["Relic","Card"],"build_version":"2020-12-22","purchased_purges":0,"victory":false,"max_hp_per_floor":[71,71,71,71,71,71,71,71,71,71,71,71,71,71,71,71,71,71,71,71,71],"card_choices":[{"not_picked":["Turbo","Stack"],"picked":"Self Repair","floor":1.0},{"not_picked":["Beam Cell","Genetic Algorithm"],"picked":"Streamline","floor":3.0},{"not_picked":["Scrape","Turbo","Stack"],"picked":"SKIP","floor":4.0},{"not_picked":["Ball Lightning","Compile Driver"],"picked":"Go for the Eyes","floor":5.0},{"not_picked":["Ball Lightning","Stack"],"picked":"Thunder Strike","floor":7.0},{"not_picked":["Go for the Eyes","BootSequence"],"picked":"Lockon","floor":8.0},{"not_picked":["Glacier","Steam Power","Sweeping Beam"],"picked":"SKIP","floor":10.0},{"not_picked":["Conserve Battery","Redo"],"picked":"Storm","floor":13.0},{"not_picked":["Rainbow","Biased Cognition"],"picked":"Amplify","floor":16},{"not_picked":["Go for the Eyes+1","Sweeping Beam"],"picked":"Heatsinks","floor":18}],"player_experience":121948,"relics_obtained":[{"floor":7.0,"key":"PreservedInsect"},{"floor":9.0,"key":"Regal Pillow"},{"floor":10.0,"key":"MealTicket"},{"floor":13.0,"key":"DataDisk"}],"event_choices":[{"damage_healed":0.0,"max_hp_gain":0.0,"max_hp_loss":0.0,"gold_gain":0.0,"event_name":"Golden Idol","player_choice":"Ignored","floor":11.0,"gold_loss":0.0,"damage_taken":0.0},{"damage_healed":23.0,"max_hp_gain":0.0,"max_hp_loss":0.0,"gold_gain":0.0,"event_name":"Big Fish","player_choice":"Banana","floor":12.0,"gold_loss":0.0,"damage_taken":0.0},{"cards_removed":["Strike_B"],"damage_healed":0.0,"max_hp_gain":0.0,"max_hp_loss":0.0,"gold_gain":0.0,"event_name":"Living Wall","player_choice":"Forget","floor":14.0,"gold_loss":0.0,"damage_taken":0.0},{"damage_healed":0,"gold_gain":0,"player_choice":"Obtained Relic","damage_taken":0,"relics_obtained":["Mercury Hourglass"],"max_hp_gain":0,"max_hp_loss":0,"event_name":"Addict","floor":19,"gold_loss":85}],"is_beta":false,"boss_relics":[{"not_picked":["SacredBark","Snecko Eye"],"picked":"Empty Cage"}],"items_purged_floors":[],"is_endless":false,"potions_floor_spawned":[3,8,10,16],"killed_by":"Spheric Guardian","ascension_level":18}}