{"host":"obza8r4x8ovwwhn2","time":1608708026,"event":{"mods":["BaseMod","BetterRewards","Colored Map","Downfall","Highlight Path","Minty Spire (QoL Compilation)","Permanent Neow","Quick Restart","Replay The Spire","Shop Mod","StSLib","SuperFastMode"],"gold_per_floor":[99,116,116,134,145,0,0,39,39,66,87,103,142,135,154,259,259,184,210,210,230,249,282,282,307,325,341,191,28,53,135,145,145,145,145],"floor_reached":33,"playtime":1859,"items_purged":[],"score":285,"play_id":"f9434acd-c54f-4304-9a8c-18d4a9438c8f","local_time":"20201222232026","is_ascension_mode":false,"campfire_choices":[{"floor":18,"key":"RECALL"},{"data":"hexamod:HexaLevel","floor":28,"key":"SMITH"}],"circlet_count":0,"master_deck":["hexamod:Strike","hexamod:Strike","hexamod:Strike","hexamod:Strike","hexamod:Defend","hexamod:Defend","hexamod:Defend","hexamod:Defend","hexamod:Sear","hexamod:Float","hexamod:VolcanoVisage+1","hexamod:SpectersWail","hexamod:AdvancingGuard+1","hexamod:Hexaguard","hexamod:SecondSeal","hexamod:FirstSeal","hexamod:PhantomFireball+1","hexamod:NecessarySacrifice+1","hexamod:InspiringFlames","hexamod:ExtraCrispy","hexamod:SearingWound+1","hexamod:ChargedBarrage","hexamod:HexaLevel+1","hexamod:ThermalTransfer","hexamod:BacktrackSmack+1","hexamod:BurningTouch","hexamod:NightmareStrike+1","hexamod:FastForward+1","hexamod:GhostOfSpirePresent","hexamod:ThirdSeal","expansioncontent:AwakenDeath","hexamod:SoulSteal"],"relics":["hexamod:SpiritBrand","downfall:ShatteredFragment","Ginger","ReplayTheSpireMod:TigerMarble","Painkiller Herb","downfall:HeartBlessingGreen","hexamod:SoulConsumer","Blood Vial","downfall:HeartBlessingRed","downfall:HeartBlessingBlue","Oddly Smooth Stone","Guide Book"],"acts_visited":["Exordium","TheCity"],"potions_floor_usage":[19,33,33,33],"damage_taken":[{"damage":2.0,"enemies":"Jaw Worm","floor":2.0,"turns":6.0},{"damage":0.0,"enemies":"2 Louse","floor":4.0,"turns":2.0},{"damage":0.0,"enemies":"Small Slimes","floor":5.0,"turns":3.0},{"damage":0.0,"enemies":"downfall:FleeingMerchant","floor":6.0,"turns":4.0},{"damage":3.0,"enemies":"3 Sentries","floor":8.0,"turns":6.0},{"damage":9.0,"enemies":"Gremlin Gang","floor":10.0,"turns":3.0},{"damage":0.0,"enemies":"Exordium Wildlife","floor":11.0,"turns":2.0},{"damage":0.0,"enemies":"2 Fungi Beasts","floor":12.0,"turns":2.0},{"damage":11.0,"enemies":"Lagavulin","floor":13.0,"turns":8.0},{"damage":8.0,"enemies":"downfall:FleeingMerchant","floor":14.0,"turns":4.0},{"damage":0,"enemies":"Exordium Wildlife","floor":15,"turns":3},{"damage":18,"enemies":"downfall:Ironclad","floor":16,"turns":9},{"damage":12,"enemies":"Shell Parasite","floor":19,"turns":5},{"damage":5,"enemies":"Spheric Guardian","floor":21,"turns":5},{"damage":20,"enemies":"Snake Plant","floor":22,"turns":6},{"damage":31,"enemies":"Book of Stabbing","floor":23,"turns":6},{"damage":16,"enemies":"Centurion and Healer","floor":25,"turns":6},{"damage":3,"enemies":"Snecko","floor":26,"turns":4},{"damage":0,"enemies":"Snake Plant","floor":27,"turns":4},{"damage":8,"enemies":"downfall:FleeingMerchant","floor":29,"turns":4},{"damage":0,"enemies":"Chosen and Byrds","floor":30,"turns":4},{"damage":18,"enemies":"downfall:FleeingMerchant","floor":31,"turns":4},{"damage":2,"enemies":"Snecko","floor":32,"turns":4},{"damage":75,"enemies":"downfall:Silent","floor":33,"turns":7}],"seed_played":"-5175976716102821149","potions_obtained":[{"floor":4.0,"key":"EntropicBrew"},{"floor":8.0,"key":"hexamod:EctoCoolerPotion"},{"floor":10.0,"key":"Regen Potion"},{"floor":21,"key":"Guardian:BlockOnCardUsePotion"}],"is_trial":false,"path_per_floor":["R_BF","M","?","M","M","$","T","E","?","M","M","M","E","$","M","B",null,"T","?","?","?","?","E","T","?","?","?","T","T","?","T","?","B"],"character_chosen":"THE_SPIRIT","items_purchased":["hexamod:FirstSeal","hexamod:PhantomFireball+1","Oddly Smooth Stone","hexamod:ThirdSeal","Guide Book","expansioncontent:AwakenDeath"],"campfire_rested":0,"item_purchase_floors":[6,6,29,31,31,31],"current_hp_per_floor":[63,61,40,40,40,40,40,44,44,42,42,42,38,37,44,33,63,63,58,63,63,50,26,26,19,25,34,44,45,54,38,45,0,0,0],"gold":145,"neow_bonus":"THREE_RARE_CARDS","is_daily":false,"chose_seed":false,"campfire_upgraded":1,"win_rate":0.0,"timestamp":1608708026,"path_taken":["R_BF","M","?","M","M","$","T","E","?","M","M","M","E","$","M","BOSS","T","?","?","?","?","E","T","?","?","?","T","T","?","T","?","BOSS"],"items_purchased_type":["Card","Card","Relic","Card","Relic","Card"],"build_version":"2020-12-22","purchased_purges":0,"victory":false,"max_hp_per_floor":[63,63,63,63,63,63,63,63,63,63,63,63,63,63,63,63,63,63,63,63,63,63,63,63,63,63,63,73,73,73,73,73,73,73,73],"card_choices":[{"not_picked":["hexamod:TimeOfNeed","hexamod:CrushingStance"],"picked":"hexamod:VolcanoVisage","floor":0.0},{"not_picked":["hexamod:GhostLash","hexamod:HauntingEcho"],"picked":"hexamod:SpectersWail","floor":2.0},{"not_picked":["hexamod:GhostflameBarrier","hexamod:NightmareGuise"],"picked":"hexamod:AdvancingGuard","floor":4.0},{"not_picked":["hexamod:CatchUp","hexamod:RecurringNightmare"],"picked":"hexamod:Hexaguard","floor":5.0},{"not_picked":["hexamod:NightmareGuise","hexamod:GhostflameInferno"],"picked":"hexamod:SecondSeal","floor":6.0},{"not_picked":["hexamod:SpectralAdrenaline","hexamod:NightmareStrike"],"picked":"hexamod:NecessarySacrifice","floor":8.0},{"not_picked":["hexamod:BacktrackSmack","hexamod:FirstSeal"],"picked":"hexamod:InspiringFlames","floor":10.0},{"not_picked":["hexamod:Hexaguard","hexamod:SpectralAdrenaline"],"picked":"hexamod:ExtraCrispy","floor":11.0},{"not_picked":["hexamod:GhostOfSpireFuture","hexamod:NightmareStrike","hexamod:RainOfEmbers"],"picked":"SKIP","floor":12.0},{"not_picked":["hexamod:GhostShield","hexamod:ChargedBarrage"],"picked":"hexamod:SearingWound","floor":13.0},{"not_picked":["hexamod:GhostLash","hexamod:SpectersWail"],"picked":"hexamod:AdvancingGuard","floor":14},{"not_picked":["hexamod:ShieldOfDarkness","hexamod:GhostOfSpirePresent"],"picked":"hexamod:ChargedBarrage","floor":15},{"not_picked":["hexamod:TimeOfNeed","hexamod:TimeWarp"],"picked":"hexamod:HexaLevel","floor":16},{"not_picked":["hexamod:RainOfEmbers","hexamod:GhostLash"],"picked":"hexamod:ThermalTransfer","floor":19},{"not_picked":["hexamod:HauntingEcho","hexamod:SwordOfDarkness"],"picked":"hexamod:BacktrackSmack+1","floor":21},{"not_picked":["hexamod:GhostOfSpirePast","hexamod:AdvancingGuard+1"],"picked":"hexamod:BurningTouch","floor":22},{"not_picked":["hexamod:GhostShield+1","hexamod:BacktrackSmack"],"picked":"hexamod:NightmareStrike+1","floor":23},{"not_picked":["hexamod:GhostflameBarrier","hexamod:ParanormalForm","hexamod:AdvancingGuard"],"picked":"SKIP","floor":25},{"not_picked":["hexamod:RainOfEmbers","hexamod:BacktrackSmack","hexamod:NightmareGuise"],"picked":"SKIP","floor":26},{"not_picked":["hexamod:NightmareGuise","hexamod:FastForward","hexamod:GhostLash"],"picked":"SKIP","floor":27},{"not_picked":["hexamod:ChargedBarrage","hexamod:Rewind"],"picked":"hexamod:FastForward+1","floor":29},{"not_picked":["hexamod:NightmareStrike","hexamod:Rewind"],"picked":"hexamod:GhostOfSpirePresent","floor":30},{"not_picked":["hexamod:SkipABeat","hexamod:NightmareGuise","hexamod:Haunt"],"picked":"SKIP","floor":31},{"not_picked":["hexamod:NightmareGuise","hexamod:SkipABeat"],"picked":"hexamod:SoulSteal","floor":32}],"player_experience":595050,"relics_obtained":[{"floor":8.0,"key":"Ginger"},{"floor":13.0,"key":"ReplayTheSpireMod:TigerMarble"},{"floor":23,"key":"hexamod:SoulConsumer"},{"floor":24,"key":"Blood Vial"}],"event_choices":[{"cards_removed":["hexamod:AdvancingGuard"],"damage_healed":5,"gold_gain":0,"player_choice":"Offered Common","damage_taken":0,"max_hp_gain":0,"max_hp_loss":0,"event_name":"Bonfire Elementals","floor":20,"gold_loss":0},{"cards_removed":["hexamod:AdvancingGuard"],"damage_healed":5,"gold_gain":0,"player_choice":"Offered Special","damage_taken":0,"max_hp_gain":0,"max_hp_loss":0,"event_name":"Bonfire Elementals","floor":20,"gold_loss":0}],"is_beta":false,"boss_relics":[{"not_picked":["ReplayTheSpireMod:DimensionalGlitch","Black Star"],"picked":"Painkiller Herb"}],"items_purged_floors":[],"is_endless":false,"potions_floor_spawned":[4,8,10,11,12,15,21,25,26,27,32],"killed_by":"downfall:Silent","ascension_level":0}}