{"host":"cp5jenm8mmpif3zo","time":1608745731,"event":{"mods":["Act Like it!","Aspiration","BaseMod","BetterRewards","Chen","Colored Map","Conspire","Energized Spire","FTL Soundtrack","Friendly Minions","Gensokyo","Halation","Highlight Path","Hubris","Kiyohime????","Koishi","Marisa????????","Minty Spire (QoL Compilation)","Pikachu Mod","Prisma Mod","Quick Restart","Railgun Mod","Random Character Button","Replay The Spire","Shop Mod","Spikes Relics","StSLib","The IronCluck","TheHero","Waifu the Spire","Yuyuko","vexMod"],"gold_per_floor":[109,120,138,138,157,157,174,91,137,148,158,177,177,187,187,288,288,305,149,168,25,0,0,0,0,0,0,27,27,127,144,144,144,144],"floor_reached":33,"playtime":1726,"items_purged":["Koishi:TerrifyingSpectre"],"score":309,"play_id":"ceb2addb-489f-405a-a15a-d2aa65056c13","local_time":"20201223114851","is_ascension_mode":false,"campfire_choices":[{"data":"Koishi:ReleaseOfTheId","floor":6,"key":"SMITH"},{"floor":13,"key":"REST"},{"data":"Koishi:MassHysteria","floor":15,"key":"SMITH"},{"data":"Koishi:FreudianInstinct","floor":23,"key":"SMITH"},{"data":"Koishi:FreudianInstinct","floor":27,"key":"SMITH"},{"data":"Koishi:SprinkleStarAndHeart","floor":29,"key":"SMITH"},{"floor":32,"key":"REST"}],"circlet_count":0,"master_deck":["Koishi:BasicStrike","Koishi:BasicStrike","Koishi:BasicStrike","Koishi:BasicDefend","Koishi:BasicDefend","Koishi:BasicDefend","Koishi:BasicDefend","Koishi:Provoke","Koishi:ReleaseOfTheId+1","Koishi:FleetingPhantom","Koishi:FreudianInstinct+1","Koishi:FidgetySnatcher","Koishi:PhantomStrike+1","Koishi:SprinkleStarAndHeart+1","Koishi:MassHysteria+1","Koishi:SubconsciousSweep","Koishi:FreudianInstinct+1","Koishi:UnconsciousUprising","Koishi:PhilosophyOfTheDespised","Koishi:TremblingHands","Koishi:SubconsciousSweep"],"relics":["Koishi:ImaginaryFriend","NeowsBlessing","halation:EternalFortune","halation:LettersToHer","energizedSpire:MagnifyingGlass","Membership Card","conspire:Boomerang","halation:TwoAmDonut"],"acts_visited":["Exordium","TheCity"],"potions_floor_usage":[10,12,20,28,31],"damage_taken":[{"damage":0,"enemies":"Gensokyo:Python","floor":1,"turns":1},{"damage":0,"enemies":"Gensokyo:3_Fairies","floor":2,"turns":2},{"damage":0,"enemies":"Gensokyo:2_Kodama","floor":3,"turns":1},{"damage":1,"enemies":"Gensokyo:VengefulSpirit","floor":5,"turns":5},{"damage":4,"enemies":"Gensokyo:5_Fairies","floor":7,"turns":4},{"damage":24,"enemies":"Gensokyo:Gryphon_and_Rabbit","floor":10,"turns":7},{"damage":11,"enemies":"Gensokyo:CorruptedTreant","floor":11,"turns":5},{"damage":7,"enemies":"Gensokyo:LivingMonolith","floor":12,"turns":4},{"damage":9,"enemies":"Gensokyo:Python_and_Kodama","floor":14,"turns":5},{"damage":0,"enemies":"Gensokyo:Reimu","floor":16,"turns":7},{"damage":13,"enemies":"conspire:FuzzyDice","floor":18,"turns":8},{"damage":7,"enemies":"2 Thieves","floor":20,"turns":4},{"damage":9,"enemies":"Book of Stabbing","floor":28,"turns":7},{"damage":10,"enemies":"Cultist and Chosen","floor":31,"turns":8},{"damage":50,"enemies":"hubris:MusketHawk","floor":33,"turns":12}],"seed_played":"969058094075161032","potions_obtained":[{"floor":3,"key":"SteroidPotion"},{"floor":7,"key":"PowerPotion"},{"floor":11,"key":"Adrenaline Potion"},{"floor":16,"key":"Elixir"},{"floor":20,"key":"Dexterity Potion"}],"is_trial":false,"path_per_floor":["M","M","M","?","M","R","M","COS","T","M","M","M","R","M","R","B",null,"M","$","M","$","?","R","?","$","T","R","E","R","?","M","R_BF","B"],"character_chosen":"KOISHI","items_purchased":["Koishi:FreudianInstinct","Membership Card"],"campfire_rested":2,"item_purchase_floors":[19,21],"current_hp_per_floor":[60,60,60,63,63,63,59,59,59,36,26,20,38,30,30,32,63,50,50,44,44,44,44,44,44,44,44,35,35,35,28,47,0,0],"gold":144,"neow_bonus":"THREE_ENEMY_KILL","is_daily":false,"chose_seed":false,"campfire_upgraded":5,"win_rate":0.0,"timestamp":1608745731,"path_taken":["M","?","M","?","M","R","M","COS","T","M","?","M","R","M","R","BOSS","M","$","M","$","?","R","?","$","T","R","E","R","?","M","R_BF","BOSS"],"items_purchased_type":["Card","Relic"],"build_version":"2020-12-22","purchased_purges":1,"victory":false,"max_hp_per_floor":[60,60,60,63,63,63,63,63,63,63,63,63,63,63,63,63,63,63,63,63,63,63,63,63,63,63,63,63,63,63,66,66,66,66],"card_choices":[{"not_picked":["Koishi:FleetingPhantom","Koishi:TraumaticStroke"],"picked":"Koishi:ReleaseOfTheId","floor":1},{"not_picked":["Koishi:PhilosophyOfTheDespised","Koishi:UnansweredLove"],"picked":"Koishi:FleetingPhantom","floor":2},{"not_picked":["Koishi:SprinkleStarAndHeart","Koishi:HeartfeltFancy","Koishi:DanmakuParanoia"],"picked":"SKIP","floor":3},{"not_picked":["Koishi:TremblingHands","Koishi:ReflexRadar","Koishi:ParalyzingFear"],"picked":"SKIP","floor":5},{"not_picked":["Koishi:DanmakuParanoia","Koishi:DreadfulBlow"],"picked":"Koishi:FreudianInstinct","floor":7},{"not_picked":["Koishi:HeartfeltFancy","Koishi:ParalyzingFear"],"picked":"Koishi:FidgetySnatcher","floor":10},{"not_picked":["Koishi:DanmakuParanoia+1","Koishi:TraumaticStroke+1"],"picked":"Koishi:PhantomStrike+1","floor":11},{"not_picked":["Koishi:ReflexRadar","Koishi:Vanish"],"picked":"Koishi:SprinkleStarAndHeart","floor":11},{"not_picked":["Koishi:ReflexRadar","Koishi:StingingMind"],"picked":"Koishi:MassHysteria","floor":12},{"not_picked":["Koishi:ImGoingToCallYouNow","Koishi:PerfectMindControl"],"picked":"Koishi:TerrifyingSpectre","floor":14},{"not_picked":["Koishi:RuptureMind","Koishi:ReflexRadar","Koishi:TremblingHands"],"picked":"SKIP","floor":14},{"not_picked":["Koishi:HeartfeltFancy","Koishi:SpiritedAway"],"picked":"Koishi:SubconsciousSweep","floor":18},{"not_picked":["Koishi:UnansweredLove","Koishi:DreadfulBlow"],"picked":"Koishi:UnconsciousUprising","floor":20},{"not_picked":["Koishi:MindNumbingTerror","Koishi:RacingHeart"],"picked":"Koishi:SubconsciousSweep","floor":28},{"not_picked":["Koishi:PhantomBarrier","Koishi:BloodcurdlingScream","Koishi:ParalyzingFear"],"picked":"SKIP","floor":31}],"player_experience":246435,"relics_obtained":[{"floor":9,"key":"halation:LettersToHer"},{"floor":26,"key":"halation:LettersToHer"},{"floor":26,"key":"conspire:Boomerang"},{"floor":28,"key":"halation:TwoAmDonut"},{"floor":31,"key":"halation:EternalFortune"}],"event_choices":[{"damage_healed":0,"gold_gain":0,"player_choice":"Paid Fearfully","damage_taken":0,"max_hp_gain":0,"max_hp_loss":0,"event_name":"Masked Bandits","floor":22,"gold_loss":25},{"damage_healed":0,"gold_gain":0,"cards_transformed":["Koishi:BasicStrike","Koishi:HauntingSlash"],"player_choice":"Became Test Subject","damage_taken":0,"max_hp_gain":0,"max_hp_loss":0,"event_name":"Drug Dealer","floor":24,"gold_loss":0,"cards_obtained":["Koishi:PhilosophyOfTheDespised","Koishi:TremblingHands"]},{"damage_healed":0,"gold_gain":100,"player_choice":"Pray","damage_taken":0,"max_hp_gain":0,"max_hp_loss":0,"event_name":"Golden Shrine","floor":30,"gold_loss":0}],"is_beta":false,"boss_relics":[{"not_picked":["halation:PinkAlligatorPlush","halation:MonkeysPaw"],"picked":"energizedSpire:MagnifyingGlass"}],"items_purged_floors":[19],"is_endless":false,"potions_floor_spawned":[3,7,11,16,20],"killed_by":"hubris:MusketHawk","ascension_level":0}}