{"host":"kiauivt48syq9iz6","time":1608712746,"event":{"mods":["BaseMod","Conspire","Downfall","Hermit","Minty Spire (QoL Compilation)","Replay The Spire","SIMod","StSLib","The Animator","The Construct","The Cursed","The Runesmith","The Servant 0.9.4"],"gold_per_floor":[113,126,138,20,37,37,56,67,67,86,86,104,120,134,134,235,235,251,201,221,253,264,264,300,0,72,72,72,89,143,14,14,133,133,164,164,44,44,3,41,41,41,41,63,83,98,98],"floor_reached":46,"playtime":2685,"items_purged":["hermit:Strike_Hermit"],"score":543,"play_id":"56e02400-3d52-4ec8-b0db-ab649261f73f","local_time":"20201223013906","is_ascension_mode":false,"campfire_choices":[{"data":"hermit:Determination","floor":6,"key":"SMITH"},{"data":"hermit:FlashPowder","floor":11,"key":"SMITH"},{"floor":15,"key":"REST"},{"floor":23,"key":"REST"},{"data":"hermit:Maintenance","floor":28,"key":"SMITH"},{"floor":32,"key":"REST"},{"floor":41,"key":"REST"}],"circlet_count":0,"master_deck":["hermit:Defend_Hermit","hermit:Defend_Hermit","hermit:Defend_Hermit","hermit:Defend_Hermit+1","hermit:Covet","hermit:HeroicBravado+1","hermit:Scavenge","hermit:Manifest","hermit:Determination+1","hermit:LowProfile","hermit:FlashPowder+1","hermit:BodyArmor","hermit:HoleUp","hermit:HighNoon","hermit:ShadowCloak","conspire:SpireCoStock","hermit:BodyArmor+1","hermit:Maintenance+1","hermit:Glare+1","hermit:Vantage+1","hermit:FatalDesire","hermit:Dive","hermit:Coalescence","hermit:Virtue","hermit:Brawl","hermit:GhostlyPresence","hermit:Reprieve","hermit:Determination","hermit:SprayPray+1","hermit:Roughhouse+1","hermit:Magnum+1","hermit:Deadeye+1","hermit:GoldenBullet+1","hermit:Misfire+1","hermit:PistolWhip+1","hermit:BlackWind+1","hermit:Quickdraw+1","hermit:NoHoldsBarred+1","hermit:Enervate+1","hermit:SprayPray+1","hermit:Roulette+1","hermit:Shortfuse+1","hermit:ShadowCloak+1","hermit:Brawl+1","Writhe","hermit:Enervate+1","hermit:WideOpen+1"],"relics":["hermit:Momento","Blue Doll","construct:ClawGrip","Replay:Bottled Snecko","hermit:RedScarf","hermit:DentedPlate","War Paint","Anchor"],"acts_visited":["Exordium","TheCity","TheBeyond"],"potions_floor_usage":[3,5,13,16,16,30,30,30,33,40,45,45],"damage_taken":[{"damage":2,"enemies":"Cultist","floor":1,"turns":4},{"damage":1,"enemies":"Jaw Worm","floor":2,"turns":5},{"damage":0,"enemies":"Small Slimes","floor":3,"turns":6},{"damage":0,"enemies":"Gremlin Gang","floor":5,"turns":6},{"damage":2,"enemies":"Blue Slaver","floor":7,"turns":6},{"damage":5,"enemies":"Looter","floor":8,"turns":2},{"damage":1,"enemies":"Exordium Wildlife","floor":10,"turns":3},{"damage":4,"enemies":"2 Fungi Beasts","floor":12,"turns":4},{"damage":1,"enemies":"Blue Slaver","floor":13,"turns":4},{"damage":0,"enemies":"Looter","floor":14,"turns":3},{"damage":32,"enemies":"Fading Forest","floor":16,"turns":11},{"damage":5,"enemies":"Chosen","floor":18,"turns":6},{"damage":6,"enemies":"3 Byrds","floor":20,"turns":8},{"damage":12,"enemies":"Centurion and Healer","floor":21,"turns":11},{"damage":6,"enemies":"Snecko","floor":22,"turns":6},{"damage":7,"enemies":"Shelled Parasite and Fungi","floor":24,"turns":8},{"damage":1,"enemies":"Snake Plant","floor":29,"turns":7},{"damage":46,"enemies":"Gremlin Leader","floor":30,"turns":10},{"damage":2,"enemies":"conspire:MysteriousRune","floor":33,"turns":10},{"damage":23,"enemies":"3 Shapes","floor":35,"turns":14},{"damage":69,"enemies":"Nemesis","floor":40,"turns":13},{"damage":0,"enemies":"Orb Walker","floor":44,"turns":5},{"damage":25,"enemies":"Writhing Mass","floor":45,"turns":7},{"damage":54,"enemies":"Maw","floor":46,"turns":11}],"seed_played":"-1353886139320725834","potions_obtained":[{"floor":1,"key":"SkillPotion"},{"floor":3,"key":"Strength Potion"},{"floor":8,"key":"Weak Potion"},{"floor":10,"key":"Explosive Potion"},{"floor":12,"key":"DistilledChaos"},{"floor":14,"key":"Elixir"},{"floor":22,"key":"SpeedPotion"},{"floor":29,"key":"CultistPotion"},{"floor":30,"key":"PowerPotion"},{"floor":33,"key":"conspire:TimeTravelPotion"},{"floor":44,"key":"EssenceOfSteel"},{"floor":45,"key":"Fruit Juice"}],"is_trial":false,"path_per_floor":["M","M","M","$","M","R","M","M","T","M","R","M","M","M","R","B",null,"M","?","M","M","M","R","M","$","T","?","R","M","E","$","R","B",null,"M","?","$","?","$","E","R","?","T","M","M","M"],"character_chosen":"HERMIT","items_purchased":["hermit:Determination","hermit:PistolWhip","hermit:FatalDesire","hermit:TrackingShot+1","hermit:Dive","hermit:Coalescence","hermit:ItchyTrigger+1","hermit:Brawl","hermit:GhostlyPresence","hermit:Roughhouse+1","hermit:ItchyTrigger","hermit:ShadowCloak+1"],"campfire_rested":4,"item_purchase_floors":[4,4,25,25,25,25,31,31,31,37,37,39],"current_hp_per_floor":[73,72,72,72,72,72,70,65,65,64,64,60,59,59,75,53,75,70,70,64,52,46,68,61,61,61,61,61,60,14,14,36,34,66,47,47,47,47,47,9,41,68,68,68,48,0,0],"gold":98,"neow_bonus":"TRANSFORM_CARD","is_daily":false,"chose_seed":false,"campfire_upgraded":3,"win_rate":0.0,"timestamp":1608712746,"path_taken":["M","M","?","$","M","R","M","M","T","M","R","M","M","M","R","BOSS","M","?","M","M","M","R","M","?","T","?","R","?","E","$","R","BOSS","M","?","$","?","?","E","R","?","T","M","?","M"],"items_purchased_type":["Card","Card","Card","Card","Card","Card","Card","Card","Card","Card","Card","Card"],"build_version":"2020-12-22","purchased_purges":1,"victory":false,"max_hp_per_floor":[75,75,75,75,75,75,75,75,75,75,75,75,75,75,75,75,75,75,75,75,75,75,75,75,75,75,75,75,75,75,75,75,75,107,107,107,107,107,107,107,107,107,107,107,112,112,112],"card_choices":[{"not_picked":["hermit:Glare","hermit:SprayPray"],"picked":"hermit:Scavenge","floor":1},{"not_picked":["hermit:Coalescence","hermit:Cheat"],"picked":"hermit:Manifest","floor":2},{"not_picked":["hermit:TrackingShot","hermit:ItchyTrigger"],"picked":"hermit:Headshot","floor":3},{"not_picked":["hermit:TakeCover","hermit:DeadMansHand"],"picked":"hermit:Desperado","floor":5},{"not_picked":["hermit:Dissolve","hermit:HighCaliber"],"picked":"hermit:Desperado","floor":7},{"not_picked":["hermit:Vantage","hermit:Virtue"],"picked":"hermit:LowProfile","floor":8},{"not_picked":["hermit:Roulette","hermit:Misfire"],"picked":"hermit:FlashPowder","floor":10},{"not_picked":["hermit:Roulette","hermit:Headshot"],"picked":"hermit:BodyArmor","floor":12},{"not_picked":["hermit:Enervate","hermit:Midnight"],"picked":"hermit:HoleUp","floor":13},{"not_picked":["hermit:Cheat","hermit:GoldenBullet"],"picked":"hermit:TrackingShot","floor":14},{"not_picked":["hermit:Adapt","hermit:Reprieve"],"picked":"hermit:HighNoon","floor":16},{"not_picked":["hermit:Manifest","hermit:Ricochet"],"picked":"hermit:ShadowCloak","floor":18},{"not_picked":["hermit:HighCaliber","hermit:Misfire"],"picked":"hermit:BodyArmor+1","floor":20},{"not_picked":["hermit:Gestalt","hermit:Snipe"],"picked":"hermit:Maintenance","floor":21},{"not_picked":["hermit:Midnight","hermit:BodyArmor+1"],"picked":"hermit:Glare+1","floor":22},{"not_picked":["hermit:CalledShot","hermit:Ricochet+1"],"picked":"hermit:Vantage+1","floor":24},{"not_picked":["hermit:Midnight","hermit:HoleUp"],"picked":"hermit:Virtue","floor":29},{"not_picked":["hermit:Enervate","hermit:Glare"],"picked":"hermit:DeadOrAlive","floor":30},{"not_picked":["hermit:HighNoon","hermit:Adapt"],"picked":"hermit:Reprieve","floor":33},{"not_picked":["hermit:TrackingShot","hermit:Dive+1"],"picked":"hermit:Determination","floor":35},{"not_picked":["hermit:Headshot+1","hermit:Dive"],"picked":"hermit:Brawl+1","floor":40},{"not_picked":["hermit:Midnight+1","hermit:Dive"],"picked":"hermit:Enervate+1","floor":44},{"not_picked":["hermit:Ricochet+1","hermit:Midnight"],"picked":"hermit:WideOpen+1","floor":45}],"player_experience":7569,"relics_obtained":[{"floor":9,"key":"Blue Doll"},{"floor":26,"key":"Replay:Bottled Snecko"},{"floor":30,"key":"hermit:RedScarf"},{"floor":40,"key":"War Paint"},{"floor":43,"key":"Anchor"}],"event_choices":[{"damage_healed":0,"gold_gain":0,"player_choice":"Invest 1","damage_taken":0,"max_hp_gain":0,"max_hp_loss":0,"event_name":"conspire:Investor","floor":19,"gold_loss":0},{"cards_removed":["hermit:Desperado"],"damage_healed":0,"gold_gain":0,"player_choice":"Card Removal","damage_taken":0,"max_hp_gain":0,"max_hp_loss":0,"event_name":"Wheel of Change","floor":27,"gold_loss":0},{"damage_healed":0,"gold_gain":0,"player_choice":"Ignored","damage_taken":0,"max_hp_gain":0,"max_hp_loss":0,"event_name":"Mysterious Sphere","floor":36,"gold_loss":0},{"damage_healed":27,"gold_gain":0,"player_choice":"Writhe","damage_taken":0,"max_hp_gain":0,"max_hp_loss":0,"event_name":"Winding Halls","floor":42,"gold_loss":0,"cards_obtained":["Writhe"]}],"is_beta":false,"boss_relics":[{"not_picked":["conspire:RoyalGoblet","Fusion Hammer"],"picked":"construct:ClawGrip"},{"not_picked":["Replay:Wanted Poster","hermit:BartenderGlass"],"picked":"hermit:DentedPlate"}],"items_purged_floors":[25],"is_endless":false,"potions_floor_spawned":[1,3,8,10,12,14,22,29,30,33,44,45],"killed_by":"Maw","ascension_level":0}}