{"host":"t4vqa88y94iqzvf0","time":1608757431,"event":{"mods":["Aspiration","BaseMod","Colored Map","Conspire","Downfall","Hermit","Hubris","Jorbs\u0027s Wanderer Trilogy","Koishi","Marisa????????","Minty Spire (QoL Compilation)","StSLib","Td1madao Mod","The Bug Knight","The Cursed","The Disciple","The Hierophant","The Necromancer","The Servant 0.9.4","slay the spire mod where everything is the same but ironclad has a cowboy hat"],"gold_per_floor":[99,116,129,148,18,50,74,74,74,24,24,35,35,64,84,179,179,104,119,119,129,148,148,175,6,36,56,56,68,68,68,82,82,82,82],"floor_reached":33,"playtime":7408,"items_purged":[],"score":302,"play_id":"2daba29b-04cb-4592-ae37-744403f46274","local_time":"20201223160351","is_ascension_mode":false,"campfire_choices":[{"floor":1,"key":"RECALL"},{"data":"Slimebound:Split","floor":9,"key":"SMITH"},{"data":"Flash of Steel","floor":13,"key":"SMITH"},{"data":"Slimebound:CorrosiveSpit","floor":18,"key":"SMITH"},{"data":"Slimebound:LeechEnergy","floor":23,"key":"SMITH"},{"data":"Slimebound:RollThrough","floor":30,"key":"SMITH"}],"circlet_count":0,"master_deck":["Slimebound:Strike_Slimebound","Slimebound:Strike_Slimebound","Slimebound:Strike_Slimebound","Slimebound:Tackle","Slimebound:Defend_Slimebound","Slimebound:Defend_Slimebound","Slimebound:Defend_Slimebound","Slimebound:Defend_Slimebound","Slimebound:Split+1","Slimebound:CorrosiveSpit+1","Slimebound:SplitAcid","Slimebound:Grow","Slimebound:SplitAcid","Flash of Steel+1","Slimebound:FinishingTackle","Slimebound:LeechingTouch","Slimebound:GrowthPunch","Slimebound:SlimeTap","Slimebound:SamplingLick","Slimebound:MassRepurpose","Slimebound:SplitBruiser","Slimebound:DisruptingSlam","Slimebound:SlimeSlap","Slimebound:RejuvenatingLick","Slimebound:LivingWall","Slimebound:LeechEnergy+1","Slimebound:RallyTheTroops","Slimebound:SplitLeeching","Slimebound:GoopSpray","Slimebound:Chomp","Slimebound:RollThrough+1","Slimebound:ComboTackle","Slimebound:ComboTackle","hermit:TakeCover","Writhe","Slimebound:FirmFortitude"],"relics":["Slimebound:AbsorbEndCombat","conspire:DeflatedDodgeball","Anchor","hubris:Spice","SlaversCollar","downfall:HeartBlessingRed","hubris:CrystalStatue","PrismaticShard","aspiration:FrozenJewel"],"acts_visited":["Exordium","TheCity"],"potions_floor_usage":[],"damage_taken":[{"damage":4,"enemies":"Cultist","floor":2,"turns":4},{"damage":18,"enemies":"Small Slimes","floor":3,"turns":4},{"damage":9,"enemies":"Jaw Worm","floor":4,"turns":5},{"damage":11,"enemies":"downfall:FleeingMerchant","floor":5,"turns":4},{"damage":24,"enemies":"HollowMod:MossKnight","floor":6,"turns":12},{"damage":20,"enemies":"downfall:FleeingMerchant","floor":10,"turns":4},{"damage":12,"enemies":"Exordium Wildlife","floor":12,"turns":4},{"damage":30,"enemies":"Lagavulin","floor":14,"turns":5},{"damage":20,"enemies":"Large Slime","floor":15,"turns":4},{"damage":61,"enemies":"downfall:Silent","floor":16,"turns":9},{"damage":33,"enemies":"Spheric Guardian","floor":19,"turns":3},{"damage":31,"enemies":"3 Byrds","floor":21,"turns":4},{"damage":33,"enemies":"Snake Plant","floor":22,"turns":4},{"damage":31,"enemies":"downfall:FleeingMerchant","floor":25,"turns":4},{"damage":36,"enemies":"Book of Stabbing","floor":26,"turns":5},{"damage":20,"enemies":"Cultist and Chosen","floor":27,"turns":4},{"damage":4,"enemies":"3 Cultists","floor":29,"turns":3},{"damage":14,"enemies":"Shelled Parasite and Fungi","floor":32,"turns":4},{"damage":84,"enemies":"downfall:Watcher","floor":33,"turns":6}],"seed_played":"-5576652792390057812","potions_obtained":[{"floor":2,"key":"LiquidMemories"},{"floor":4,"key":"champ:CounterPotion"},{"floor":14,"key":"Weak Potion"},{"floor":15,"key":"CultistPotion"}],"is_trial":false,"path_per_floor":["R","M","M","M","$","E","T","?","R","$","?","M","R","E","M","B",null,"R","M","?","M","M","R","T","$","E","M","?","M","R","?","M","B"],"character_chosen":"SLIMEBOUND","items_purchased":["Flash of Steel","Slimebound:FinishingTackle","Slimebound:SlimeTap","Slimebound:SplitLeeching","Slimebound:GoopSpray","Slimebound:Chomp"],"campfire_rested":0,"item_purchase_floors":[5,5,10,25,25,25],"current_hp_per_floor":[66,66,58,61,60,56,56,56,56,54,54,58,58,60,66,39,74,74,57,57,56,49,49,49,48,42,54,46,54,54,54,60,0,0,0],"gold":82,"neow_bonus":"TEN_PERCENT_HP_BONUS","is_daily":false,"chose_seed":false,"campfire_upgraded":5,"win_rate":0.0,"timestamp":1608757431,"path_taken":["R","M","M","?","?","E","T","?","R","$","?","?","R","E","M","BOSS","R","M","?","M","M","R","T","$","E","M","?","M","R","?","M","BOSS"],"items_purchased_type":["Card","Card","Card","Card","Card","Card"],"build_version":"2020-12-22","purchased_purges":0,"victory":false,"max_hp_per_floor":[66,66,66,66,66,66,66,66,66,66,66,66,66,74,74,74,74,74,74,74,74,74,74,74,74,74,74,74,74,74,74,74,74,74,74],"card_choices":[{"not_picked":["Slimebound:TongueLash","Slimebound:LeechEnergy"],"picked":"Slimebound:SplitAcid","floor":2},{"not_picked":["Slimebound:LeechEnergy","Slimebound:MegaLick"],"picked":"Slimebound:Grow","floor":3},{"not_picked":["Slimebound:FinishingTackle","Slimebound:HauntingLick"],"picked":"Slimebound:Prepare","floor":4},{"not_picked":["Slimebound:ComboTackle","Slimebound:SlimeSpikes"],"picked":"Slimebound:SplitAcid","floor":5},{"not_picked":["Slimebound:GrowthPunch","Slimebound:SpikyOuterGoop"],"picked":"Slimebound:LeechingTouch","floor":6},{"not_picked":["Slimebound:PressTheAttack","Slimebound:Schlurp"],"picked":"Slimebound:GrowthPunch","floor":10},{"not_picked":["Slimebound:PressTheAttack","Slimebound:FlameTackle"],"picked":"Slimebound:MassRepurpose","floor":12},{"not_picked":["Slimebound:PressTheAttack","Slimebound:GoopTackle"],"picked":"Slimebound:SplitBruiser","floor":14},{"not_picked":["Slimebound:PressTheAttack","Slimebound:SlimeSpikes"],"picked":"Slimebound:DisruptingSlam","floor":15},{"not_picked":["Slimebound:MassRepurpose","Slimebound:DuplicatedForm"],"picked":"Slimebound:SlimeSlap","floor":16},{"not_picked":["Slimebound:FirmFortitude","Slimebound:SamplingLick"],"picked":"Slimebound:RejuvenatingLick","floor":19},{"not_picked":["Slimebound:SlimeSpikes","Slimebound:SplitMire"],"picked":"Slimebound:LivingWall","floor":21},{"not_picked":["Slimebound:RejuvenatingLick","Slimebound:SplitAcid+1"],"picked":"Slimebound:LeechEnergy","floor":22},{"not_picked":["Slimebound:SplitLeeching+1","Slimebound:LivingWall"],"picked":"Slimebound:RallyTheTroops","floor":25},{"not_picked":["Slimebound:SamplingLick","Slimebound:FirmFortitude"],"picked":"Slimebound:RollThrough","floor":26},{"not_picked":["Slimebound:SplitAcid","Slimebound:SlimeSpikes"],"picked":"Slimebound:ComboTackle","floor":27},{"not_picked":["Slimebound:DuplicatedForm","Slimebound:SplitMire"],"picked":"Slimebound:ComboTackle","floor":28},{"not_picked":["Guardian:PiercingHide","hermit:Desperado"],"picked":"hermit:TakeCover","floor":29},{"not_picked":["stsjorbsmod:Siphon","Afterwards+1"],"picked":"Slimebound:FirmFortitude","floor":32}],"player_experience":5213,"relics_obtained":[{"floor":6,"key":"conspire:DeflatedDodgeball"},{"floor":7,"key":"Anchor"},{"floor":14,"key":"hubris:Spice"},{"floor":26,"key":"hubris:CrystalStatue"},{"floor":28,"key":"PrismaticShard"}],"event_choices":[{"damage_healed":0,"gold_gain":0,"cards_transformed":["Slimebound:Prepare"],"player_choice":"Transformed","damage_taken":0,"max_hp_gain":0,"max_hp_loss":0,"event_name":"Transmorgrifier","floor":11,"gold_loss":0,"cards_obtained":["Slimebound:SamplingLick"]},{"damage_healed":0,"gold_gain":0,"player_choice":"Ignored","damage_taken":0,"max_hp_gain":0,"max_hp_loss":0,"event_name":"Vampires","floor":20,"gold_loss":0}],"is_beta":false,"boss_relics":[{"not_picked":["Snecko Eye","Runic Dome"],"picked":"SlaversCollar"}],"items_purged_floors":[],"is_endless":false,"potions_floor_spawned":[2,4,14,15,19,26],"killed_by":"downfall:Watcher","ascension_level":0}}