{"host":"hz7oro4zaett5eh9","time":1608729383,"event":{"mods":["BaseMod","BetterRewards","Marisa????????","Minty Spire (QoL Compilation)","Remilia??????","Shade Mod","StSLib","The Animator","The Construct","The Cursed","The Disciple","The Marked","The Mystic","The Runesmith","The Senshi","The Servant 0.9.4","TheSwordswoman"],"gold_per_floor":[118,138,149,324,10,10,21,21,67,67,67,85,103,134,134,230,230,241,259,17,17,27,27,27,27,27,27,44,44,44],"floor_reached":29,"playtime":4278,"items_purged":["Doubt"],"score":225,"play_id":"4f0ff746-15da-45b8-8d29-27fa1b8244c8","local_time":"20201223131623","is_ascension_mode":false,"campfire_choices":[{"data":"theSenshi:MoonsReflection","floor":6,"key":"SMITH"},{"floor":8,"key":"RECALL"},{"data":"theSenshi:MoonCrystalPowerMakeUp","floor":10,"key":"SMITH"},{"floor":15,"key":"REST"},{"floor":23,"key":"REST"},{"floor":25,"key":"REST"}],"circlet_count":0,"master_deck":["theSenshi:SailorBlock","theSenshi:SailorBlock","theSenshi:RoseThrow","theSenshi:MoonPrismPowerMakeUp","theSenshi:MoonCrystalPowerMakeUp+1","theSenshi:TallSilhouette","theSenshi:SailorVenusAssists+1","theSenshi:YouCanTalk","theSenshi:MoonPrincessHalation+1","theSenshi:MoonsReflection+1","theSenshi:MoonPunch+1","theSenshi:MoonTwilightFlash+1","theSenshi:MoonCrisisMakeUp","theSenshi:ChibiMoonsLove","theSenshi:MoonKick+1","theSenshi:MoonTwilightFlash+1","theSenshi:RainbowMoonHeartAche+1","theSenshi:MoonGorgeousMeditation+1","theSenshi:PlutosSolemnity+1","theSenshi:MoonTwilightFlash+1","theSenshi:EncouragingSpeech+1","theSenshi:NeptunesGrace+1","theSenshi:SailorMercuryAssists","theSenshi:MoonTiaraMagic+1","theSenshi:InTheNickOfTime","theSenshi:SailorMercuryAssists+1","theSenshi:MoonTiaraMagic+1"],"relics":["theSenshi:TransformationBroochRelic","Molten Egg 2","Lantern","Boot","Astrolabe","TheAbacus","Bottled Lightning"],"acts_visited":["Exordium","TheCity"],"potions_floor_usage":[16,29],"damage_taken":[{"damage":0,"enemies":"Cultist","floor":1,"turns":4},{"damage":7,"enemies":"Small Slimes","floor":2,"turns":5},{"damage":3,"enemies":"2 Louse","floor":3,"turns":3},{"damage":15,"enemies":"2 Fungi Beasts","floor":7,"turns":4},{"damage":8,"enemies":"Large Slime","floor":12,"turns":6},{"damage":23,"enemies":"Lots of Slimes","floor":13,"turns":5},{"damage":14,"enemies":"Gremlin Nob","floor":14,"turns":4},{"damage":47,"enemies":"The Guardian","floor":16,"turns":9},{"damage":27,"enemies":"2 Thieves","floor":18,"turns":4},{"damage":38,"enemies":"Chosen","floor":19,"turns":6},{"damage":21,"enemies":"Snecko","floor":22,"turns":5},{"damage":53,"enemies":"Sentry and Sphere","floor":28,"turns":8},{"damage":3,"enemies":"Chosen and Byrds","floor":29,"turns":4}],"seed_played":"5061856081424635128","potions_obtained":[{"floor":2,"key":"Regen Potion"},{"floor":7,"key":"Strength Potion"},{"floor":12,"key":"BlessingOfTheForge"},{"floor":19,"key":"LiquidBronze"}],"is_trial":false,"path_per_floor":["M","M","M","?","$","R","M","R","T","R","?","M","M","E","R","B",null,"M","M","$","?","M","R","?","R","T","?","M","M"],"character_chosen":"THE_SENSHI","items_purchased":["theSenshi:MoonCrystalPowerMakeUp","Molten Egg 2","theSenshi:TallSilhouette","theSenshi:SailorVenusAssists+1","theSenshi:MoonPunch+1","theSenshi:MoonTwilightFlash+1","Lantern","theSenshi:MoonTiaraMagic+1","theSenshi:InTheNickOfTime","TheAbacus"],"campfire_rested":3,"item_purchase_floors":[0,0,0,0,5,5,5,20,20,20],"current_hp_per_floor":[75,68,65,65,65,65,50,50,50,50,50,52,39,25,47,15,75,48,20,20,20,9,31,31,53,53,53,10,7,7],"gold":44,"neow_bonus":"","is_daily":false,"chose_seed":false,"campfire_upgraded":2,"win_rate":0.0,"timestamp":1608729383,"path_taken":["M","M","M","?","$","R","M","R","T","R","?","M","?","E","R","BOSS","M","M","$","?","M","R","?","R","T","?","?","M"],"items_purchased_type":["Card","Relic","Card","Card","Card","Card","Relic","Card","Card","Relic"],"build_version":"2020-12-22","purchased_purges":1,"victory":false,"max_hp_per_floor":[75,75,75,75,75,75,75,75,75,75,75,75,75,75,75,75,75,75,75,75,75,75,75,75,75,75,75,75,75,75],"card_choices":[{"not_picked":["theSenshi:PlutosSolemnity","theSenshi:SailorMercuryAssists"],"picked":"theSenshi:YouCanTalk","floor":1},{"not_picked":["theSenshi:DramaticEntrance","theSenshi:SailorMercuryAssists"],"picked":"theSenshi:MoonPrincessHalation+1","floor":2},{"not_picked":["theSenshi:SchoolBag","theSenshi:SailorMarsAssists+1"],"picked":"theSenshi:MoonsReflection","floor":3},{"not_picked":["theSenshi:TuxedoMaskAssists+1","theSenshi:SailorPlanetPower+1"],"picked":"theSenshi:MoonCrisisMakeUp","floor":7},{"not_picked":["theSenshi:InTheNickOfTime","theSenshi:SchoolBag"],"picked":"theSenshi:MoonKick+1","floor":12},{"not_picked":["theSenshi:SailorVenusAssists+1","theSenshi:SailorStarFighterAssists+1"],"picked":"theSenshi:MoonTwilightFlash+1","floor":13},{"not_picked":["theSenshi:TallSilhouette","theSenshi:SupersonicWaves+1"],"picked":"theSenshi:RainbowMoonHeartAche+1","floor":14},{"not_picked":["theSenshi:GlimpseOfThePast","theSenshi:FatedKiss"],"picked":"theSenshi:MoonGorgeousMeditation+1","floor":16},{"not_picked":["theSenshi:SailorVenusAssists+1","theSenshi:Sidestep"],"picked":"theSenshi:NeptunesGrace+1","floor":18},{"not_picked":["theSenshi:MoonSpiralHeartAttack+1","theSenshi:LunasBite+1"],"picked":"theSenshi:SailorMercuryAssists","floor":19},{"not_picked":["theSenshi:MoonTiaraMagic+1","theSenshi:MoonHealingEscalation"],"picked":"theSenshi:SailorMercuryAssists+1","floor":22},{"not_picked":["theSenshi:KlutzyLuck","theSenshi:SailorStarMakerAssists+1"],"picked":"theSenshi:MoonTiaraMagic+1","floor":28}],"player_experience":623283,"relics_obtained":[{"floor":14,"key":"Boot"},{"floor":26,"key":"Bottled Lightning"}],"event_choices":[{"damage_healed":0,"gold_gain":175,"player_choice":"AGREE","damage_taken":0,"max_hp_gain":0,"max_hp_loss":0,"event_name":"Liars Game","floor":4,"gold_loss":0,"cards_obtained":["Doubt"]},{"damage_healed":0,"gold_gain":0,"cards_transformed":["theSenshi:SailorBlock"],"player_choice":"Transformed","damage_taken":0,"max_hp_gain":0,"max_hp_loss":0,"event_name":"Transmorgrifier","floor":11,"gold_loss":0,"cards_obtained":["theSenshi:ChibiMoonsLove"]},{"cards_removed":["theSenshi:SailorKick"],"damage_healed":0,"gold_gain":0,"player_choice":"Elegance","damage_taken":0,"max_hp_gain":0,"max_hp_loss":0,"event_name":"Back to Basics","floor":24,"gold_loss":0},{"cards_removed":["theSenshi:SailorBlock"],"damage_healed":0,"gold_gain":0,"player_choice":"Card Removal","damage_taken":0,"max_hp_gain":0,"max_hp_loss":0,"event_name":"Wheel of Change","floor":27,"gold_loss":0}],"is_beta":false,"boss_relics":[{"not_picked":["Velvet Choker","Runic Dome"],"picked":"Astrolabe"}],"items_purged_floors":[5],"is_endless":false,"potions_floor_spawned":[2,7,12,19,22,28],"killed_by":"Chosen and Byrds","ascension_level":0}}