{"host":"amyouew1jj5rel7b","time":1608709698,"event":{"mods":["AchievementEnabler","BaseMod","Better Altar","Better Match","Better Note","Better Skull","CapriCore","Minty Spire (QoL Compilation)","Permanent Neow","Spicy Shops","StSLib","SuperFastMode","The Dragon Tamer"],"gold_per_floor":[114,114,114,133,144,144,171,171,217,244,258,183,183,196,196,301,301,319,319,62,62,79,79,112,124,149,74,89,104,115,134,134,134,134,134],"floor_reached":33,"playtime":1173,"items_purged":[],"score":354,"play_id":"ee342818-de5f-41d8-9573-c90e4295651c","local_time":"20201223164818","is_ascension_mode":false,"metric_token":863,"campfire_choices":[{"data":"DTMod:DoubleHit","floor":6,"key":"SMITH"},{"data":"DTMod:HeatWave","floor":8,"key":"SMITH"},{"data":"DTMod:Outburst","floor":13,"key":"SMITH"},{"data":"DTMod:MagiciansMark","floor":15,"key":"SMITH"},{"data":"DTMod:MagiciansMark","floor":23,"key":"SMITH"},{"data":"DTMod:DarkBreath","floor":32,"key":"SMITH"}],"dtmod_dragon_data":[47,50,3,-1,10,0],"circlet_count":0,"master_deck":["DTMod:Strike","DTMod:Strike","DTMod:Strike+1","DTMod:DoubleHit+1","DTMod:TargetDefense","DTMod:TargetDefense+1","DTMod:TargetDefense","DTMod:TargetDefense+1","DTMod:SwitchingTactic+1","DTMod:ComboAttack","DTMod:MagiciansMark+1","DTMod:MagiciansMark+1","DTMod:HeatWave+1","DTMod:BuildUp","DTMod:DarkBreath+1","DTMod:Outburst+1","Swift Strike","DTMod:FlameSlash","DTMod:LightShield","DTMod:Training+1","DTMod:Shift","DTMod:BreakAttack+1","DTMod:ShieldDrain+1","DTMod:BalancedStrike+1","DTMod:ForkedFire","DTMod:TauntingStrike"],"relics":["Coffee Dripper","Akabeko","Anchor","War Paint","Philosopher\u0027s Stone","DTMod:DragonFood","Frozen Egg 2","Art of War"],"acts_visited":["Exordium","TheCity"],"potions_floor_usage":[10,10,24,24,25,33],"damage_taken":[{"damage":0,"enemies":"Jaw Worm","floor":1,"turns":3},{"damage":0,"enemies":"Cultist","floor":4,"turns":3},{"damage":0,"enemies":"Small Slimes","floor":5,"turns":2},{"damage":14,"enemies":"3 Sentries","floor":7,"turns":7},{"damage":0,"enemies":"Lagavulin","floor":10,"turns":7},{"damage":0,"enemies":"Blue Slaver","floor":11,"turns":2},{"damage":0,"enemies":"3 Louse","floor":14,"turns":2},{"damage":0,"enemies":"Slime Boss","floor":16,"turns":3},{"damage":0,"enemies":"3 Byrds","floor":18,"turns":4},{"damage":10,"enemies":"2 Thieves","floor":22,"turns":3},{"damage":16,"enemies":"Slavers","floor":24,"turns":4},{"damage":24,"enemies":"Snake Plant","floor":25,"turns":3},{"damage":0,"enemies":"Centurion and Healer","floor":28,"turns":3},{"damage":0,"enemies":"3 Cultists","floor":29,"turns":2},{"damage":0,"enemies":"Sentry and Sphere","floor":30,"turns":2},{"damage":0,"enemies":"Centurion and Healer","floor":31,"turns":1},{"damage":0,"enemies":"Automaton","floor":33,"turns":2}],"seed_played":"9205462811403147642","potions_obtained":[{"floor":5,"key":"SteroidPotion"},{"floor":7,"key":"Block Potion"},{"floor":10,"key":"Regen Potion"},{"floor":16,"key":"FearPotion"},{"floor":18,"key":"BlessingOfTheForge"},{"floor":24,"key":"Block Potion"},{"floor":29,"key":"SteroidPotion"},{"floor":30,"key":"SkillPotion"}],"is_trial":false,"path_per_floor":["M","?","?","M","M","R","E","R","T","E","M","?","R","M","R","B",null,"M","?","$","$","M","R","E","M","T","?","M","M","M","M","R","B"],"character_chosen":"THE_DT","items_purchased":["DTMod:DragonFood"],"campfire_rested":0,"item_purchase_floors":[20],"current_hp_per_floor":[45,45,36,36,36,36,22,22,22,22,22,22,22,22,22,22,45,45,45,45,45,35,35,31,7,7,7,7,7,7,7,7,7,7,7],"gold":134,"neow_bonus":"BOSS_RELIC","is_daily":false,"chose_seed":false,"campfire_upgraded":6,"win_rate":0.0,"timestamp":1608709698,"path_taken":["M","?","?","M","M","R","E","R","T","E","M","?","R","?","R","BOSS","M","?","?","$","?","R","E","M","T","?","M","M","M","M","R","BOSS"],"items_purchased_type":["Relic"],"build_version":"2020-12-22","purchased_purges":0,"victory":false,"max_hp_per_floor":[45,45,45,45,45,45,45,45,45,45,45,45,45,45,45,45,45,45,45,45,45,45,45,45,45,45,45,45,45,45,45,45,45,45,45],"card_choices":[{"not_picked":["DTMod:BlazingStrike","DTMod:Haste"],"picked":"DTMod:ComboAttack","floor":1},{"not_picked":["DTMod:Feint","DTMod:Hide"],"picked":"DTMod:MagiciansMark","floor":4},{"not_picked":["DTMod:ShieldDrain","DTMod:BlazingStrike"],"picked":"DTMod:MagiciansMark","floor":5},{"not_picked":["DTMod:Haste","DTMod:Observe"],"picked":"DTMod:HeatWave","floor":7},{"not_picked":["DTMod:Observe","DTMod:Threaten"],"picked":"DTMod:BuildUp","floor":10},{"not_picked":["DTMod:Threaten","DTMod:LowKick"],"picked":"DTMod:DarkBreath","floor":11},{"not_picked":["DTMod:ResonanceForm","DTMod:EchoTactic"],"picked":"DTMod:Outburst","floor":12},{"not_picked":["Deep Breath","Good Instincts"],"picked":"Swift Strike","floor":12},{"not_picked":["DTMod:BlazingStrike","DTMod:ShieldDrain"],"picked":"DTMod:FlameSlash","floor":14},{"not_picked":["DTMod:EchoTactic","DTMod:Safeguard"],"picked":"DTMod:LightShield","floor":16},{"not_picked":["DTMod:Threaten","DTMod:MagicField","DTMod:CleansingStrike+1"],"picked":"SKIP","floor":18},{"not_picked":["DTMod:TauntingStrike","DTMod:Punisher"],"picked":"DTMod:Training+1","floor":22},{"not_picked":["DTMod:WarmUp+1","DTMod:StarRain"],"picked":"DTMod:Shift","floor":24},{"not_picked":["DTMod:CleansingStrike","DTMod:Cover+1"],"picked":"DTMod:BreakAttack+1","floor":25},{"not_picked":["DTMod:Outburst","DTMod:Cover"],"picked":"DTMod:ShieldDrain+1","floor":28},{"not_picked":["DTMod:BizarreTactic","DTMod:Observe"],"picked":"DTMod:BalancedStrike+1","floor":29},{"not_picked":["DTMod:Feint","DTMod:Coolant"],"picked":"DTMod:ForkedFire","floor":30},{"not_picked":["DTMod:GhostSkin","DTMod:Astonish"],"picked":"DTMod:TauntingStrike","floor":31}],"player_experience":263419,"relics_obtained":[{"floor":7,"key":"Akabeko"},{"floor":9,"key":"Anchor"},{"floor":10,"key":"War Paint"},{"floor":24,"key":"Frozen Egg 2"},{"floor":26,"key":"Art of War"}],"event_choices":[{"damage_healed":0,"gold_gain":0,"player_choice":"Ignored","damage_taken":0,"max_hp_gain":0,"max_hp_loss":0,"event_name":"Liars Game","floor":2,"gold_loss":0},{"damage_healed":0,"gold_gain":0,"player_choice":"Entered Light","damage_taken":9,"max_hp_gain":0,"max_hp_loss":0,"event_name":"Shining Light","floor":3,"gold_loss":0,"cards_upgraded":["DTMod:TargetDefense","DTMod:Strike"]},{"damage_healed":0,"gold_gain":0,"player_choice":"1","damage_taken":0,"max_hp_gain":0,"max_hp_loss":0,"event_name":"betterMatch:BetterMatch","floor":12,"gold_loss":0,"cards_obtained":["betterMatch:ColorlessUncommonCard","betterMatch:RareCard"]},{"cards_removed":["DTMod:Outburst"],"damage_healed":0,"gold_gain":0,"player_choice":"Give","damage_taken":0,"max_hp_gain":0,"max_hp_loss":0,"event_name":"betterNote:BetterNote","floor":19,"gold_loss":0,"cards_obtained":["None"]},{"cards_removed":["DTMod:Strike"],"damage_healed":0,"gold_gain":0,"player_choice":"Gave Gold","damage_taken":0,"max_hp_gain":0,"max_hp_loss":0,"event_name":"Beggar","floor":27,"gold_loss":75}],"is_beta":false,"boss_relics":[{"not_picked":["Tiny House","Sozu"],"picked":"Philosopher\u0027s Stone"}],"items_purged_floors":[],"is_endless":false,"potions_floor_spawned":[5,7,10,16,18,24,29,30,31],"killed_by":"Automaton","ascension_level":0}}