{"host":"qdfumeom6htv8yxl","time":1608752264,"event":{"mods":["AchievementEnabler","BaseMod","Block Reminder","Minty Spire (QoL Compilation)","Quick Restart","Relic Stats"],"gold_per_floor":[119,137,157,41,41,41,41,41,41,55,6,40,40,215,215,286,286,226,240,94,94,94,94,108,108,108,108,108,28,48,62,62,134,134,146,146,160,179,179,179,234,234,260,260,260],"floor_reached":44,"playtime":2833,"items_purged":["Strike_G","Doubt"],"score":683,"play_id":"5c344ee2-9fb7-4031-b921-b8fc26bb2e1d","local_time":"20201223133744","is_ascension_mode":true,"campfire_choices":[{"data":"Panache","floor":6.0,"key":"SMITH"},{"data":"Infinite Blades","floor":8.0,"key":"SMITH"},{"floor":13.0,"key":"REST"},{"floor":15.0,"key":"REST"},{"floor":23.0,"key":"REST"},{"data":"Envenom","floor":25,"key":"SMITH"},{"data":"Cloak And Dagger","floor":27,"key":"SMITH"},{"floor":32,"key":"REST"},{"floor":40,"key":"REST"},{"floor":42,"key":"REST"}],"circlet_count":0,"master_deck":["AscendersBane","Strike_G+1","Strike_G+1","Defend_G+1","Defend_G+1","Defend_G+1","Defend_G+1","Survivor","Neutralize","Panache+1","Blade Dance","Tools of the Trade","Infinite Blades+1","Underhanded Strike","Cloak And Dagger+1","PiercingWail","Tactician","Envenom+1","Cloak And Dagger","Footwork","Shame","Accuracy","Finisher+1","Cloak And Dagger+1","Choke+1","Decay"],"relics":["Ring of the Snake","Ornamental Fan","Matryoshka","Dream Catcher","Empty Cage","Molten Egg 2","Blue Candle","Art of War","Cursed Key","Pocketwatch","Bottled Flame","Regal Pillow"],"acts_visited":["Exordium","TheCity","TheBeyond"],"potions_floor_usage":[35,37,44],"damage_taken":[{"damage":1.0,"enemies":"2 Louse","floor":1.0,"turns":4.0},{"damage":0.0,"enemies":"Cultist","floor":2.0,"turns":3.0},{"damage":0.0,"enemies":"Small Slimes","floor":3.0,"turns":3.0},{"damage":3.0,"enemies":"Blue Slaver","floor":10.0,"turns":4.0},{"damage":21.0,"enemies":"Gremlin Nob","floor":12.0,"turns":4.0},{"damage":17.0,"enemies":"Slime Boss","floor":16.0,"turns":7.0},{"damage":15.0,"enemies":"2 Thieves","floor":18.0,"turns":4.0},{"damage":12.0,"enemies":"Shell Parasite","floor":19.0,"turns":7.0},{"damage":0.0,"enemies":"3 Cultists","floor":24.0,"turns":5.0},{"damage":17,"enemies":"Sentry and Sphere","floor":30,"turns":4},{"damage":14,"enemies":"Centurion and Healer","floor":31,"turns":4},{"damage":35,"enemies":"Automaton","floor":33,"turns":8},{"damage":19,"enemies":"3 Darklings","floor":35,"turns":5},{"damage":4,"enemies":"3 Shapes","floor":37,"turns":3},{"damage":16,"enemies":"Transient","floor":38,"turns":5},{"damage":37,"enemies":"2 Orb Walkers","floor":41,"turns":6},{"damage":45,"enemies":"Reptomancer","floor":44,"turns":3}],"seed_played":"3674215993458408803","potions_obtained":[{"floor":1.0,"key":"Weak Potion"},{"floor":16.0,"key":"Weak Potion"},{"floor":31,"key":"EssenceOfSteel"},{"floor":35,"key":"CunningPotion"},{"floor":41,"key":"SteroidPotion"}],"is_trial":false,"path_per_floor":["M","M","M","$","?","R","$","R","T","M","$","E","R","?","R","B",null,"M","M","$","?","?","R","M","R","T","R","?","$","M","M","R","B",null,"M","?","M","M","?","R","?","R","T","E"],"character_chosen":"THE_SILENT","items_purchased":["Infinite Blades","Cloak And Dagger","Cloak And Dagger","Accuracy"],"campfire_rested":6,"item_purchase_floors":[4,11,20,29],"current_hp_per_floor":[43,43,43,43,43,43,43,43,43,40,40,19,38,38,57,40,60,45,33,33,33,33,52,52,52,52,52,52,52,35,21,40,5,51,32,58,54,38,38,55,18,35,35,0,0],"gold":260,"neow_bonus":"RANDOM_COLORLESS_2","is_daily":false,"chose_seed":false,"campfire_upgraded":4,"win_rate":0.0,"timestamp":1608752264,"path_taken":["M","M","M","$","?","R","?","R","T","M","$","E","R","?","R","BOSS","M","M","$","?","?","R","?","R","T","R","?","$","M","M","R","BOSS","M","?","M","M","?","R","?","R","T","E"],"items_purchased_type":["Card","Card","Card","Card"],"build_version":"2020-12-22","purchased_purges":2,"victory":false,"max_hp_per_floor":[66,66,66,66,66,66,66,66,66,66,66,66,66,66,66,66,66,66,66,66,66,66,66,66,66,66,66,66,66,66,66,66,66,66,66,58,58,58,58,58,58,58,58,58,58],"relic_stats":{"Dream Catcher":6,"Regal Pillow":0,"counters":[17,79],"Ornamental Fan":[208],"Blue Candle":[5],"Art of War":[3],"Cursed Key":1,"obtain_stats":[{"Dream Catcher":12,"Bottled Flame":43,"Regal Pillow":43,"Matryoshka":9,"Ornamental Fan":5,"Blue Candle":26,"Molten Egg 2":26,"Art of War":28,"Empty Cage":17,"Cursed Key":34,"Ring of the Snake":0,"Pocketwatch":41},{"Dream Catcher":5,"Bottled Flame":16,"Regal Pillow":16,"Matryoshka":3,"Ornamental Fan":3,"Blue Candle":9,"Molten Egg 2":9,"Art of War":9,"Empty Cage":6,"Cursed Key":12,"Ring of the Snake":0,"Pocketwatch":16},{"Dream Catcher":18,"Bottled Flame":76,"Regal Pillow":76,"Matryoshka":10,"Ornamental Fan":10,"Blue Candle":41,"Molten Egg 2":41,"Art of War":41,"Empty Cage":25,"Cursed Key":57,"Ring of the Snake":0,"Pocketwatch":76}],"Ring of the Snake":[37],"Pocketwatch":[0]},"card_choices":[{"not_picked":["Transmutation","Metamorphosis"],"picked":"Panache","floor":0.0},{"not_picked":["Dodge and Roll","Quick Slash"],"picked":"Blade Dance","floor":1.0},{"not_picked":["Dagger Throw","Masterful Stab"],"picked":"Endless Agony","floor":2.0},{"not_picked":["Flying Knee","Sucker Punch"],"picked":"Tools of the Trade","floor":3.0},{"not_picked":["Dash","Backflip"],"picked":"Underhanded Strike","floor":10.0},{"not_picked":["Quick Slash","PiercingWail","Flying Knee"],"picked":"SKIP","floor":12.0},{"not_picked":["Quick Slash","Flying Knee"],"picked":"PiercingWail","floor":12.0},{"not_picked":["Dodge and Roll","Corpse Explosion"],"picked":"Tactician","floor":15.0},{"not_picked":["Storm of Steel","Unload"],"picked":"Envenom","floor":16.0},{"not_picked":["Underhanded Strike","Poisoned Stab","Acrobatics"],"picked":"SKIP","floor":18.0},{"not_picked":["Bane","Skewer","Deadly Poison"],"picked":"SKIP","floor":19.0},{"not_picked":["Crippling Poison","PiercingWail"],"picked":"Footwork","floor":23.0},{"not_picked":["Sucker Punch","Quick Slash","Wraith Form v2"],"picked":"SKIP","floor":24.0},{"not_picked":["Predator+1","Dagger Throw+1","Skewer+1"],"picked":"SKIP","floor":30},{"not_picked":["Well Laid Plans","Dagger Throw+1"],"picked":"Finisher+1","floor":31},{"not_picked":["Acrobatics","Deadly Poison+1","Dagger Throw+1"],"picked":"SKIP","floor":35},{"not_picked":["Deflect","Deadly Poison+1"],"picked":"Cloak And Dagger+1","floor":37},{"not_picked":["Dodge and Roll","Predator+1","Unload+1"],"picked":"SKIP","floor":38},{"not_picked":["Quick Slash+1","Dash+1"],"picked":"Choke+1","floor":41}],"player_experience":1501950,"relics_obtained":[{"floor":9.0,"key":"Matryoshka"},{"floor":12.0,"key":"Dream Catcher"},{"floor":26,"key":"Molten Egg 2"},{"floor":26,"key":"Blue Candle"},{"floor":41,"key":"Pocketwatch"},{"floor":43,"key":"Bottled Flame"},{"floor":43,"key":"Regal Pillow"}],"event_choices":[{"damage_healed":0.0,"max_hp_gain":0.0,"max_hp_loss":0.0,"gold_gain":0.0,"event_name":"WeMeetAgain","player_choice":"Gave Potion","floor":5.0,"gold_loss":0.0,"damage_taken":0.0,"relics_obtained":["Ornamental Fan"]},{"damage_healed":0.0,"max_hp_gain":0.0,"max_hp_loss":0.0,"gold_gain":175.0,"event_name":"Liars Game","player_choice":"AGREE","floor":14.0,"gold_loss":0.0,"damage_taken":0.0,"cards_obtained":["Doubt"]},{"damage_healed":0.0,"max_hp_gain":0.0,"max_hp_loss":0.0,"gold_gain":0.0,"event_name":"Back to Basics","player_choice":"Simplicity","floor":21.0,"gold_loss":0.0,"damage_taken":0.0,"cards_upgraded":["Strike_G","Strike_G","Defend_G","Defend_G","Defend_G","Defend_G","Defend_G"]},{"cards_removed":["Defend_G"],"damage_healed":0.0,"max_hp_gain":0.0,"max_hp_loss":0.0,"gold_gain":0.0,"event_name":"Purifier","player_choice":"Purged","floor":22.0,"gold_loss":0.0,"damage_taken":0.0},{"damage_healed":0,"gold_gain":0,"player_choice":"Stole Relic","damage_taken":0,"relics_obtained":["Art of War"],"max_hp_gain":0,"max_hp_loss":0,"event_name":"Addict","floor":28,"gold_loss":0,"cards_obtained":["Shame"]},{"damage_healed":58,"gold_gain":0,"player_choice":"Heal","damage_taken":0,"max_hp_gain":0,"max_hp_loss":8,"event_name":"The Moai Head","floor":36,"gold_loss":0},{"cards_removed":["Endless Agony"],"damage_healed":0,"gold_gain":0,"player_choice":"Removed Attack","damage_taken":0,"max_hp_gain":0,"max_hp_loss":0,"event_name":"Falling","floor":39,"gold_loss":0},{"damage_healed":0,"gold_gain":0,"player_choice":"Fight","damage_taken":0,"max_hp_gain":0,"max_hp_loss":0,"event_name":"Mysterious Sphere","floor":41,"gold_loss":0}],"is_beta":false,"boss_relics":[{"not_picked":["Busted Crown","Snecko Eye"],"picked":"Empty Cage"},{"not_picked":["Tiny House","SacredBark"],"picked":"Cursed Key"}],"items_purged_floors":[4,20],"is_endless":false,"potions_floor_spawned":[1,16,31,35,41],"killed_by":"Reptomancer","ascension_level":14}}