{"host":"d4jjsas3g8mfo55f","time":1608734487,"event":{"mods":["ATMod(°¢èªMod)","Aspiration","BaseMod","Hermit","LagranYue(À­¸ñÀÊ¡¤ÔÂ)","Luminous","Minty Spire (QoL Compilation)","Replay The Spire","Spicy Shops","StSLib","The Bladedancer","The Bug Knight","The Jungle"],"gold_per_floor":[112,112,112,122,13,13,43,104,131,131,131],"floor_reached":10,"playtime":454,"items_purged":[],"score":64,"play_id":"a3cbba32-c767-4f66-9ca3-34ffedee374b","local_time":"20201223224127","is_ascension_mode":false,"campfire_choices":[{"data":"Luminous:Balance_Death_Scythe","floor":6,"key":"SMITH"}],"circlet_count":0,"master_deck":["Luminous:Light_Flash_Shower","Luminous:Light_Flash_Shower","Luminous:Light_Flash_Shower","Luminous:Dark_Abyssal_Drop+1","Luminous:Dark_Abyssal_Drop","Luminous:Dark_Abyssal_Drop","Luminous:Defend_Luminous","Luminous:Defend_Luminous","Luminous:Defend_Luminous","Luminous:Defend_Luminous+1","Luminous:Switch_Luminous","AT_FamilyPortrait","Luminous:Dark_Dim_Erosion","Luminous:Balance_Death_Scythe+1","Luminous:Flash_Blink_Luminous","Luminous:Lunar_Tide_Luminous+1","Luminous:Dark_Raid"],"relics":["Luminous:MirrorRelic","AT_ATBox","LagranYue:RandomDrawCardRelic","Eternal Feather","AT_RabadonDeathcap","Frozen Egg 2","aspiration:HatOfInfinitePower","Pet Ghost"],"acts_visited":["Exordium"],"potions_floor_usage":[],"damage_taken":[{"damage":0,"enemies":"Small Slimes","floor":1,"turns":3},{"damage":3,"enemies":"Jaw Worm","floor":4,"turns":2},{"damage":31,"enemies":"Lagavulin","floor":7,"turns":4},{"damage":36,"enemies":"Lagavulin Event","floor":8,"turns":5},{"damage":9,"enemies":"3 Sentries","floor":10,"turns":1}],"seed_played":"-8829853274665510032","potions_obtained":[{"floor":1,"key":"LiquidMemories"},{"floor":8,"key":"FearPotion"}],"is_trial":false,"path_per_floor":["M","?","?","M","$","R","E","?","T","E"],"character_chosen":"LuminousClass","items_purchased":["AT_RabadonDeathcap","Luminous:Flash_Blink_Luminous"],"campfire_rested":0,"item_purchase_floors":[5,5],"current_hp_per_floor":[82,66,66,63,63,72,41,5,5,0,0],"gold":131,"neow_bonus":"TEN_PERCENT_HP_BONUS","is_daily":false,"chose_seed":false,"campfire_upgraded":1,"win_rate":0.0,"timestamp":1608734487,"path_taken":["M","?","?","?","$","R","E","?","T","E"],"items_purchased_type":["Relic","Card"],"build_version":"2020-12-22","purchased_purges":0,"victory":false,"max_hp_per_floor":[82,82,82,82,82,82,82,82,82,82,82],"card_choices":[{"not_picked":["Luminous:Light_Reflection","Luminous:Hero_Will_Luminous"],"picked":"Luminous:Dark_Dim_Erosion","floor":1},{"not_picked":["Luminous:Dark_Apocalypse","Luminous:Concentrate_Luminous"],"picked":"Luminous:Balance_Death_Scythe","floor":4},{"not_picked":["Luminous:Freud_Wisdom1_Luminous","Luminous:Hero_Will_Luminous"],"picked":"Luminous:Lunar_Tide_Luminous+1","floor":7},{"not_picked":["Luminous:Light_Gather","Luminous:Dark_Pressure_Void"],"picked":"Luminous:Dark_Raid","floor":8}],"player_experience":298936,"relics_obtained":[{"floor":7,"key":"Frozen Egg 2"},{"floor":8,"key":"aspiration:HatOfInfinitePower"},{"floor":9,"key":"Pet Ghost"}],"event_choices":[{"damage_healed":0,"gold_gain":0,"player_choice":"Entered Light","damage_taken":16,"max_hp_gain":0,"max_hp_loss":0,"event_name":"Shining Light","floor":2,"gold_loss":0,"cards_upgraded":["Luminous:Dark_Abyssal_Drop","Luminous:Defend_Luminous"]},{"damage_healed":0,"gold_gain":0,"player_choice":"Gave Potion","damage_taken":0,"relics_obtained":["Eternal Feather"],"max_hp_gain":0,"max_hp_loss":0,"event_name":"WeMeetAgain","floor":3,"gold_loss":0},{"damage_healed":0,"gold_gain":0,"player_choice":"Searched \u00271\u0027 times","damage_taken":0,"max_hp_gain":0,"max_hp_loss":0,"event_name":"Dead Adventurer","floor":8,"gold_loss":0}],"is_beta":false,"boss_relics":[],"items_purged_floors":[],"is_endless":false,"potions_floor_spawned":[1,8],"killed_by":"3 Sentries","ascension_level":0}}