{"host":"7o30bgpqouqblh42","time":1608683834,"event":{"mods":["AchievementEnabler","Aspiration","BaseMod","Colored Map","Downfall","Highlight Path","Minty Spire (QoL Compilation)","StSLib","SuperFastMode"],"gold_per_floor":[99,99,99,99,199,124,124,49,63,82,82,97,43,43,57,155,155,155,173,183,183,201,218,218,236,236,236,146,156,191,191,191,191],"floor_reached":31,"playtime":2079,"items_purged":["Barricade"],"score":245,"play_id":"43c1fd3a-debc-4351-acae-c3c4c8860766","local_time":"20201222193714","is_ascension_mode":false,"campfire_choices":[{"floor":1,"key":"RECALL"},{"data":"hexamod:SoulSteal","floor":6,"key":"SMITH"},{"data":"hexamod:BurningTouch","floor":8,"key":"SMITH"},{"data":"hexamod:SwordOfDarkness","floor":11,"key":"SMITH"},{"data":"hexamod:SearingWound","floor":18,"key":"SMITH"},{"data":"hexamod:NecessarySacrifice","floor":27,"key":"SMITH"}],"circlet_count":0,"master_deck":["hexamod:Strike","hexamod:Strike","hexamod:Strike","hexamod:Defend","hexamod:Defend","hexamod:Defend","hexamod:Defend","hexamod:Sear","hexamod:Float","hexamod:SoulSteal+1","hexamod:BurningTouch+1","hexamod:SwordOfDarkness+1","hexamod:ThirdSeal","hexamod:RainOfEmbers","hexamod:FifthSeal","hexamod:FourthSeal","hexamod:Rewind+1","hexamod:SearingWound+1","hexamod:EmpoweringStance","hexamod:ExtraCrispy","Shame","hexamod:ChargedBarrage","hexamod:SixthSeal","hexamod:NecessarySacrifice+1","hexamod:SkipABeat+1","hexamod:GhostflameInferno"],"relics":["hexamod:SpiritBrand","downfall:HeartsMalice","downfall:ShatteredFragment","downfall:GremlinWheel","downfall:HeartBlessingRed","downfall:HeartBlessingBlue","aspiration:IroncladSkillbook","hexamod:InflammatoryLetter","Eternal Feather","Ginger"],"acts_visited":["Exordium","TheCity"],"potions_floor_usage":[16,16,20,23,23,28,31],"damage_taken":[{"damage":0,"enemies":"Cultist","floor":3,"turns":1},{"damage":0,"enemies":"2 Louse","floor":4,"turns":1},{"damage":0,"enemies":"2 Louse","floor":5,"turns":1},{"damage":5,"enemies":"Jaw Worm","floor":9,"turns":3},{"damage":2,"enemies":"Blue Slaver","floor":10,"turns":3},{"damage":10,"enemies":"3 Louse","floor":12,"turns":3},{"damage":0,"enemies":"downfall:FleeingMerchant","floor":13,"turns":4},{"damage":7,"enemies":"Red Slaver","floor":15,"turns":3},{"damage":51,"enemies":"downfall:Defect","floor":16,"turns":6},{"damage":0,"enemies":"Chosen","floor":19,"turns":3},{"damage":21,"enemies":"Shelled Parasite and Fungi","floor":20,"turns":4},{"damage":15,"enemies":"Snecko","floor":22,"turns":4},{"damage":19,"enemies":"Snake Plant","floor":23,"turns":3},{"damage":15,"enemies":"3 Cultists","floor":25,"turns":4},{"damage":0,"enemies":"downfall:FleeingMerchant","floor":28,"turns":4},{"damage":14,"enemies":"Centurion and Healer","floor":29,"turns":3},{"damage":31,"enemies":"Slavers","floor":30,"turns":3},{"damage":15,"enemies":"Shelled Parasite and Fungi","floor":31,"turns":3}],"seed_played":"8877463561787722450","potions_obtained":[{"floor":5,"key":"Dexterity Potion"},{"floor":9,"key":"DistilledChaos"},{"floor":15,"key":"PowerPotion"},{"floor":15,"key":"Energy Potion"},{"floor":20,"key":"SneckoOil"},{"floor":22,"key":"PowerPotion"},{"floor":23,"key":"Guardian:BlockOnCardUsePotion"},{"floor":25,"key":"Energy Potion"},{"floor":28,"key":"Energy Potion"},{"floor":30,"key":"EssenceOfSteel"}],"is_trial":false,"path_per_floor":["R","?","M","M","?","R","T","R","M","M","R","M","$","?","M","B",null,"R","M","M","?","M","M","T","M","?","R","$","M","E","M"],"character_chosen":"THE_SPIRIT","items_purchased":["hexamod:FourthSeal"],"campfire_rested":0,"item_purchase_floors":[13],"current_hp_per_floor":[70,49,49,49,49,49,49,80,75,73,73,63,63,63,56,5,80,80,80,63,63,52,37,37,26,26,41,45,35,8,0,0,0],"gold":191,"neow_bonus":"THREE_ENEMY_KILL","is_daily":false,"chose_seed":false,"campfire_upgraded":5,"win_rate":0.0,"timestamp":1608683834,"path_taken":["R","?","M","M","?","R","T","R","M","?","R","M","$","?","M","BOSS","R","M","M","?","M","M","T","M","?","R","$","M","E","M"],"items_purchased_type":["Card"],"build_version":"2020-12-13","purchased_purges":1,"victory":false,"max_hp_per_floor":[70,70,70,70,70,70,70,80,80,80,80,80,80,80,80,80,80,80,80,80,80,80,80,80,80,80,80,80,80,80,80,80,80],"card_choices":[{"not_picked":["hexamod:ShieldOfDarkness","hexamod:BurningTouch"],"picked":"hexamod:SoulSteal","floor":3},{"not_picked":["hexamod:FastForward","hexamod:GhostOfSpirePresent"],"picked":"hexamod:BurningTouch","floor":4},{"not_picked":["hexamod:SpectralAdrenaline","hexamod:GhostShield"],"picked":"hexamod:SwordOfDarkness","floor":9},{"not_picked":["hexamod:NightmareStrike","hexamod:RetreatToShadows"],"picked":"hexamod:ThirdSeal","floor":10},{"not_picked":["hexamod:GhostOfSpireFuture","hexamod:DynamicBlow"],"picked":"hexamod:RainOfEmbers","floor":12},{"not_picked":["hexamod:FastForward","hexamod:BacktrackSmack","hexamod:NightmareGuise"],"picked":"SKIP","floor":12},{"not_picked":["hexamod:SwordOfDarkness","hexamod:PhantomCloak"],"picked":"hexamod:SoulSteal","floor":13},{"not_picked":["hexamod:FastForward","hexamod:ShieldOfDarkness"],"picked":"hexamod:FifthSeal","floor":13},{"not_picked":["hexamod:AdvancingGuard","hexamod:HauntingEcho"],"picked":"hexamod:Rewind","floor":15},{"not_picked":["hexamod:FastForward","hexamod:SpectersWail","hexamod:AdvancingGuard"],"picked":"SKIP","floor":15},{"not_picked":["hexamod:CrushingStance","hexamod:TimeWarp"],"picked":"hexamod:SearingWound","floor":16},{"not_picked":["hexamod:TurnItUp","hexamod:GhostflameInferno"],"picked":"hexamod:EmpoweringStance","floor":16},{"not_picked":["hexamod:GhostShield","hexamod:FastForward","hexamod:NightmareGuise"],"picked":"hexamod:ExtraCrispy","floor":19},{"not_picked":["Armaments","Shrug It Off","hexamod:GhostShield+1","Corruption"],"picked":"SKIP","floor":20},{"not_picked":["Warcry","Armaments","hexamod:GhostLash","hexamod:ShieldOfDarkness"],"picked":"SKIP","floor":22},{"not_picked":["hexamod:GhostOfSpireFuture","Corruption","Warcry"],"picked":"hexamod:ChargedBarrage","floor":23},{"not_picked":["hexamod:FirstSeal","hexamod:ThirdSeal","hexamod:FourthSeal"],"picked":"hexamod:SixthSeal","floor":23},{"not_picked":["Heavy Blade+1","Fire Breathing+1","Spot Weakness"],"picked":"hexamod:NecessarySacrifice","floor":25},{"not_picked":["Clothesline","Corruption","Thunderclap"],"picked":"hexamod:SkipABeat+1","floor":28},{"not_picked":["hexamod:Hexaguard","Pommel Strike","Armaments","Combust"],"picked":"SKIP","floor":28},{"not_picked":["Pommel Strike","Rampage","Warcry","hexamod:ThirdSeal"],"picked":"SKIP","floor":29},{"not_picked":["Pummel+1","hexamod:BurningTouch","True Grit"],"picked":"hexamod:GhostflameInferno","floor":30},{"not_picked":["Cleave","Feel No Pain","Rampage+1","Inflame"],"picked":"SKIP","floor":30}],"player_experience":87262,"relics_obtained":[{"floor":5,"key":"downfall:GremlinWheel"},{"floor":24,"key":"Eternal Feather"},{"floor":30,"key":"Ginger"}],"event_choices":[{"damage_healed":21,"gold_gain":0,"player_choice":"Full Heal","damage_taken":0,"max_hp_gain":0,"max_hp_loss":0,"event_name":"Wheel of Change","floor":8,"gold_loss":0},{"damage_healed":0,"gold_gain":0,"player_choice":"Stole Relic","damage_taken":0,"relics_obtained":["hexamod:InflammatoryLetter"],"max_hp_gain":0,"max_hp_loss":0,"event_name":"Addict","floor":21,"gold_loss":0,"cards_obtained":["Shame"]},{"damage_healed":0,"gold_gain":0,"cards_transformed":["hexamod:SoulSteal"],"player_choice":"Transformed","damage_taken":0,"max_hp_gain":0,"max_hp_loss":0,"event_name":"Transmorgrifier","floor":26,"gold_loss":0,"cards_obtained":["Barricade"]}],"is_beta":false,"boss_relics":[{"not_picked":["aspiration:RunicSpoon","Velvet Choker"],"picked":"aspiration:IroncladSkillbook"}],"items_purged_floors":[28],"is_endless":false,"potions_floor_spawned":[5,9,15,22,25,30],"killed_by":"Shelled Parasite and Fungi","ascension_level":0}}