{"host":"nptej036rrbiurf5","time":1608685804,"event":{"mods":["BaseMod","Colored Map","Colored Powertips","DeckTracker","Minty Spire (QoL Compilation)","StSLib","SuperFastMode"],"gold_per_floor":[117,117,39,39,58,58,96,96,174,189,209,228,244,262,262,360,423,448,464,76,89,359,359,359],"floor_reached":23,"playtime":733,"items_purged":["Strike_G"],"score":440,"play_id":"fe69d162-07a2-4ba4-9500-0a7235ad1e6b","local_time":"20201223101004","is_ascension_mode":true,"campfire_choices":[{"data":"Bouncing Flask","floor":6.0,"key":"SMITH"},{"data":"Deadly Poison","floor":8.0,"key":"SMITH"},{"data":"Well Laid Plans","floor":15.0,"key":"SMITH"}],"circlet_count":0,"master_deck":["AscendersBane","Strike_G","Strike_G","Strike_G","Defend_G","Defend_G","Defend_G","Defend_G+1","Defend_G","Survivor","Neutralize","Well Laid Plans+1","Bouncing Flask+1","Deadly Poison+1","Backflip","Acrobatics+1","Adrenaline+1","Poisoned Stab","Catalyst+1","Reflex+1","Adrenaline+1","Leg Sweep+1","Blur+1","Backflip+1","Finesse+1","Good Instincts+1"],"relics":["Ring of the Snake","NeowsBlessing","Golden Idol","MealTicket","Toxic Egg 2","Tiny House","Strange Spoon"],"acts_visited":["Exordium","TheCity"],"potions_floor_usage":[23],"damage_taken":[{"damage":0.0,"enemies":"2 Louse","floor":1.0,"turns":1.0},{"damage":0.0,"enemies":"Jaw Worm","floor":5.0,"turns":1.0},{"damage":0.0,"enemies":"Lagavulin","floor":7.0,"turns":1.0},{"damage":0.0,"enemies":"Cultist","floor":10.0,"turns":3.0},{"damage":14.0,"enemies":"Lots of Slimes","floor":11.0,"turns":5.0},{"damage":18.0,"enemies":"Large Slime","floor":12.0,"turns":4.0},{"damage":1.0,"enemies":"Red Slaver","floor":13.0,"turns":4.0},{"damage":0.0,"enemies":"2 Fungi Beasts","floor":14.0,"turns":2.0},{"damage":3.0,"enemies":"Hexaghost","floor":16.0,"turns":6.0},{"damage":4.0,"enemies":"Chosen","floor":18.0,"turns":5.0},{"damage":10.0,"enemies":"3 Byrds","floor":19.0,"turns":4.0},{"damage":0.0,"enemies":"3 Cultists","floor":21.0,"turns":4.0},{"damage":41,"enemies":"Slavers","floor":23,"turns":4}],"seed_played":"-4417630905650934886","potions_obtained":[{"floor":5.0,"key":"Poison Potion"},{"floor":10.0,"key":"FearPotion"},{"floor":11.0,"key":"EssenceOfSteel"},{"floor":12.0,"key":"Fruit Juice"},{"floor":17.0,"key":"EntropicBrew"}],"is_trial":false,"path_per_floor":["M","?","$","?","M","R","E","R","T","M","M","M","M","M","R","B",null,"M","M","$","M","?","E"],"character_chosen":"THE_SILENT","items_purchased":["Bouncing Flask","Strange Spoon","Backflip+1","Finesse+1"],"campfire_rested":0,"item_purchase_floors":[3,20,20,20],"current_hp_per_floor":[59,59,59,52,52,52,52,52,52,52,38,25,24,24,24,21,59,55,45,60,60,27,0,0],"gold":359,"neow_bonus":"THREE_ENEMY_KILL","is_daily":false,"chose_seed":false,"campfire_upgraded":3,"win_rate":0.0,"timestamp":1608685804,"path_taken":["M","?","$","?","M","R","E","R","T","M","?","?","M","?","R","BOSS","M","M","$","M","?","E"],"items_purchased_type":["Card","Relic","Card","Card"],"build_version":"2020-12-13","purchased_purges":1,"victory":false,"max_hp_per_floor":[66,60,60,60,60,60,60,60,60,60,60,65,65,65,65,65,70,70,70,70,70,70,70,70],"card_choices":[{"not_picked":["Underhanded Strike","Bane"],"picked":"Well Laid Plans","floor":1.0},{"not_picked":["Flying Knee","Slice"],"picked":"Deadly Poison","floor":5.0},{"not_picked":["Footwork","Dagger Throw"],"picked":"Backflip","floor":7.0},{"not_picked":["Reflex+1","Slice"],"picked":"Acrobatics+1","floor":10.0},{"not_picked":["Cloak And Dagger+1","Outmaneuver+1"],"picked":"Adrenaline+1","floor":11.0},{"not_picked":["Flying Knee","Sucker Punch"],"picked":"Poisoned Stab","floor":12.0},{"not_picked":["Underhanded Strike","Deadly Poison+1"],"picked":"Catalyst+1","floor":13.0},{"not_picked":["Escape Plan+1","Bane"],"picked":"Reflex+1","floor":14.0},{"not_picked":["Glass Knife","Malaise+1"],"picked":"Adrenaline+1","floor":16.0},{"not_picked":["Dagger Spray","Backstab"],"picked":"Leg Sweep+1","floor":17.0},{"not_picked":["Leg Sweep+1","Caltrops"],"picked":"Blur+1","floor":18.0},{"not_picked":["Dagger Spray","Cloak And Dagger+1","Sucker Punch"],"picked":"SKIP","floor":19.0},{"not_picked":["Quick Slash","Masterful Stab","Concentrate+1"],"picked":"SKIP","floor":21.0}],"player_experience":843575,"relics_obtained":[{"floor":7.0,"key":"MealTicket"},{"floor":9.0,"key":"Toxic Egg 2"}],"event_choices":[{"damage_healed":0.0,"max_hp_gain":0.0,"max_hp_loss":6.0,"gold_gain":0.0,"event_name":"Golden Idol","player_choice":"Lose Max HP","floor":2.0,"gold_loss":0.0,"damage_taken":0.0,"relics_obtained":["Golden Idol"]},{"cards_removed":["Strike_G"],"damage_healed":0.0,"max_hp_gain":0.0,"max_hp_loss":0.0,"gold_gain":0.0,"event_name":"Golden Wing","player_choice":"Card Removal","floor":4.0,"gold_loss":0.0,"damage_taken":7.0},{"damage_healed":0.0,"max_hp_gain":0.0,"max_hp_loss":0.0,"gold_gain":270.0,"event_name":"Knowing Skull","player_choice":"GOLD CARD GOLD GOLD ","floor":22.0,"potions_obtained":[],"gold_loss":0.0,"damage_taken":33.0,"cards_obtained":["Good Instincts"]}],"is_beta":false,"boss_relics":[{"not_picked":["Ring of the Serpent","WristBlade"],"picked":"Tiny House"}],"items_purged_floors":[20],"is_endless":false,"potions_floor_spawned":[5,10,11,12],"killed_by":"Slavers","ascension_level":20}}