{"host":"x565ttcahk6mfbvs","time":1608729282,"event":{"mods":["AchievementEnabler","BaseMod","BetterRewards","Downfall","Minty Spire (QoL Compilation)","Permanent Neow","Remove Card Discount Mod","StSLib"],"gold_per_floor":[99,114,114,114,289,289,289,301,226,226,0,0,27,27,38,133,183,183,203,34,34,19,19,19,19,33,33,33,33,33,33,33],"floor_reached":30,"playtime":903,"items_purged":[],"score":210,"play_id":"0b3da51b-5207-434c-bf30-c7ed83f080fb","local_time":"20201223071442","is_ascension_mode":false,"campfire_choices":[{"data":"hexamod:TimeOfNeed","floor":1,"key":"SMITH"},{"floor":6,"key":"RECALL"},{"data":"hexamod:Float","floor":9,"key":"SMITH"},{"data":"Apotheosis","floor":18,"key":"SMITH"},{"data":"hexamod:Incineration","floor":27,"key":"SMITH"}],"circlet_count":0,"master_deck":["hexamod:Strike+1","hexamod:Strike","hexamod:Strike","hexamod:Strike+1","hexamod:Defend+1","hexamod:Defend","hexamod:Defend","hexamod:Defend","hexamod:Sear+1","hexamod:Float+1","hexamod:TimeOfNeed+1","hexamod:Incineration+1","Regret","Doubt","hexamod:FirstSeal","Apotheosis+1","Regret","hexamod:CatchUp+1","hexamod:VolcanoVisage+1","hexamod:SwordOfDarkness","hexamod:BurningTouch","hexamod:PhantomCloak+1","hexamod:InspiringFlames","Shame","hexamod:AdvancingGuard+1"],"relics":["hexamod:SpiritBrand","Frozen Egg 2","downfall:HeartBlessingRed","StrikeDummy","Anchor","Tiny House","Oddly Smooth Stone","downfall:RedIOU","War Paint","Letter Opener"],"acts_visited":["Exordium","TheCity"],"potions_floor_usage":[15,16,19,20,22],"damage_taken":[{"damage":0,"enemies":"Small Slimes","floor":2,"turns":4},{"damage":9,"enemies":"2 Louse","floor":8,"turns":2},{"damage":4,"enemies":"downfall:FleeingMerchant","floor":11,"turns":4},{"damage":0,"enemies":"Cultist","floor":12,"turns":1},{"damage":2,"enemies":"Exordium Wildlife","floor":15,"turns":3},{"damage":16,"enemies":"downfall:Silent","floor":16,"turns":7},{"damage":37,"enemies":"3 Byrds","floor":19,"turns":4},{"damage":4,"enemies":"downfall:FleeingMerchant","floor":20,"turns":4},{"damage":11,"enemies":"downfall:FleeingMerchant","floor":22,"turns":4},{"damage":6,"enemies":"Chosen","floor":26,"turns":5},{"damage":76,"enemies":"Book of Stabbing","floor":30,"turns":7}],"seed_played":"5649597525105044775","potions_obtained":[{"floor":2,"key":"SpeedPotion"},{"floor":15,"key":"Strength Potion"},{"floor":17,"key":"PowerPotion"},{"floor":19,"key":"BlessingOfTheForge"}],"is_trial":false,"path_per_floor":["R","M","?","?","?","R","T","M","R","T","$","M","T","?","M","B",null,"R","M","$","?","$","?","T","T","M","R","?","?","E"],"character_chosen":"THE_SPIRIT","items_purchased":["Apotheosis","Block Potion","Oddly Smooth Stone"],"campfire_rested":0,"item_purchase_floors":[11,11,20],"current_hp_per_floor":[70,70,70,70,70,70,70,61,61,61,57,57,57,57,55,46,75,75,45,48,48,44,44,44,44,45,45,70,75,0,0,0],"gold":33,"neow_bonus":"ONE_RANDOM_RARE_CARD","is_daily":false,"chose_seed":false,"campfire_upgraded":4,"win_rate":0.0,"timestamp":1608729282,"path_taken":["R","M","?","?","?","R","T","M","R","?","$","?","?","?","M","BOSS","R","M","$","?","$","?","T","?","?","R","?","?","E"],"items_purchased_type":["Card","Potion","Relic"],"build_version":"2020-12-22","purchased_purges":0,"victory":false,"max_hp_per_floor":[70,70,70,70,70,70,70,70,70,70,70,70,70,70,70,70,75,75,75,75,75,75,75,75,75,75,75,75,75,75,75,75],"card_choices":[{"not_picked":["hexamod:Hexaguard","hexamod:SwordOfDarkness"],"picked":"hexamod:Incineration","floor":2},{"not_picked":["hexamod:ShieldOfDarkness","hexamod:GhostLash","hexamod:AdvancingGuard"],"picked":"SKIP","floor":8},{"not_picked":["hexamod:RadiantFlame+1","hexamod:FourthSeal"],"picked":"hexamod:FirstSeal","floor":11},{"not_picked":["hexamod:EmpoweredFlame+1","hexamod:GhostflameBarrier"],"picked":"hexamod:SoulSteal","floor":12},{"not_picked":["hexamod:Again","hexamod:Firestarter"],"picked":"hexamod:CatchUp","floor":15},{"not_picked":["hexamod:WildfireWeapon+1","hexamod:TimeWarp"],"picked":"hexamod:VolcanoVisage+1","floor":16},{"not_picked":["hexamod:AdvancingGuard","hexamod:Hexaguard"],"picked":"hexamod:SwordOfDarkness","floor":17},{"not_picked":["hexamod:BacktrackSmack","hexamod:GhostLash"],"picked":"hexamod:BurningTouch","floor":19},{"not_picked":["hexamod:GhostflameInferno","hexamod:FastForward"],"picked":"hexamod:PhantomCloak+1","floor":20},{"not_picked":["hexamod:SoulSteal","hexamod:GhostShield+1"],"picked":"hexamod:InspiringFlames","floor":22},{"not_picked":["hexamod:HauntingEcho","hexamod:SwordOfDarkness"],"picked":"hexamod:AdvancingGuard+1","floor":26}],"player_experience":277533,"relics_obtained":[{"floor":7,"key":"Frozen Egg 2"},{"floor":10,"key":"StrikeDummy"},{"floor":13,"key":"Anchor"},{"floor":25,"key":"Letter Opener"}],"event_choices":[{"damage_healed":0,"gold_gain":0,"player_choice":"Box","damage_taken":0,"relics_obtained":["Art of War"],"max_hp_gain":0,"max_hp_loss":0,"event_name":"Big Fish","floor":3,"gold_loss":0,"cards_obtained":["Regret"]},{"damage_healed":0,"gold_gain":0,"player_choice":"Stole Relic","damage_taken":0,"relics_obtained":["War Paint"],"max_hp_gain":0,"max_hp_loss":0,"event_name":"Addict","floor":23,"gold_loss":0,"cards_obtained":["Shame"]},{"damage_healed":25,"gold_gain":0,"player_choice":"Heal","damage_taken":0,"max_hp_gain":0,"max_hp_loss":0,"event_name":"The Library","floor":28,"gold_loss":0},{"cards_removed":["hexamod:SoulSteal"],"damage_healed":5,"gold_gain":0,"player_choice":"Offered Uncommon","damage_taken":0,"max_hp_gain":0,"max_hp_loss":0,"event_name":"Bonfire Elementals","floor":29,"gold_loss":0}],"is_beta":false,"boss_relics":[{"not_picked":["Philosopher\u0027s Stone","Snecko Eye"],"picked":"Tiny House"}],"items_purged_floors":[],"is_endless":false,"potions_floor_spawned":[2,15,19],"killed_by":"Book of Stabbing","ascension_level":0}}