{"host":"njruw0b0uprlitpx","time":1608712652,"event":{"mods":["2.2 Compatiblity","Astrologer","BaseMod","Better Altar","Better Match","Better Note","Better Sensory Stone","Better Skull","Better Third Choice","BetterRewards","Block Reminder","Colored Map","Colored Powertips","Hermit","Jedi Mod","Keyboard Shortcuts","Minty Spire (QoL Compilation)","Quick Restart","Relic Stats","Replay The Spire","SacredBarkPlus","Spicy Shops","StSLib","SuperFastMode","The Construct","The Cursed","The Marked","The Mystic","The Necromancer","The Spell Scribe"],"gold_per_floor":[113,113,113,126,126,151,151,178,178,212,227,17,17,42,42,113,113,124,144,8,8,8,8,38,58,82,42,52,78,78,104,104,182,182,201,201,2,12,23,23,23,23,23,23,23,23,23,23,23,23],"floor_reached":51,"playtime":1697,"items_purged":["Strike_W","Languid","Delirium"],"score":2026,"play_id":"946aaf3f-d5e7-4ec7-b2c3-bff34a90ae0a","local_time":"20201223023732","is_ascension_mode":true,"campfire_choices":[{"data":"Sadistic Nature","floor":7,"key":"SMITH"},{"data":"Cloudkill","floor":13,"key":"SMITH"},{"floor":15,"key":"REST"},{"data":"Slay_Living","floor":23,"key":"SMITH"},{"data":"Strike_from_Beyond","floor":30,"key":"SMITH"},{"floor":32,"key":"REST"},{"data":"Thousand_Bone_Knives","floor":41,"key":"SMITH"},{"data":"Summon_Lich","floor":42,"key":"SMITH"},{"data":"jedi:LeechingStrike","floor":44,"key":"SMITH"},{"data":"jedi:LeechingStrike","floor":49,"key":"SMITH"}],"circlet_count":0,"master_deck":["AscendersBane","Strike_W","Negative_Energy_Arrows","Bone_Wall+1","Summon_Undead_Army+1","Sadistic Nature+1","Stop_Heart+1","Shackles_Of_Pain+1","Death_March_Dance+1","Negative_Energy_Burst","Consume_Illness","Flesh_Made_Foul+1","Strike_from_Beyond+1","Acid_Javelin","Summon_Lich+1","Cloudkill+1","Plague_Bolt","Clumsy","jedi:LeechingStrike","Plague_Bolt","Requiem+1","Violent_Necrosis","Toxic_Smoke_Screen","Slay_Living+1","Necrotic_Claws","Necromantic_Selection","Life_Drain","Thousand_Bone_Knives+1","Siphon_Strength","Corrupt","Hellfire","Thousand_Bone_Knives+1","Scare","Requiem","Negative_Energy_Shield","Vampiric_Strike"],"relics":["Vampire_Amulet","Replay:Towering Pillar of Hats","Matryoshka","ReplayTheSpireMod:Ninjato","ReplayTheSpireMod:Ring of Challenge","Ring of Fangs","Du-Vu Doll","Odd Mushroom","War Paint","Bottled Tornado","WingedGreaves","BargainBundle","Vajra","Bottled Lightning","Potion Belt","Replay:Grab Bag","Philosopher\u0027s Stone","ReplayTheSpireMod:Onyx Gauntlets","Kintsugi","Snecko Eye","Boot","Bronze Scales","Replay:Wax Seal","Pet Ghost","jedi:kaleidoscope","Runic Dome","Spirit Poop","Guide Book","jedi:ominousloannote","Unceasing Top","White Beast Statue","Replay:Bottled Eggs","jedi:crownofsimplicity"],"acts_visited":["Exordium","TheCity","TheBeyond"],"potions_floor_usage":[6,16,24,29,31,33,33,33,40,46,48,50,50,50],"damage_taken":[{"damage":1,"enemies":"2 Louse","floor":1,"turns":3},{"damage":2,"enemies":"Small Slimes","floor":4,"turns":2},{"damage":15,"enemies":"3 Sentries","floor":6,"turns":4},{"damage":17,"enemies":"The Mushroom Lair","floor":8,"turns":3},{"damage":0,"enemies":"Gremlin Nob","floor":10,"turns":3},{"damage":0,"enemies":"Cultist","floor":11,"turns":1},{"damage":20,"enemies":"3 Sentries","floor":14,"turns":4},{"damage":23,"enemies":"The Guardian","floor":16,"turns":4},{"damage":0,"enemies":"Chosen","floor":18,"turns":1},{"damage":2,"enemies":"Spheric Guardian","floor":19,"turns":2},{"damage":6,"enemies":"Gremlin Leader","floor":24,"turns":2},{"damage":0,"enemies":"3 Cultists","floor":25,"turns":2},{"damage":2,"enemies":"Snake Plant","floor":28,"turns":1},{"damage":0,"enemies":"Slavers","floor":29,"turns":1},{"damage":25,"enemies":"Book of Stabbing","floor":31,"turns":2},{"damage":0,"enemies":"Champ","floor":33,"turns":3},{"damage":7,"enemies":"3 Shapes","floor":35,"turns":1},{"damage":0,"enemies":"Orb Walker","floor":38,"turns":1},{"damage":0,"enemies":"R_Hoarder","floor":40,"turns":2},{"damage":2,"enemies":"Transient","floor":45,"turns":3},{"damage":0,"enemies":"4 Shapes","floor":46,"turns":1},{"damage":0,"enemies":"Reptomancer","floor":47,"turns":2},{"damage":0,"enemies":"Writhing Mass","floor":48,"turns":1},{"damage":37,"enemies":"Awakened One","floor":50,"turns":4}],"seed_played":"-1454024780802297229","potions_obtained":[{"floor":6,"key":"Energy Potion"},{"floor":10,"key":"Dexterity Potion"},{"floor":19,"key":"Strength Potion"},{"floor":24,"key":"Adrenaline Potion"},{"floor":27,"key":"SkillPotion"},{"floor":27,"key":"LiquidBronze"},{"floor":29,"key":"ColorlessPotion"},{"floor":40,"key":"Block Potion"},{"floor":45,"key":"EssenceOfSteel"},{"floor":47,"key":"ColorlessPotion"}],"is_trial":false,"path_per_floor":["M","?","?","M","?","E","R","?","T","E","M","$","R","E","R","B",null,"M","M","$","?","$","R","E","M","T","?","M","E","R","E","R","B",null,"M","?","$","M","$","E","R","R","T","R","M","M","E","M","R","B",null],"character_chosen":"NECROMANCER","items_purchased":["Summon_Undead_Army","Sadistic Nature","Matryoshka","Stop_Heart","Shackles_Of_Pain+1","ReplayTheSpireMod:Ninjato","Death_March_Dance","jedi:StrikingPotion","BargainBundle","Summon_Lich","Vajra","Cloudkill","Plague_Bolt","Bottled Lightning","PowerPotion","jedi:LeechingStrike","Slay_Living","Necrotic_Claws","Guide Book","Adrenaline Potion","jedi:ominousloannote","PowerPotion","Unceasing Top","Scare"],"campfire_rested":2,"item_purchase_floors":[0,0,0,0,0,0,0,0,12,12,12,12,12,12,12,12,20,20,37,37,39,39,39,39],"current_hp_per_floor":[67,67,67,69,69,63,63,52,52,54,56,56,56,42,63,64,69,71,71,71,71,71,71,67,71,71,71,71,71,71,48,69,71,71,66,66,66,68,68,70,70,70,70,70,71,71,71,71,71,44],"gold":23,"neow_bonus":"","is_daily":false,"chose_seed":false,"campfire_upgraded":8,"win_rate":0.0,"timestamp":1608712652,"path_taken":["M","?","?","?","?","E","R","?","T","E","M","$","R","E","R","BOSS","M","M","$","?","$","R","E","?","T","?","M","E","R","E","R","BOSS","M","?","$","?","$","E","R","R","T","R","M","M","E","?","R","BOSS"],"items_purchased_type":["Card","Card","Relic","Card","Card","Relic","Card","Potion","Relic","Card","Relic","Card","Card","Relic","Potion","Card","Card","Card","Relic","Potion","Relic","Potion","Relic","Card"],"build_version":"2020-12-22","purchased_purges":3,"victory":true,"max_hp_per_floor":[71,71,71,71,71,71,71,71,71,71,71,71,71,71,71,71,71,71,71,71,71,71,71,71,71,71,71,71,71,71,71,71,71,71,71,71,71,71,71,71,71,71,71,71,71,71,71,71,71,71],"relic_stats":{"counters":[67,246],"Bronze Scales":[18],"Snecko Eye":[67,51,53,69],"War Paint":["Negative_Energy_Shield","Uncharnel","Bone_Wall","Stop_Heart"],"Boot":[6],"obtain_stats":[{"Ice Cream":38,"Divine Protection":45,"jedi:zontanonomicon":29,"Vajra":12,"Spirit Poop":36,"Bottled Tornado":9,"Sling":0,"Boot":26,"Replay:Ringing Soul":16,"DollysMirror":23,"jedi:firstaidkit":27,"Sundial":14,"Philosopher\u0027s Stone":19,"Vampire_Amulet":0,"Fusion Hammer":36,"Toxic Egg 2":10,"Replay:Wax Seal":26,"Replay:Bottled Steam":19,"Happy Flower":39,"ReplayTheSpireMod:CursedCoin":19,"Counterbalance":2,"Replay:Grab Bag":19,"Velvet Choker":17,"Eternal Feather":26,"War Paint":33,"Akabeko":28,"Du-Vu Doll":6,"jedi:heavyjacket":45,"Runic Dome":34,"Bronze Scales":26,"Snecko Eye":17,"ReplayTheSpireMod:TigerMarble":9,"Kintsugi":17,"StrikeDummy":50,"Unceasing Top":39,"Meat on the Bone":12,"Bag of Preparation":39,"Cursed Key":36,"Pet Ghost":29,"Replay:Bandana":24,"Matryoshka":0,"Ring of Fangs":2,"Pantograph":12,"Gambling Chip":41,"jedi:matchstick":42,"WingedGreaves":10,"Red Mask":33,"Replay:Bottled Eggs":8,"InkBottle":47,"Runic Pyramid":19,"Gremlin Food":0,"Potion Belt":14,"BargainBundle":39,"ReplayTheSpireMod:Ninjato":0,"Replay:Towering Pillar of Hats":0,"Guide Book":37,"PreservedInsect":19,"jedi:crownofsimplicity":50,"Odd Mushroom":8,"Replay:Arrowhead":39,"White Beast Statue":40,"Calling Bell":19,"jedi:kaleidoscope":31,"jedi:ominousloannote":39,"ChewingGum":19,"Bottled Lightning":12,"ReplayTheSpireMod:Ring of Challenge":2,"ReplayTheSpireMod:Onyx Gauntlets":17,"FossilizedHelix":19,"wanderingMiniBosses:Inkheart":30},{"Ice Cream":15,"Divine Protection":16,"jedi:zontanonomicon":11,"Vajra":49,"Spirit Poop":60,"Bottled Tornado":47,"Sling":20,"Boot":32,"Replay:Ringing Soul":4,"DollysMirror":8,"jedi:firstaidkit":11,"Sundial":27,"Philosopher\u0027s Stone":5,"Vampire_Amulet":0,"Fusion Hammer":13,"Toxic Egg 2":25,"Replay:Wax Seal":55,"Replay:Bottled Steam":5,"Happy Flower":15,"ReplayTheSpireMod:CursedCoin":29,"Counterbalance":1,"Replay:Grab Bag":5,"Velvet Choker":28,"Eternal Feather":10,"War Paint":34,"Akabeko":11,"Du-Vu Doll":46,"jedi:heavyjacket":40,"Runic Dome":59,"Bronze Scales":55,"Snecko Eye":51,"ReplayTheSpireMod:TigerMarble":3,"Kintsugi":51,"StrikeDummy":19,"Unceasing Top":61,"Meat on the Bone":26,"Bag of Preparation":15,"Cursed Key":35,"Pet Ghost":57,"Replay:Bandana":32,"Matryoshka":43,"Ring of Fangs":44,"Pantograph":4,"Gambling Chip":38,"jedi:matchstick":39,"WingedGreaves":48,"Red Mask":12,"Replay:Bottled Eggs":3,"InkBottle":18,"Runic Pyramid":5,"Gremlin Food":20,"Potion Belt":50,"BargainBundle":15,"ReplayTheSpireMod:Ninjato":43,"Replay:Towering Pillar of Hats":43,"Guide Book":60,"PreservedInsect":5,"jedi:crownofsimplicity":42,"Odd Mushroom":47,"Replay:Arrowhead":37,"White Beast Statue":62,"Calling Bell":5,"jedi:kaleidoscope":58,"jedi:ominousloannote":61,"ChewingGum":5,"Bottled Lightning":49,"ReplayTheSpireMod:Ring of Challenge":44,"ReplayTheSpireMod:Onyx Gauntlets":51,"FossilizedHelix":5,"wanderingMiniBosses:Inkheart":34},{"Ice Cream":61,"Divine Protection":65,"jedi:zontanonomicon":45,"Vajra":209,"Spirit Poop":232,"Bottled Tornado":205,"Sling":82,"Boot":140,"Replay:Ringing Soul":13,"DollysMirror":32,"jedi:firstaidkit":45,"Sundial":110,"Philosopher\u0027s Stone":19,"Vampire_Amulet":0,"Fusion Hammer":54,"Toxic Egg 2":101,"Replay:Wax Seal":224,"Replay:Bottled Steam":19,"Happy Flower":61,"ReplayTheSpireMod:CursedCoin":124,"Counterbalance":3,"Replay:Grab Bag":19,"Velvet Choker":118,"Eternal Feather":41,"War Paint":153,"Akabeko":45,"Du-Vu Doll":202,"jedi:heavyjacket":180,"Runic Dome":231,"Bronze Scales":224,"Snecko Eye":217,"ReplayTheSpireMod:TigerMarble":11,"Kintsugi":217,"StrikeDummy":76,"Unceasing Top":233,"Meat on the Bone":107,"Bag of Preparation":61,"Cursed Key":160,"Pet Ghost":226,"Replay:Bandana":140,"Matryoshka":193,"Ring of Fangs":196,"Pantograph":13,"Gambling Chip":171,"jedi:matchstick":176,"WingedGreaves":208,"Red Mask":48,"Replay:Bottled Eggs":11,"InkBottle":72,"Runic Pyramid":19,"Gremlin Food":82,"Potion Belt":213,"BargainBundle":61,"ReplayTheSpireMod:Ninjato":193,"Replay:Towering Pillar of Hats":193,"Guide Book":232,"PreservedInsect":19,"jedi:crownofsimplicity":186,"Odd Mushroom":205,"Replay:Arrowhead":168,"White Beast Statue":235,"Calling Bell":19,"jedi:kaleidoscope":228,"jedi:ominousloannote":233,"ChewingGum":19,"Bottled Lightning":209,"ReplayTheSpireMod:Ring of Challenge":196,"ReplayTheSpireMod:Onyx Gauntlets":217,"FossilizedHelix":19,"wanderingMiniBosses:Inkheart":153}],"Unceasing Top":[0]},"card_choices":[{"not_picked":["Finger_Of_Death","Shackles_Of_Pain"],"picked":"Negative_Energy_Burst","floor":1},{"not_picked":["Scare","Bone_Shift"],"picked":"Consume_Illness","floor":4},{"not_picked":["Negative_Energy_Javelin","Bone_Armor","Chill_Blood"],"picked":"SKIP","floor":6},{"not_picked":["Finger_Of_Death","Summon_Undead_Army"],"picked":"Flesh_Made_Foul","floor":8},{"not_picked":["Deaths_Shadow","Negative_Energy_Sphere"],"picked":"Strike_from_Beyond","floor":10},{"not_picked":["Negative_Energy_Mist","Bone_Shift"],"picked":"Acid_Javelin","floor":11},{"not_picked":["Cloudkill","Blood_Shield"],"picked":"Plague_Bolt","floor":14},{"not_picked":["Blood_Magic","Negative_Energy_Bomb"],"picked":"Requiem","floor":16},{"not_picked":["Shackles_Of_Pain","Toxic_Smoke_Screen"],"picked":"Violent_Necrosis","floor":18},{"not_picked":["Death_March_Dance","Blood_Whip"],"picked":"Toxic_Smoke_Screen","floor":19},{"not_picked":["Vampiric_Strike","Negative_Energy_Javelin"],"picked":"Life_Drain","floor":24},{"not_picked":["Death_Coil+1","Death_Knell"],"picked":"Thousand_Bone_Knives+1","floor":25},{"not_picked":["Consume_Illness","Negative_Energy_Bomb"],"picked":"Siphon_Strength","floor":28},{"not_picked":["Chill_Blood","Exploit"],"picked":"Corrupt","floor":29},{"not_picked":["Blood_Magic","Bones_to_Steel","Bone_Spikes"],"picked":"SKIP","floor":31},{"not_picked":["Detonate_Bones","Summon_Vampire_Lady"],"picked":"Hellfire","floor":33},{"not_picked":["Bones_to_Steel","Negative_Energy_Sphere","Finger_Of_Death"],"picked":"SKIP","floor":35},{"not_picked":["Bone_Bullets","Negative_Energy_Sphere"],"picked":"Thousand_Bone_Knives","floor":38},{"not_picked":["Negative_Energy_Sphere","Thousand_Bone_Knives"],"picked":"Requiem","floor":40},{"not_picked":["Bone_Armor+1","Spectral_Armor"],"picked":"Negative_Energy_Shield","floor":45},{"not_picked":["Epidemic","Negative_Energy_Mist"],"picked":"Vampiric_Strike","floor":47}],"player_experience":1612446,"relics_obtained":[{"floor":2,"key":"ReplayTheSpireMod:Ring of Challenge"},{"floor":2,"key":"Ring of Fangs"},{"floor":6,"key":"Du-Vu Doll"},{"floor":8,"key":"Odd Mushroom"},{"floor":9,"key":"War Paint"},{"floor":9,"key":"Bottled Tornado"},{"floor":10,"key":"WingedGreaves"},{"floor":14,"key":"Potion Belt"},{"floor":24,"key":"Boot"},{"floor":26,"key":"Bronze Scales"},{"floor":26,"key":"Replay:Wax Seal"},{"floor":29,"key":"Pet Ghost"},{"floor":31,"key":"jedi:kaleidoscope"},{"floor":40,"key":"White Beast Statue"},{"floor":43,"key":"Replay:Bottled Eggs"},{"floor":47,"key":"jedi:crownofsimplicity"}],"event_choices":[{"damage_healed":0,"gold_gain":0,"player_choice":"Forge","damage_taken":0,"max_hp_gain":0,"max_hp_loss":0,"event_name":"Accursed Blacksmith","floor":3,"gold_loss":0,"cards_upgraded":["Summon_Undead_Army"]},{"damage_healed":0,"gold_gain":0,"player_choice":"Fought Mushrooms","damage_taken":0,"max_hp_gain":0,"max_hp_loss":0,"event_name":"Mushrooms","floor":8,"gold_loss":0},{"damage_healed":0,"gold_gain":0,"cards_transformed":["Defend_W"],"player_choice":"Transformed","damage_taken":0,"max_hp_gain":0,"max_hp_loss":0,"event_name":"Transmorgrifier","floor":21,"gold_loss":0,"cards_obtained":["Necromantic_Selection"]},{"damage_healed":0,"gold_gain":0,"player_choice":"Bought 3 Potions","damage_taken":0,"max_hp_gain":0,"max_hp_loss":0,"event_name":"The Woman in Blue","floor":27,"gold_loss":0},{"cards_removed":["Looming Evil"],"damage_healed":0,"gold_gain":0,"player_choice":"Offered Curse","damage_taken":0,"relics_obtained":["Spirit Poop"],"max_hp_gain":0,"max_hp_loss":0,"event_name":"Bonfire Elementals","floor":36,"gold_loss":0}],"is_beta":false,"boss_relics":[{"not_picked":["Velvet Choker","Snecko Heart"],"picked":"Replay:Grab Bag"},{"not_picked":["ReplayTheSpireMod:DimensionalGlitch","Sozu"],"picked":"Philosopher\u0027s Stone"},{"not_picked":["Busted Crown","Coffee Dripper"],"picked":"ReplayTheSpireMod:Onyx Gauntlets"},{"not_picked":["SacredBark","Runic Pyramid"],"picked":"Kintsugi"},{"not_picked":["Replay:Drink Me","Astrolabe"],"picked":"Snecko Eye"},{"not_picked":["Tiny House","Cursed Key"],"picked":"Runic Dome"}],"items_purged_floors":[12,22,39],"is_endless":false,"potions_floor_spawned":[6,10,19,24,28,29,40,45,46,47,48],"ascension_level":14}}