{"host":"mxyu30643x34zc6i","time":1608704469,"event":{"mods":["AchievementEnabler","Astrologer","BaseMod","Better Match","Better Note","Better Third Choice","Block Reminder","Colored Map","Colored Powertips","Hermit","Minty Spire (QoL Compilation)","Rare Cards Sparkle","Relic Stats","Replay The Spire","Shade Mod","Spicy Shops","StSLib","The Blackbeard","The Blue Laboratory","The Cursed","The Hierophant","The Mystic","The Runesmith","The Servant 0.9.4","The Spell Scribe"],"gold_per_floor":[118,118,138,151,165,165,176,176,201,230,230,246,19,35,35,138,138,148,163,163,175,185,185,201,201,201,56,71,71,102,119,119,220,220,236,246,246,101,121,121,149,149,149,164,190,207,207,241,241,241],"floor_reached":51,"playtime":3877,"items_purged":[],"score":610,"play_id":"e13ad82d-33e5-4427-8098-1b2898e358d7","local_time":"20201222222109","daily_mods":["Specialized","Vintage","DeadlyEvents"],"is_ascension_mode":false,"campfire_choices":[{"data":"Bash","floor":6,"key":"SMITH"},{"data":"Strike_R","floor":8,"key":"SMITH"},{"data":"Life Link","floor":15,"key":"SMITH"},{"floor":23,"key":"REST"},{"floor":25,"key":"REST"},{"data":"Limit Break","floor":40,"key":"SMITH"}],"circlet_count":0,"master_deck":["Strike_R+2","Strike_R+1","Strike_R","Strike_R","Strike_R","Defend_R","Defend_R","Defend_R","Bash+1","Ghostly Armor","Ghostly Armor","Ghostly Armor","Cleave","Life Link+1","Battle Trance","Limit Break+1","Power Through+1","Heavy Blade+1","Evolve+1","Clothesline+1","Cleave","Demon Form+1","Metallicize","Thunderclap","Parasite","Spot Weakness+1","Mind Blast","Dramatic Entrance","HandOfGreed","Metallicize"],"relics":["Black Blood","Red Skull","Regal Pillow","Nunchaku","Pantograph","Self Forming Clay","Replay:Rubber Ducky","Art of War","Mirror","Orichalcum","Simple Rune","Astrolabe","ReplayTheSpireMod:Lightbulb","The Courier","Enchiridion","Ancient Tea Set","Singing Bowl","Replay:Wax Seal","ReplayTheSpireMod:Shallot","Cauldron","PreservedInsect","Bronze Scales","Bottled Tornado","Garlic","Boot","ReplayTheSpireMod:Ring of Addiction","Toy Ornithopter","SacredBark","Ring of Panic","Oddly Smooth Stone","MealTicket","Runesmith:Nanobots","InkBottle","Replay:Bottled Snecko","Bottled Lightning","Dream Catcher","Lantern"],"acts_visited":["Exordium","TheCity","TheBeyond"],"potions_floor_usage":[10,18,19,22,30,39,41,46,48,50,50],"damage_taken":[{"damage":3,"enemies":"2 Louse","floor":1,"turns":2},{"damage":0,"enemies":"Cultist","floor":3,"turns":4},{"damage":8,"enemies":"Jaw Worm","floor":4,"turns":8},{"damage":5,"enemies":"2 Fungi Beasts","floor":5,"turns":5},{"damage":12,"enemies":"Looter","floor":7,"turns":4},{"damage":23,"enemies":"Lagavulin","floor":10,"turns":12},{"damage":6,"enemies":"Large Slime","floor":12,"turns":3},{"damage":0,"enemies":"3 Louse","floor":14,"turns":3},{"damage":60,"enemies":"The Guardian","floor":16,"turns":11},{"damage":44,"enemies":"3 Byrds","floor":18,"turns":8},{"damage":14,"enemies":"Spheric Guardian","floor":19,"turns":4},{"damage":4,"enemies":"Cultist and Chosen","floor":21,"turns":4},{"damage":14,"enemies":"Snecko","floor":22,"turns":6},{"damage":9,"enemies":"Snake Plant","floor":24,"turns":5},{"damage":7,"enemies":"3 Cultists","floor":28,"turns":5},{"damage":10,"enemies":"Gremlin Leader","floor":30,"turns":6},{"damage":15,"enemies":"Snecko","floor":31,"turns":6},{"damage":14,"enemies":"Collector","floor":33,"turns":7},{"damage":24,"enemies":"3 Shapes","floor":35,"turns":5},{"damage":5,"enemies":"Orb Walker","floor":36,"turns":4},{"damage":0,"enemies":"Jaw Worm Horde","floor":39,"turns":5},{"damage":22,"enemies":"R_Hoarder","floor":41,"turns":7},{"damage":0,"enemies":"Writhing Mass","floor":44,"turns":8},{"damage":35,"enemies":"Reptomancer","floor":45,"turns":6},{"damage":28,"enemies":"Sphere and 2 Shapes","floor":46,"turns":5},{"damage":0,"enemies":"3 Darklings","floor":48,"turns":4},{"damage":6,"enemies":"Replay:Hell Engine","floor":50,"turns":7}],"seed_played":"5146219777306610666","potions_obtained":[{"floor":5,"key":"AttackPotion"},{"floor":12,"key":"blueLaboratory:PolymorphPotion"},{"floor":16,"key":"Adrenaline Potion"},{"floor":18,"key":"blueLaboratory:TrueEctoplasm"},{"floor":27,"key":"blueLaboratory:FrostheartPotion"},{"floor":27,"key":"blueLaboratory:PyrophylliteBrew"},{"floor":30,"key":"BloodPotion"},{"floor":37,"key":"ElixirPotion"},{"floor":37,"key":"BloodPotion"},{"floor":39,"key":"blueLaboratory:SmithPotion"},{"floor":44,"key":"blueLaboratory:LimitlessPotion"},{"floor":46,"key":"Fire Potion"},{"floor":48,"key":"blueLaboratory:TrueEctoplasm"}],"is_trial":true,"path_per_floor":["M","?","M","M","M","R","M","R","T","E","?","M","$","M","R","B",null,"M","M","?","M","M","R","M","R","T","$","M","?","E","M","R_BF","B",null,"M","M","?","$","M","R","E","?","T","M","E","M","?","M","R_BF","B",null],"character_chosen":"IRONCLAD","items_purchased":["Life Link","Orichalcum","Battle Trance","FairyPotion","Cauldron","Metallicize","Oddly Smooth Stone"],"campfire_rested":2,"item_purchase_floors":[13,13,13,27,27,38,38],"current_hp_per_floor":[80,80,80,78,79,79,73,73,73,56,61,61,61,67,67,31,85,47,39,23,25,17,57,54,85,85,85,84,84,80,71,71,77,85,73,80,80,80,85,85,75,75,75,85,60,82,72,83,83,83],"gold":241,"neow_bonus":"","is_daily":false,"chose_seed":false,"campfire_upgraded":4,"win_rate":0.0,"timestamp":1608704469,"path_taken":["M","?","M","?","M","R","M","R","T","?","?","M","$","M","R","BOSS","M","M","?","?","M","R","M","R","T","$","M","?","?","M","R_BF","BOSS","M","M","?","$","M","R","E","?","T","M","?","M","?","M","R_BF","BOSS"],"items_purchased_type":["Card","Relic","Card","Potion","Relic","Card","Relic"],"build_version":"2020-12-13","purchased_purges":0,"victory":true,"max_hp_per_floor":[80,80,80,80,80,80,80,80,80,80,85,85,85,85,85,85,85,85,85,85,85,85,85,85,85,85,85,85,85,85,85,85,85,85,85,85,85,85,85,85,85,85,85,85,83,83,83,83,83,83],"relic_stats":{"Regal Pillow":21,"Singing Bowl":0,"counters":[27,154],"Self Forming Clay":[162],"Astrolabe":["Power Through","Heavy Blade","Evolve"],"Black Blood":186,"PreservedInsect":184,"Orichalcum":[156],"Boot":[8],"Nunchaku":[21],"Dream Catcher":1,"Pantograph":32,"Bronze Scales":[154],"MealTicket":0,"Art of War":[8],"obtain_stats":[{"Regal Pillow":3,"Lantern":48,"Singing Bowl":22,"SacredBark":37,"Enchiridion":20,"Black Blood":34,"Bottled Tornado":31,"Ancient Tea Set":21,"Boot":36,"Burning Blood":0,"Replay:Rubber Ducky":9,"Nunchaku":4,"Dream Catcher":46,"Pantograph":5,"MealTicket":39,"Replay:Bottled Snecko":44,"Replay:Wax Seal":24,"Ring of Panic":37,"Red Skull":1,"InkBottle":43,"Runesmith:Nanobots":41,"Self Forming Clay":7,"Astrolabe":17,"ReplayTheSpireMod:Ring of Addiction":37,"Oddly Smooth Stone":38,"The Courier":19,"PreservedInsect":28,"Orichalcum":13,"Cauldron":27,"ReplayTheSpireMod:Shallot":26,"Bronze Scales":30,"Simple Rune":14,"Art of War":10,"Garlic":35,"Bottled Lightning":45,"Mirror":12,"ReplayTheSpireMod:Lightbulb":18,"Toy Ornithopter":37},{"Regal Pillow":2,"Lantern":26,"Singing Bowl":13,"SacredBark":20,"Enchiridion":11,"Black Blood":18,"Bottled Tornado":17,"Ancient Tea Set":12,"Boot":20,"Burning Blood":0,"Replay:Rubber Ducky":5,"Nunchaku":3,"Dream Catcher":25,"Pantograph":4,"MealTicket":21,"Replay:Bottled Snecko":23,"Replay:Wax Seal":14,"Ring of Panic":20,"Red Skull":1,"InkBottle":22,"Runesmith:Nanobots":22,"Self Forming Clay":5,"Astrolabe":9,"ReplayTheSpireMod:Ring of Addiction":20,"Oddly Smooth Stone":20,"The Courier":11,"PreservedInsect":15,"Orichalcum":7,"Cauldron":14,"ReplayTheSpireMod:Shallot":14,"Bronze Scales":16,"Simple Rune":8,"Art of War":6,"Garlic":19,"Bottled Lightning":24,"Mirror":7,"ReplayTheSpireMod:Lightbulb":10,"Toy Ornithopter":20},{"Regal Pillow":6,"Lantern":147,"Singing Bowl":74,"SacredBark":112,"Enchiridion":64,"Black Blood":103,"Bottled Tornado":96,"Ancient Tea Set":68,"Boot":112,"Burning Blood":0,"Replay:Rubber Ducky":23,"Nunchaku":14,"Dream Catcher":143,"Pantograph":19,"MealTicket":117,"Replay:Bottled Snecko":132,"Replay:Wax Seal":79,"Ring of Panic":112,"Red Skull":2,"InkBottle":124,"Runesmith:Nanobots":124,"Self Forming Clay":23,"Astrolabe":52,"ReplayTheSpireMod:Ring of Addiction":112,"Oddly Smooth Stone":112,"The Courier":64,"PreservedInsect":84,"Orichalcum":38,"Cauldron":79,"ReplayTheSpireMod:Shallot":79,"Bronze Scales":90,"Simple Rune":41,"Art of War":35,"Garlic":108,"Bottled Lightning":138,"Mirror":38,"ReplayTheSpireMod:Lightbulb":60,"Toy Ornithopter":112}],"Toy Ornithopter":10,"InkBottle":[8]},"card_choices":[{"not_picked":["Iron Wave","Intimidate"],"picked":"Cleave","floor":10},{"not_picked":["Offering","Impervious"],"picked":"Limit Break","floor":16},{"not_picked":["Anger+1","Pommel Strike"],"picked":"Clothesline+1","floor":30},{"not_picked":["Double Tap","Juggernaut"],"picked":"Demon Form","floor":33},{"not_picked":["Sever Soul+1","Defy Death+1"],"picked":"Thunderclap","floor":41},{"not_picked":["Cleave+1","Twin Strike+1"],"picked":"Spot Weakness+1","floor":45},{"not_picked":["ReplayTheSpireMod:Private Reserves","Secret Weapon"],"picked":"Mind Blast","floor":47},{"not_picked":["Swift Strike","Madness"],"picked":"Dramatic Entrance","floor":47},{"not_picked":["ReplayTheSpireMod:Uncanny Aura","Poisoned Strike"],"picked":"HandOfGreed","floor":47},{"not_picked":["Cleave+1","Rage"],"picked":"Metallicize","floor":49}],"player_experience":361351,"relics_obtained":[{"floor":1,"key":"Red Skull"},{"floor":3,"key":"Regal Pillow"},{"floor":4,"key":"Nunchaku"},{"floor":5,"key":"Pantograph"},{"floor":7,"key":"Self Forming Clay"},{"floor":9,"key":"Replay:Rubber Ducky"},{"floor":10,"key":"Art of War"},{"floor":12,"key":"Mirror"},{"floor":14,"key":"Simple Rune"},{"floor":18,"key":"ReplayTheSpireMod:Lightbulb"},{"floor":19,"key":"The Courier"},{"floor":20,"key":"Enchiridion"},{"floor":21,"key":"Ancient Tea Set"},{"floor":22,"key":"Singing Bowl"},{"floor":24,"key":"Replay:Wax Seal"},{"floor":26,"key":"ReplayTheSpireMod:Shallot"},{"floor":28,"key":"PreservedInsect"},{"floor":30,"key":"Bronze Scales"},{"floor":31,"key":"Bottled Tornado"},{"floor":35,"key":"Garlic"},{"floor":36,"key":"Boot"},{"floor":37,"key":"ReplayTheSpireMod:Ring of Addiction"},{"floor":37,"key":"Toy Ornithopter"},{"floor":37,"key":"SacredBark"},{"floor":37,"key":"Ring of Panic"},{"floor":39,"key":"MealTicket"},{"floor":41,"key":"Runesmith:Nanobots"},{"floor":43,"key":"InkBottle"},{"floor":44,"key":"Replay:Bottled Snecko"},{"floor":45,"key":"Bottled Lightning"},{"floor":46,"key":"Dream Catcher"},{"floor":48,"key":"Lantern"}],"event_choices":[{"cards_removed":["Ghostly Armor"],"damage_healed":0,"gold_gain":0,"player_choice":"Take \u0026 Give","damage_taken":0,"max_hp_gain":0,"max_hp_loss":0,"event_name":"betterNote:BetterNote","floor":2,"gold_loss":0,"cards_obtained":["TheCursedMod:WearCloak"]},{"damage_healed":0,"gold_gain":0,"player_choice":"Donut","damage_taken":0,"max_hp_gain":5,"max_hp_loss":0,"event_name":"Big Fish","floor":11,"gold_loss":0},{"damage_healed":0,"gold_gain":0,"player_choice":"Obtained Book","damage_taken":16,"max_hp_gain":0,"max_hp_loss":0,"event_name":"Cursed Tome","floor":20,"gold_loss":0},{"damage_healed":0,"gold_gain":0,"player_choice":"Ignored","damage_taken":0,"max_hp_gain":0,"max_hp_loss":0,"event_name":"Purifier","floor":29,"gold_loss":0},{"damage_healed":0,"gold_gain":0,"cards_transformed":["Defend_R"],"player_choice":"Transformed","damage_taken":0,"max_hp_gain":0,"max_hp_loss":0,"event_name":"Transmorgrifier","floor":32,"gold_loss":0,"cards_obtained":["Cleave"]},{"damage_healed":0,"gold_gain":0,"player_choice":"Ignored","damage_taken":0,"max_hp_gain":0,"max_hp_loss":0,"event_name":"Purifier","floor":42,"gold_loss":0},{"damage_healed":0,"gold_gain":0,"player_choice":"Memory 3","damage_taken":10,"max_hp_gain":0,"max_hp_loss":0,"event_name":"SensoryStone","floor":47,"gold_loss":0}],"is_beta":false,"boss_relics":[{"not_picked":["Snecko Eye","Replay:Drink Me"],"picked":"Astrolabe"},{"not_picked":["Replay:Wanted Poster","Busted Crown"],"picked":"Black Blood"}],"items_purged_floors":[],"is_endless":false,"potions_floor_spawned":[5,12,16,18,28,30,39,44,45,46,48],"ascension_level":0}}