{"host":"4h9wonchhpvj0efq","time":1608710384,"event":{"mods":["Act Like it!","BaseMod","Gensokyo","KinomotoSakuraMod(木之本樱)","Marisa（F雨　魔理沙）","Minty Spire (QoL Compilation)","Nova Terra(诺娃・泰拉)","Reimu（博丽灵梦）","Remilia（蕾米莉亚）","RumiaBox-露米娅的神秘盒子","StSLib","The Administrix","The Alterego","TheSwordswoman","Waifu the Spire","Youmu（魂魄妖梦）","Yuyuko","vexMod","【东方二次创作】八云紫mod"],"gold_per_floor":[118,293,293,91,105,105,105,105,105,121,133,133,150,163,163,266,266,286,286,211,211,211],"floor_reached":21,"playtime":805,"items_purged":[],"score":169,"play_id":"b2045c4a-6ac4-43eb-8dcf-63491d67a2cf","local_time":"20201223155944","is_ascension_mode":false,"campfire_choices":[{"data":"alterego_mod:Impale","floor":6,"key":"SMITH"},{"data":"alterego_mod:BigMeatyClaws","floor":8,"key":"SMITH"},{"floor":12,"key":"REST"},{"data":"alterego_mod:BusterCard","floor":15,"key":"SMITH"}],"circlet_count":0,"master_deck":["alterego_mod:Strike","alterego_mod:Strike","alterego_mod:Strike","alterego_mod:Strike","alterego_mod:Defend","alterego_mod:Defend","alterego_mod:Defend","alterego_mod:Impale+1","alterego_mod:BigMeatyClaws+1","alterego_mod:BrynhildrsRune","alterego_mod:BusterCard","alterego_mod:Bounce","alterego_mod:BusterCard","alterego_mod:Complex","alterego_mod:Complex","alterego_mod:BusterCard+1","alterego_mod:IndependentAction","alterego_mod:Palingenesis","alterego_mod:Clones+1","Necronomicurse"],"relics":["alterego_mod:MasochisticConstitution","Chemical X","Centennial Puzzle","GodSword4","SlaversCollar","Necronomicon"],"acts_visited":["Exordium","TheCity"],"potions_floor_usage":[16,16],"damage_taken":[{"damage":21,"enemies":"Jaw Worm","floor":1,"turns":6},{"damage":3,"enemies":"Small Slimes","floor":5,"turns":3},{"damage":1,"enemies":"Cultist","floor":10,"turns":3},{"damage":5,"enemies":"3 Louse","floor":11,"turns":3},{"damage":0,"enemies":"Large Slime","floor":13,"turns":3},{"damage":6,"enemies":"Exordium Wildlife","floor":14,"turns":3},{"damage":82,"enemies":"Slime Boss","floor":16,"turns":14},{"damage":46,"enemies":"2 Thieves","floor":18,"turns":5},{"damage":23,"enemies":"3 Byrds","floor":21,"turns":4}],"seed_played":"-7080012147883751629","potions_obtained":[{"floor":1,"key":"Swift Potion"},{"floor":10,"key":"Fire Potion"},{"floor":13,"key":"LiquidBronze"},{"floor":14,"key":"PowerPotion"},{"floor":18,"key":"ColorlessPotion"}],"is_trial":false,"path_per_floor":["M","?","?","$","M","R","?","R","T","M","M","R","M","M","R","B",null,"M","?","?","M"],"character_chosen":"The_Alterego","items_purchased":["Chemical X","alterego_mod:Bounce"],"campfire_rested":1,"item_purchase_floors":[4,4],"current_hp_per_floor":[57,57,50,50,62,62,62,62,62,62,58,81,81,76,76,2,83,38,22,22,0,0],"gold":211,"neow_bonus":"TEN_PERCENT_HP_BONUS","is_daily":false,"chose_seed":false,"campfire_upgraded":3,"win_rate":0.0,"timestamp":1608710384,"path_taken":["M","?","?","$","M","R","?","R","T","M","M","R","M","?","R","BOSS","M","?","?","M"],"items_purchased_type":["Relic","Card"],"build_version":"2020-12-22","purchased_purges":0,"victory":false,"max_hp_per_floor":[78,78,78,78,79,79,79,79,79,80,81,81,81,82,82,83,83,84,84,84,84,84],"card_choices":[{"not_picked":["alterego_mod:DeftHands","alterego_mod:MagicResistance"],"picked":"alterego_mod:BusterCard","floor":1},{"not_picked":["alterego_mod:Belts","alterego_mod:Bounce"],"picked":"alterego_mod:BusterCard","floor":5},{"not_picked":["alterego_mod:Maid","alterego_mod:Clap"],"picked":"alterego_mod:Complex","floor":10},{"not_picked":["alterego_mod:Bunnysuit","alterego_mod:Schoolgirl"],"picked":"alterego_mod:Complex","floor":11},{"not_picked":["alterego_mod:HighServant","alterego_mod:Mirror"],"picked":"alterego_mod:BusterCard","floor":13},{"not_picked":["alterego_mod:Belle","alterego_mod:Cushion"],"picked":"alterego_mod:IndependentAction","floor":14},{"not_picked":["alterego_mod:InsideBaseball","alterego_mod:BrynhildrRomantia"],"picked":"alterego_mod:Palingenesis","floor":16},{"not_picked":["alterego_mod:DiscoLights+1","alterego_mod:HighServant+1"],"picked":"alterego_mod:Clones+1","floor":18}],"player_experience":214131,"relics_obtained":[{"floor":9,"key":"GodSword4"},{"floor":19,"key":"Necronomicon"}],"event_choices":[{"damage_healed":0,"gold_gain":175,"player_choice":"AGREE","damage_taken":0,"max_hp_gain":0,"max_hp_loss":0,"event_name":"Liars Game","floor":2,"gold_loss":0,"cards_obtained":["Doubt"]},{"cards_removed":["Doubt"],"damage_healed":0,"gold_gain":0,"player_choice":"Card Removal","damage_taken":7,"max_hp_gain":0,"max_hp_loss":0,"event_name":"Golden Wing","floor":3,"gold_loss":0},{"damage_healed":0,"gold_gain":0,"player_choice":"Gave Potion","damage_taken":0,"relics_obtained":["Centennial Puzzle"],"max_hp_gain":0,"max_hp_loss":0,"event_name":"WeMeetAgain","floor":7,"gold_loss":0},{"damage_healed":0,"gold_gain":0,"player_choice":"Obtained Book","damage_taken":16,"max_hp_gain":0,"max_hp_loss":0,"event_name":"Cursed Tome","floor":19,"gold_loss":0},{"cards_removed":["alterego_mod:Defend"],"damage_healed":0,"gold_gain":0,"player_choice":"Gave Gold","damage_taken":0,"max_hp_gain":0,"max_hp_loss":0,"event_name":"Beggar","floor":20,"gold_loss":75}],"is_beta":false,"boss_relics":[{"not_picked":["Black Star","RedLine:ReiMu"],"picked":"SlaversCollar"}],"items_purged_floors":[],"is_endless":false,"potions_floor_spawned":[1,10,13,14,18],"killed_by":"3 Byrds","ascension_level":0}}