{"host":"avjwtc49fhlk6kym","time":1608684729,"event":{"mods":["AchievementEnabler","BaseMod","Better Match","Better Note","Better Third Choice","Colored Map","Colored Powertips","Displayed Cursed Tome","Highlight Path","Minty Spire (QoL Compilation)","Permanent Neow","Quick Restart","StSLib"],"gold_per_floor":[116,132,151,151,170,170,170,203,281,33,59,59,75,0,0,0,0],"floor_reached":16,"playtime":698,"items_purged":["Defend_P"],"score":116,"play_id":"5bdf7d31-7a5a-4e03-a989-d7c6ef31abb7","local_time":"20201222195209","is_ascension_mode":true,"campfire_choices":[{"data":"Consecrate","floor":6.0,"key":"SMITH"},{"floor":12.0,"key":"REST"},{"data":"SashWhip","floor":15,"key":"SMITH"}],"circlet_count":0,"master_deck":["Strike_P","Strike_P","Strike_P","Strike_P","Defend_P","Defend_P","Defend_P","Eruption+1","Vigilance","Bandage Up","Consecrate+1","ThirdEye","CutThroughFate","Wireheading","Wallop","Evaluate","DevaForm","SashWhip+1"],"relics":["PureWater","Incense Burner","Regal Pillow","Lantern"],"acts_visited":["Exordium"],"potions_floor_usage":[16,16],"damage_taken":[{"damage":1.0,"enemies":"2 Louse","floor":1.0,"turns":4.0},{"damage":0.0,"enemies":"Small Slimes","floor":2.0,"turns":2.0},{"damage":0.0,"enemies":"Cultist","floor":3.0,"turns":4.0},{"damage":5.0,"enemies":"Red Slaver","floor":5.0,"turns":6.0},{"damage":17.0,"enemies":"3 Sentries","floor":8.0,"turns":8.0},{"damage":32.0,"enemies":"Gremlin Nob","floor":11.0,"turns":5.0},{"damage":0.0,"enemies":"2 Fungi Beasts","floor":13.0,"turns":4.0},{"damage":79,"enemies":"Hexaghost","floor":16,"turns":16}],"seed_played":"3758942086120191587","potions_obtained":[{"floor":3.0,"key":"Strength Potion"},{"floor":8.0,"key":"AttackPotion"},{"floor":13.0,"key":"SneckoOil"}],"is_trial":false,"path_per_floor":["M","M","M","?","M","R","?","E","T","$","E","R","M","$","R","B"],"character_chosen":"WATCHER","items_purchased":["Wallop","Regal Pillow","Evaluate"],"campfire_rested":1,"item_purchase_floors":[10,10,10],"current_hp_per_floor":[71,71,71,71,70,70,72,59,59,59,31,67,71,71,71,0,0],"gold":0,"neow_bonus":"RANDOM_COLORLESS","is_daily":false,"chose_seed":false,"campfire_upgraded":2,"win_rate":0.0,"timestamp":1608684729,"path_taken":["M","M","M","?","M","R","?","E","T","$","E","R","?","?","R","BOSS"],"items_purchased_type":["Card","Relic","Card"],"build_version":"2020-12-13","purchased_purges":1,"victory":false,"max_hp_per_floor":[72,72,72,72,72,72,72,72,72,72,72,72,72,72,72,72,72],"card_choices":[{"not_picked":["Deep Breath","PanicButton"],"picked":"Bandage Up","floor":0.0},{"not_picked":["Perseverance","CrushJoints"],"picked":"Consecrate","floor":1.0},{"not_picked":["SashWhip","WaveOfTheHand"],"picked":"ThirdEye","floor":2.0},{"not_picked":["SashWhip","JustLucky"],"picked":"Prostrate","floor":3.0},{"not_picked":["FlurryOfBlows","ThirdEye"],"picked":"CutThroughFate","floor":5.0},{"not_picked":["Perseverance","Protect"],"picked":"Wireheading","floor":8.0},{"not_picked":["ThirdEye","Study"],"picked":"DevaForm","floor":11.0},{"not_picked":["EmptyFist","Fasting2"],"picked":"SashWhip","floor":13.0}],"player_experience":358798,"relics_obtained":[{"floor":8.0,"key":"Incense Burner"},{"floor":11.0,"key":"Lantern"}],"event_choices":[{"damage_healed":0.0,"max_hp_gain":0.0,"max_hp_loss":0.0,"gold_gain":0.0,"event_name":"Living Wall","player_choice":"Grow","floor":4.0,"gold_loss":0.0,"damage_taken":0.0,"cards_upgraded":["Eruption"]},{"cards_removed":["Prostrate"],"damage_healed":5.0,"max_hp_gain":0.0,"max_hp_loss":0.0,"gold_gain":0.0,"event_name":"Bonfire Elementals","player_choice":"Offered Common","floor":7.0,"gold_loss":0.0,"damage_taken":0.0},{"cards_removed":["Prostrate"],"damage_healed":5.0,"max_hp_gain":0.0,"max_hp_loss":0.0,"gold_gain":0.0,"event_name":"Bonfire Elementals","player_choice":"Offered Special","floor":7.0,"gold_loss":0.0,"damage_taken":0.0}],"is_beta":false,"boss_relics":[],"items_purged_floors":[14],"is_endless":false,"potions_floor_spawned":[3,8,13],"killed_by":"Hexaghost","ascension_level":1}}