{"host":"uzcks4yhskks9i02","time":1608760849,"event":{"mods":["BaseMod","Minty Spire (QoL Compilation)","Quick Restart"],"gold_per_floor":[116,116,185,204,13,45,45,45,45,70,109,132,170,193,193,324,324,340,49,49,49,72,105,105,139,139,139,180,279,46,46,46],"floor_reached":31,"playtime":3254,"items_purged":[],"score":448,"play_id":"a5cfb5e9-c9ce-4478-a28b-85319bde60c2","local_time":"20201223150049","is_ascension_mode":true,"campfire_choices":[{"floor":8.0,"key":"REST"},{"data":"Inflame","floor":15.0,"key":"SMITH"},{"floor":24.0,"key":"REST"},{"floor":27.0,"key":"REST"}],"circlet_count":0,"master_deck":["Strike_R","Strike_R+1","Strike_R","Strike_R","Strike_R","Defend_R","Defend_R","Defend_R","Defend_R","Bash+1","Second Wind","Anger","Inflame+1","Uppercut","Sever Soul","Perfected Strike","Pummel","Sword Boomerang","Corruption","Berserk","CurseOfTheBell","Headbutt","Demon Form","Demon Form","Shame","Pommel Strike+1","Searing Blow+1","Spot Weakness","Whirlwind+1","Whirlwind+1"],"relics":["Burning Blood","Bag of Marbles","Regal Pillow","Calipers","Golden Idol","Oddly Smooth Stone","Self Forming Clay","Pen Nib","Calling Bell","Vajra","Matryoshka","Shovel","DollysMirror","Shuriken","Molten Egg 2","Whetstone","Nunchaku","WingedGreaves","Ice Cream","Brimstone"],"acts_visited":["Exordium","TheCity"],"potions_floor_usage":[31,31],"damage_taken":[{"damage":12.0,"enemies":"Jaw Worm","floor":1.0,"turns":5.0},{"damage":5.0,"enemies":"2 Louse","floor":4.0,"turns":4.0},{"damage":33.0,"enemies":"Gremlin Nob","floor":6.0,"turns":5.0},{"damage":4.0,"enemies":"Small Slimes","floor":10.0,"turns":3.0},{"damage":28.0,"enemies":"3 Sentries","floor":11.0,"turns":6.0},{"damage":13.0,"enemies":"Blue Slaver","floor":12.0,"turns":4.0},{"damage":8.0,"enemies":"Gremlin Nob","floor":13.0,"turns":3.0},{"damage":1.0,"enemies":"3 Louse","floor":14.0,"turns":3.0},{"damage":34.0,"enemies":"Slime Boss","floor":16.0,"turns":10.0},{"damage":6.0,"enemies":"Chosen","floor":18.0,"turns":3.0},{"damage":36.0,"enemies":"Shell Parasite","floor":22.0,"turns":5.0},{"damage":38.0,"enemies":"Book of Stabbing","floor":23.0,"turns":4.0},{"damage":52.0,"enemies":"Gremlin Leader","floor":25.0,"turns":5.0},{"damage":52.0,"enemies":"Slavers","floor":28.0,"turns":5.0},{"damage":19,"enemies":"Snake Plant","floor":31,"turns":2}],"seed_played":"9063175093815447277","potions_obtained":[{"floor":1.0,"key":"FairyPotion"},{"floor":4.0,"key":"FairyPotion"},{"floor":10.0,"key":"BloodPotion"},{"floor":13.0,"key":"EntropicBrew"},{"floor":18.0,"key":"SkillPotion"},{"floor":28.0,"key":"Strength Potion"}],"is_trial":false,"path_per_floor":["M","?","?","M","$","E","?","R","T","M","E","M","E","M","R","B",null,"M","$","?","?","M","E","R","E","T","R","E","?","$","M"],"character_chosen":"IRONCLAD","items_purchased":["Regal Pillow","Inflame","Demon Form","DollysMirror","Block Potion","Brimstone","Whirlwind+1"],"campfire_rested":3,"item_purchase_floors":[5,5,19,19,30,30,30],"current_hp_per_floor":[66,48,48,49,49,22,2,41,41,43,21,14,28,33,33,30,68,68,68,68,68,38,30,69,23,23,62,16,16,16,0,0],"gold":46,"neow_bonus":"UPGRADE_CARD","is_daily":false,"chose_seed":false,"campfire_upgraded":1,"win_rate":0.0,"timestamp":1608760849,"path_taken":["M","?","?","M","$","E","?","R","T","M","E","M","E","M","R","BOSS","M","$","?","?","M","E","R","E","T","R","E","?","$","?"],"items_purchased_type":["Relic","Card","Card","Relic","Potion","Relic","Card"],"build_version":"2020-12-22","purchased_purges":0,"victory":false,"max_hp_per_floor":[80,80,80,80,80,80,80,80,80,80,80,80,80,80,80,80,80,80,80,80,80,80,80,80,80,80,80,80,80,80,80,80],"card_choices":[{"not_picked":["Rupture","Clash"],"picked":"Second Wind","floor":1.0},{"not_picked":["Reckless Charge","Wild Strike"],"picked":"Anger","floor":4.0},{"not_picked":["Shrug It Off","Pommel Strike"],"picked":"Uppercut","floor":6.0},{"not_picked":["Clothesline","Havoc"],"picked":"Sever Soul","floor":10.0},{"not_picked":["Uppercut","Wild Strike"],"picked":"Perfected Strike","floor":11.0},{"not_picked":["Sword Boomerang","Flex"],"picked":"Pummel","floor":12.0},{"not_picked":["Feel No Pain","Uppercut"],"picked":"Sword Boomerang","floor":13.0},{"not_picked":["Cleave","Heavy Blade"],"picked":"Corruption","floor":14.0},{"not_picked":["Immolate","Bludgeon"],"picked":"Berserk","floor":16.0},{"not_picked":["Wild Strike","Second Wind"],"picked":"Headbutt","floor":18.0},{"not_picked":["Clothesline","Body Slam"],"picked":"Pommel Strike","floor":22.0},{"not_picked":["Shrug It Off+1","Body Slam+1"],"picked":"Searing Blow+1","floor":23.0},{"not_picked":["Twin Strike+1","Feel No Pain"],"picked":"Spot Weakness","floor":25.0},{"not_picked":["Clothesline+1","Seeing Red"],"picked":"Whirlwind+1","floor":28.0}],"player_experience":464070,"relics_obtained":[{"floor":6.0,"key":"Calipers"},{"floor":9.0,"key":"Oddly Smooth Stone"},{"floor":11.0,"key":"Self Forming Clay"},{"floor":13.0,"key":"Pen Nib"},{"floor":17.0,"key":"Vajra"},{"floor":17.0,"key":"Matryoshka"},{"floor":17.0,"key":"Shovel"},{"floor":23.0,"key":"Molten Egg 2"},{"floor":25.0,"key":"Whetstone"},{"floor":26.0,"key":"Nunchaku"},{"floor":26.0,"key":"WingedGreaves"},{"floor":28.0,"key":"Ice Cream"}],"event_choices":[{"damage_healed":0.0,"max_hp_gain":0.0,"max_hp_loss":0.0,"gold_gain":0.0,"event_name":"Scrap Ooze","player_choice":"Success","floor":2.0,"gold_loss":0.0,"damage_taken":18.0,"relics_obtained":["Bag of Marbles"]},{"damage_healed":0.0,"max_hp_gain":0.0,"max_hp_loss":0.0,"gold_gain":69.0,"event_name":"Golden Wing","player_choice":"Gained Gold","floor":3.0,"gold_loss":0.0,"damage_taken":0.0},{"damage_healed":0.0,"max_hp_gain":0.0,"max_hp_loss":0.0,"gold_gain":0.0,"event_name":"Golden Idol","player_choice":"Take Damage","floor":7.0,"gold_loss":0.0,"damage_taken":20.0,"relics_obtained":["Golden Idol"]},{"damage_healed":0.0,"max_hp_gain":0.0,"max_hp_loss":0.0,"gold_gain":0.0,"event_name":"Vampires","player_choice":"Ignored","floor":20.0,"gold_loss":0.0,"damage_taken":0.0},{"damage_healed":0.0,"max_hp_gain":0.0,"max_hp_loss":0.0,"gold_gain":0.0,"event_name":"Addict","player_choice":"Stole Relic","floor":21.0,"gold_loss":0.0,"damage_taken":0.0,"relics_obtained":["Shuriken"],"cards_obtained":["Shame"]},{"damage_healed":0.0,"max_hp_gain":0.0,"max_hp_loss":0.0,"gold_gain":99.0,"event_name":"Nest","player_choice":"Stole From Cult","floor":29.0,"gold_loss":0.0,"damage_taken":0.0}],"is_beta":false,"boss_relics":[{"not_picked":["Philosopher\u0027s Stone","Sozu"],"picked":"Calling Bell"}],"items_purged_floors":[],"is_endless":false,"potions_floor_spawned":[1,4,10,13,14,18,28],"killed_by":"Snake Plant","ascension_level":9}}