{"host":"qw4xe3mt0biolpvp","time":1608762274,"event":{"mods":["AchievementEnabler","Act Like it!","BaseMod","BetterRewards","Colored Map","Colored Powertips","Downfall","Gensokyo","Hallownest","Hermit","Highlight Path","Hubris","Infinite Spire","Jorbs\u0027s Wanderer Trilogy","Marisa????????","Minty Spire (QoL Compilation)","Quick Restart","Replay The Spire","StSLib","The Animator","The Bug Knight","The Cursed","The Jungle","The Servant 0.9.4","The Wild Card"],"gold_per_floor":[112,77,89,104,115,115,135,148,148,159,211,230,230,244,244,345,345,360,360,379,23,41,41,41,41],"floor_reached":24,"playtime":1547,"items_purged":["Strike_R","Defend_R"],"score":194,"play_id":"352720c3-0350-4f6e-b1b4-8b06dd84b5e7","local_time":"20201223192434","is_ascension_mode":false,"campfire_choices":[{"floor":6,"key":"REST"},{"floor":13,"key":"REST"},{"data":"Body Slam","floor":15,"key":"SMITH"},{"floor":23,"key":"REST"}],"circlet_count":0,"master_deck":["Strike_R","Strike_R","Strike_R","Strike_R","Defend_R","Defend_R","Defend_R","Bash","Limit Break","Cleave","expansioncontent:SuperHexaguard","Perfected Strike","hubris:ReadiedAction","ReplayTheSpireMod:Stacked","Thunderclap","Massacre","Flame Barrier","Ghostly Armor","Body Slam+1","hubris:SharpeningStone","Cleave","Thunderclap","Berserk","Thunderclap","Cleave+1"],"relics":["Burning Blood","infinitespire:Lucky Rock","Replay:Kaleidoscope","Tiny Chest","Sundial","infinitespire:Cupcake","Molten Egg 2"],"acts_visited":["Exordium","TheCity"],"potions_floor_usage":[16,16,16,24],"damage_taken":[{"damage":13,"enemies":"Jaw Worm","floor":1,"turns":4},{"damage":12,"enemies":"Small Slimes","floor":3,"turns":4},{"damage":7,"enemies":"2 Louse","floor":4,"turns":3},{"damage":22,"enemies":"Exordium Wildlife","floor":5,"turns":5},{"damage":8,"enemies":"Large Slime","floor":7,"turns":6},{"damage":3,"enemies":"Blue Slaver","floor":8,"turns":3},{"damage":0,"enemies":"Looter","floor":10,"turns":5},{"damage":20,"enemies":"Exordium Thugs","floor":12,"turns":7},{"damage":16,"enemies":"Large Slime","floor":14,"turns":9},{"damage":49,"enemies":"Hexaghost","floor":16,"turns":11},{"damage":4,"enemies":"3 Byrds","floor":18,"turns":3},{"damage":47,"enemies":"Snake Plant","floor":20,"turns":6},{"damage":34,"enemies":"Shelled Parasite and Fungi","floor":22,"turns":10},{"damage":37,"enemies":"Slavers","floor":24,"turns":2}],"seed_played":"-2339867922534347853","potions_obtained":[{"floor":3,"key":"Swift Potion"},{"floor":8,"key":"SteroidPotion"},{"floor":10,"key":"Flashbang"},{"floor":16,"key":"BlessingOfTheForge"},{"floor":18,"key":"LifebloodPotion"}],"is_trial":false,"path_per_floor":["M","?","M","M","M","R","M","M","T","M","?","M","R","M","R","B",null,"M","AVR","M","$","M","R","E"],"character_chosen":"IRONCLAD","items_purchased":["Limit Break","infinitespire:Lucky Rock","Cleave","Molten Egg 2"],"campfire_rested":3,"item_purchase_floors":[0,0,0,21],"current_hp_per_floor":[29,49,43,42,26,50,48,51,51,57,57,43,67,57,57,14,80,80,80,39,39,11,35,0,0],"gold":41,"neow_bonus":"","is_daily":false,"chose_seed":false,"campfire_upgraded":1,"win_rate":0.0,"timestamp":1608762274,"path_taken":["M","?","M","M","M","R","M","M","T","M","?","M","R","M","R","BOSS","M","AVR","M","$","?","R","E"],"items_purchased_type":["Card","Relic","Card","Relic"],"build_version":"2020-12-22","purchased_purges":2,"victory":false,"max_hp_per_floor":[80,80,80,80,80,80,80,80,80,80,80,80,80,80,80,80,80,80,80,80,80,80,80,80,80],"card_choices":[{"not_picked":["Bloodletting","Dark Embrace"],"picked":"Perfected Strike","floor":1},{"not_picked":["ReplayTheSpireMod:LeadingStrike","Body Slam"],"picked":"hubris:ReadiedAction","floor":3},{"not_picked":["Feel No Pain","Replay:Undeath\u0027s Touch"],"picked":"ReplayTheSpireMod:Stacked","floor":4},{"not_picked":["Cleave","Wild Strike"],"picked":"Thunderclap","floor":5},{"not_picked":["Twin Strike","Ghostly Armor"],"picked":"Massacre","floor":7},{"not_picked":["Clothesline","Warcry"],"picked":"Flame Barrier","floor":8},{"not_picked":["Anger","Heavy Blade"],"picked":"Ghostly Armor","floor":10},{"not_picked":["Metallicize","Thunderclap"],"picked":"Body Slam","floor":11},{"not_picked":["Carnage","Fire Breathing"],"picked":"hubris:SharpeningStone","floor":11},{"not_picked":["Shrug It Off","Dropkick"],"picked":"Cleave","floor":12},{"not_picked":["ReplayTheSpireMod:Strike From Hell","Cleave"],"picked":"Thunderclap","floor":14},{"not_picked":["Corruption","Double Tap"],"picked":"Berserk","floor":16},{"not_picked":["hubris:ReadiedAction","Defy Death","ReplayTheSpireMod:Strike From Hell"],"picked":"SKIP","floor":18},{"not_picked":["Metallicize","Wild Strike+1"],"picked":"Thunderclap","floor":20},{"not_picked":["Iron Wave+1","True Grit"],"picked":"Cleave+1","floor":22}],"player_experience":30527,"relics_obtained":[{"floor":9,"key":"Tiny Chest"},{"floor":11,"key":"Sundial"}],"event_choices":[{"damage_healed":20,"gold_gain":0,"player_choice":"Healed","damage_taken":0,"max_hp_gain":0,"max_hp_loss":0,"event_name":"The Cleric","floor":2,"gold_loss":35}],"is_beta":false,"boss_relics":[{"not_picked":["infinitespire:Burning Sword","Mark of Pain"],"picked":"infinitespire:Cupcake"}],"items_purged_floors":[0,21],"is_endless":false,"potions_floor_spawned":[3,8,10,12,16,18],"killed_by":"Slavers","ascension_level":0}}