{"host":"kiauivt48syq9iz6","time":1608747433,"event":{"mods":["BaseMod","Conspire","Downfall","Hermit","Minty Spire (QoL Compilation)","Replay The Spire","SIMod","StSLib","The Animator","The Construct","The Cursed","The Runesmith","The Servant 0.9.4"],"gold_per_floor":[114,130,110,124,124,124,124,124,196,209,209,19,19,35,35,35,35],"floor_reached":16,"playtime":733,"items_purged":[],"score":115,"play_id":"ce6b85e2-356d-4d37-af93-1a6d90e612e6","local_time":"20201223111713","is_ascension_mode":false,"campfire_choices":[{"floor":6,"key":"REST"},{"data":"ThunderCloud","floor":8,"key":"SMITH"},{"data":"Batlization","floor":13,"key":"SMITH"},{"data":"HarmonyForm","floor":15,"key":"SMITH"}],"circlet_count":0,"master_deck":["Strike_AJ","Strike_RD","Defend_TS","Defend_PP","Defend_FS","ConcertedEfforts","HarmonyShield","BehindTheScene","TasteRainbow","Lasso","ThunderCloud+1","FriendshipIsMagic","Boundary","PartyTime","Parasite","HideCarefully","Winterwrapup","Batlization+1","Mind Blast","RunningOfTheLeaves","SonicRainbow","ServeMeal","Honesty","HarmonyForm+1"],"relics":["The_element_of_harmony","Replay:PocketPolymizer","Pear"],"acts_visited":["Exordium"],"potions_floor_usage":[16],"damage_taken":[{"damage":2,"enemies":"Small Slimes","floor":1,"turns":3},{"damage":0,"enemies":"Cultist","floor":2,"turns":4},{"damage":6,"enemies":"Jaw Worm","floor":4,"turns":4},{"damage":0,"enemies":"Large Slime","floor":10,"turns":7},{"damage":0,"enemies":"3 Louse","floor":14,"turns":3},{"damage":128,"enemies":"Hexaghost","floor":16,"turns":16}],"seed_played":"-4070922903893201906","potions_obtained":[{"floor":3,"key":"champ:CounterPotion"},{"floor":10,"key":"FairyPotion"}],"is_trial":false,"path_per_floor":["M","M","?","M","?","R","?","R","T","M","?","$","R","M","R","B"],"character_chosen":"TWI_CLASS","items_purchased":["Batlization","Mind Blast","RunningOfTheLeaves"],"campfire_rested":1,"item_purchase_floors":[12,12,12],"current_hp_per_floor":[80,80,80,74,32,56,76,76,86,86,91,91,91,91,91,0,0],"gold":35,"neow_bonus":"THREE_CARDS","is_daily":false,"chose_seed":false,"campfire_upgraded":3,"win_rate":0.0,"timestamp":1608747433,"path_taken":["M","M","?","?","?","R","?","R","T","M","?","$","R","M","R","BOSS"],"items_purchased_type":["Card","Card","Card"],"build_version":"2020-12-22","purchased_purges":0,"victory":false,"max_hp_per_floor":[82,82,82,82,82,82,82,82,92,92,97,97,97,97,97,97,97],"card_choices":[{"not_picked":["Batlization","BatchProduction"],"picked":"BehindTheScene","floor":0},{"not_picked":["Celebrities"],"picked":"TasteRainbow","floor":1},{"not_picked":["Return_To_Past"],"picked":"Lasso","floor":1},{"not_picked":["Celebrities"],"picked":"ThunderCloud","floor":2},{"not_picked":["ISayNo"],"picked":"FriendshipIsMagic","floor":2},{"not_picked":["Smile"],"picked":"Boundary","floor":4},{"not_picked":["Yay"],"picked":"PartyTime","floor":4},{"not_picked":["Perfectionism"],"picked":"Winterwrapup","floor":10},{"not_picked":["Boundary","Flutterguy"],"picked":"SKIP","floor":10},{"not_picked":["CleanLibrary"],"picked":"ServeMeal","floor":14},{"not_picked":["FollowTherRainbow"],"picked":"Honesty","floor":14}],"player_experience":28423,"relics_obtained":[{"floor":9,"key":"Pear"}],"event_choices":[{"damage_healed":0,"gold_gain":0,"player_choice":"Bought 1 Potion","damage_taken":0,"max_hp_gain":0,"max_hp_loss":0,"event_name":"The Woman in Blue","floor":3,"gold_loss":0},{"damage_healed":0,"gold_gain":0,"player_choice":"Success","damage_taken":42,"relics_obtained":["Replay:PocketPolymizer"],"max_hp_gain":0,"max_hp_loss":0,"event_name":"Scrap Ooze","floor":5,"gold_loss":0},{"damage_healed":20,"gold_gain":0,"player_choice":"Healed and dodged fight","damage_taken":0,"max_hp_gain":0,"max_hp_loss":0,"event_name":"Mushrooms","floor":7,"gold_loss":0,"cards_obtained":["Parasite"]},{"damage_healed":0,"gold_gain":0,"player_choice":"Donut","damage_taken":0,"max_hp_gain":5,"max_hp_loss":0,"event_name":"Big Fish","floor":11,"gold_loss":0}],"is_beta":false,"boss_relics":[],"items_purged_floors":[],"is_endless":false,"potions_floor_spawned":[10],"killed_by":"Hexaghost","ascension_level":0}}