{"host":"y9jgkjnf95sujozk","time":1608737478,"event":{"mods":["2.2 Compatiblity","AchievementEnabler","Act Like it!","BaseMod","Block Reminder","Colored Map","Colored Powertips","Downfall","Friendly Minions","Gensokyo","GifTheSpireLib","Hermit","Highlight Path","HololiveMod","MarisaÅiñ∂âJÅ@ñÇóùçπÅj","Minty Spire (QoL Compilation)","Random Character Button","Rare Cards Sparkle","Replay The Spire","StSLib","SuperFastMode","The Animator","The Bug Knight","The Cursed","The Servant 0.9.4"],"gold_per_floor":[117,117,133,133,144,144,144,144,144,162,162,190,202,40,40,40,40],"floor_reached":16,"playtime":267,"items_purged":[],"score":105,"play_id":"9bd51601-3700-4622-9dbb-2e1dc06b8e0c","local_time":"20201223163118","is_ascension_mode":true,"campfire_choices":[{"data":"TheCursedMod:CircleOfFocus","floor":7,"key":"SMITH"},{"floor":15,"key":"REST"}],"circlet_count":0,"master_deck":["TheCursedMod:Strike_TheCursed","TheCursedMod:Strike_TheCursed","TheCursedMod:Strike_TheCursed","TheCursedMod:Defend_TheCursed","TheCursedMod:Defend_TheCursed","TheCursedMod:Defend_TheCursed","TheCursedMod:Defend_TheCursed","TheCursedMod:CursedWand","TheCursedMod:CleanUpWorkshop","TheCursedMod:Dregs","TheCursedMod:CircleOfAmplification","TheCursedMod:SurpriseAttack+1","TheCursedMod:CircleOfFocus+1","TheCursedMod:CircleOfAmplification","TheCursedMod:ParallelWorld","TheCursedMod:Stigma","Transmutation"],"relics":["TheCursedMod:BlackMagic101","NeowsBlessing","Meat on the Bone","Shovel","StoneCalendar","Replay:PocketPolymizer"],"acts_visited":["Exordium"],"potions_floor_usage":[12,12,16],"damage_taken":[{"damage":0,"enemies":"Cultist","floor":1,"turns":1},{"damage":0,"enemies":"Small Slimes","floor":3,"turns":1},{"damage":0,"enemies":"Jaw Worm","floor":5,"turns":1},{"damage":5,"enemies":"2 Fungi Beasts","floor":10,"turns":3},{"damage":14,"enemies":"Lagavulin","floor":12,"turns":7},{"damage":20,"enemies":"Lots of Slimes","floor":13,"turns":7},{"damage":74,"enemies":"The Guardian","floor":16,"turns":10}],"seed_played":"5968813501558663513","potions_obtained":[{"floor":1,"key":"Block Potion"},{"floor":3,"key":"Ancient Potion"},{"floor":13,"key":"Reflective Coating"}],"is_trial":false,"path_per_floor":["M","T","M","?","M","?","R","?","T","M","?","E","M","$","R","B"],"character_chosen":"THE_CURSED","items_purchased":["Transmutation"],"campfire_rested":1,"item_purchase_floors":[14],"current_hp_per_floor":[75,75,75,75,75,75,75,75,75,70,70,56,48,48,70,0,0],"gold":40,"neow_bonus":"THREE_ENEMY_KILL","is_daily":false,"chose_seed":false,"campfire_upgraded":1,"win_rate":0.0,"timestamp":1608737478,"path_taken":["M","?","M","?","M","?","R","?","T","?","?","E","M","$","R","BOSS"],"items_purchased_type":["Card"],"build_version":"2020-12-22","purchased_purges":0,"victory":false,"max_hp_per_floor":[75,75,75,75,75,75,75,75,75,75,75,75,75,75,75,75,75],"card_choices":[{"not_picked":["TheCursedMod:RapidMovement","TheCursedMod:Stretching"],"picked":"TheCursedMod:CircleOfAmplification","floor":1},{"not_picked":["TheCursedMod:DarkBarrier","TheCursedMod:TacticalStrike"],"picked":"TheCursedMod:SurpriseAttack","floor":3},{"not_picked":["TheCursedMod:Stretching","TheCursedMod:SmokeScreen"],"picked":"TheCursedMod:CircleOfFocus","floor":5},{"not_picked":["TheCursedMod:Torture","TheCursedMod:ManaBullet"],"picked":"TheCursedMod:CircleOfAmplification","floor":10},{"not_picked":["TheCursedMod:TacticalStrike","TheCursedMod:SmokeScreen"],"picked":"TheCursedMod:ParallelWorld","floor":12},{"not_picked":["TheCursedMod:SurpriseAttack","TheCursedMod:Torture"],"picked":"TheCursedMod:Stigma","floor":13}],"player_experience":121865,"relics_obtained":[{"floor":2,"key":"Meat on the Bone"},{"floor":9,"key":"Shovel"},{"floor":11,"key":"StoneCalendar"},{"floor":12,"key":"Replay:PocketPolymizer"}],"event_choices":[{"damage_healed":0,"gold_gain":0,"player_choice":"Grow","damage_taken":0,"max_hp_gain":0,"max_hp_loss":0,"event_name":"Living Wall","floor":4,"gold_loss":0,"cards_upgraded":["TheCursedMod:SurpriseAttack"]},{"damage_healed":0,"gold_gain":0,"player_choice":"Leave","damage_taken":0,"max_hp_gain":0,"max_hp_loss":0,"event_name":"The Cleric","floor":6,"gold_loss":0},{"cards_removed":["TheCursedMod:Strike_TheCursed"],"damage_healed":0,"gold_gain":0,"player_choice":"Offered Basic","damage_taken":0,"max_hp_gain":0,"max_hp_loss":0,"event_name":"Bonfire Elementals","floor":8,"gold_loss":0},{"damage_healed":0,"gold_gain":0,"player_choice":"Relic","damage_taken":0,"max_hp_gain":0,"max_hp_loss":0,"event_name":"Wheel of Change","floor":11,"gold_loss":0}],"is_beta":false,"boss_relics":[],"items_purged_floors":[],"is_endless":false,"potions_floor_spawned":[1,3,13],"killed_by":"The Guardian","ascension_level":1}}