{"host":"k653q14gphaoox56","time":1608706458,"event":{"mods":["BaseMod","Colored Map","Conspire","DeckTracker","Hermit","Hubris","Infinite Spire","Minty Spire (QoL Compilation)","Replay The Spire","StSLib","The Construct","The Cursed","The Disciple","The Hierophant","The Necromancer","The Poker Player","The Runesmith","The Servant 0.9.4"],"gold_per_floor":[115,115,133,145,160,190,190,200,200,216,216,69,69,39,39,140,140,152,166,185,185,200,200,226,151,174,0,12,62,96,408,420,531,543,584,236,236,22,22,22,55,83,83,117,138,138,154,173,173,189,189],"floor_reached":50,"playtime":3885,"items_purged":["Strike_B"],"score":571,"play_id":"2443ce33-3ee2-4206-a189-45a095df1284","local_time":"20201223015418","is_ascension_mode":false,"campfire_choices":[{"floor":7,"key":"REST"},{"floor":23,"key":"REST"},{"floor":32,"key":"REST"},{"floor":40,"key":"REST"},{"floor":46,"key":"REST"},{"floor":49,"key":"REST"}],"circlet_count":0,"master_deck":["Strike_B","Strike_B","Defend_B","Defend_B","Defend_B","Defend_B","Zap","Dualcast","Specialist","Leap","Doom and Gloom+1","Forethought","ReplaySolidLightProjector","Go for the Eyes","Redo","Ball Lightning+1","Melter","Redo","Turbo","Compile Driver","hubris:Fate","Amplify+1","Streamline","Redo","Static Discharge+1","Sweeping Beam","White Noise","Chrysalis","Steam","Conserve Battery+1","infinitespire:UltimateForm","Normality","conspire:NecroticWound","hubris:Gluttony","Creative AI+1","Ball Lightning+1","Hello World","Self Repair+1","ReplayTheSpireMod:Doomed","Static Discharge+1","hubris:Ukulele+1","Heatsinks+1","Turbo","Darkness","ReplayTheSpireMod:System Scan+1","Decay"],"relics":["Cracked Core","Letter Opener","construct:RocketBooster","infinitespire:WardingShard","conspire:SpecialSausage","ReplayTheSpireMod:TigerMarble","hubris:ToyBattleship","Ring of Hypnosis","Ring of Greed","Replay:Bandana","MawBank","Old Coin","conspire:SeveredTorchhead","Replay:Rubber Ducky","Guide Book","Runic Capacitor","conspire:DeflatedDodgeball","Onion Ring"],"acts_visited":["Exordium","TheCity","TheBeyond"],"potions_floor_usage":[6,20,20,20,30,42,44],"damage_taken":[{"damage":4,"enemies":"Cultist","floor":1,"turns":4},{"damage":8,"enemies":"Jaw Worm","floor":3,"turns":3},{"damage":6,"enemies":"2 Louse","floor":4,"turns":2},{"damage":7,"enemies":"Blue Slaver","floor":5,"turns":3},{"damage":13,"enemies":"3 Sentries","floor":6,"turns":4},{"damage":5,"enemies":"Looter","floor":8,"turns":3},{"damage":0,"enemies":"Gremlin Gang","floor":10,"turns":3},{"damage":13,"enemies":"Fading Forest","floor":16,"turns":11},{"damage":26,"enemies":"2 Thieves","floor":18,"turns":4},{"damage":0,"enemies":"Spheric Guardian","floor":19,"turns":1},{"damage":15,"enemies":"Snake Plant","floor":20,"turns":3},{"damage":16,"enemies":"Shelled Parasite and Fungi","floor":22,"turns":4},{"damage":27,"enemies":"Gremlin Leader","floor":24,"turns":4},{"damage":12,"enemies":"Sentry and Sphere","floor":28,"turns":3},{"damage":0,"enemies":"Centurion and Healer","floor":30,"turns":8},{"damage":0,"enemies":"hubris:MusketHawk","floor":33,"turns":1},{"damage":17,"enemies":"3 Shapes","floor":35,"turns":3},{"damage":29,"enemies":"Nemesis","floor":41,"turns":5},{"damage":28,"enemies":"3 Darklings","floor":42,"turns":4},{"damage":20,"enemies":"Sphere and 2 Shapes","floor":44,"turns":5},{"damage":2,"enemies":"Maw","floor":45,"turns":8},{"damage":5,"enemies":"Spire Growth","floor":47,"turns":5},{"damage":7,"enemies":"Sphere and 2 Shapes","floor":48,"turns":4},{"damage":70,"enemies":"conspire:OrnateMirror","floor":50,"turns":8}],"seed_played":"5235948192892442982","potions_obtained":[{"floor":4,"key":"Explosive Potion"},{"floor":8,"key":"Block Potion"},{"floor":14,"key":"Energy Potion"},{"floor":14,"key":"Doom Potion"},{"floor":16,"key":"Adrenaline Potion"},{"floor":19,"key":"BlessingOfTheForge"},{"floor":28,"key":"Block Potion"},{"floor":30,"key":"Adrenaline Potion"},{"floor":41,"key":"Fire Potion"},{"floor":45,"key":"FocusPotion"},{"floor":47,"key":"FocusPotion"}],"is_trial":false,"path_per_floor":["M","?","M","M","M","E","R","M","T","M","T","$","?","?","R_BF","B",null,"M","M","M","?","M","R","E","?","T","$","M","?","M","AVR","R","B",null,"M","$","?","$","?","R","E","M","T","M","M","R","M","M","R_BF","B"],"character_chosen":"DEFECT","items_purchased":["Turbo","Compile Driver","Chrysalis","Replay:Rubber Ducky","Guide Book","Hello World","Runic Capacitor","Self Repair+1"],"campfire_rested":6,"item_purchase_floors":[12,12,27,36,36,36,38,38],"current_hp_per_floor":[71,71,63,57,50,37,59,54,54,54,54,54,36,36,58,55,75,49,49,34,34,18,40,13,13,13,13,1,1,1,1,23,23,75,58,58,58,58,51,73,44,26,26,6,14,36,41,44,66,0,0],"gold":189,"neow_bonus":"RANDOM_COLORLESS","is_daily":false,"chose_seed":false,"campfire_upgraded":0,"win_rate":0.0,"timestamp":1608706458,"path_taken":["M","?","M","M","M","E","R","M","T","?","?","?","?","?","R_BF","BOSS","M","?","M","?","?","R","E","?","T","?","M","?","?","AVR","R","BOSS","M","$","?","$","?","R","E","?","T","?","M","R","M","M","R_BF","BOSS"],"items_purchased_type":["Card","Card","Card","Relic","Relic","Card","Relic","Card"],"build_version":"2020-12-22","purchased_purges":1,"victory":false,"max_hp_per_floor":[75,75,75,75,75,75,75,75,75,75,75,75,75,75,75,75,75,75,75,75,75,75,75,75,75,75,75,75,75,75,75,75,75,75,75,75,75,75,75,75,75,75,75,75,75,75,75,75,75,75,75],"card_choices":[{"not_picked":["Replay:Sssssssssshield","Replay:Bootleg Shield Generator"],"picked":"Specialist","floor":0},{"not_picked":["Gash","Stack"],"picked":"Leap","floor":1},{"not_picked":["conspire:Rain","Coolheaded"],"picked":"ReplaySolidLightProjector","floor":3},{"not_picked":["Stack","All For One"],"picked":"Go for the Eyes","floor":4},{"not_picked":["BasicCrystalCard","ReplayTheSpireMod:Dual Polarity"],"picked":"Redo","floor":5},{"not_picked":["Meteor Strike","Redo"],"picked":"Ball Lightning","floor":6},{"not_picked":["Redo","Coolheaded"],"picked":"Melter","floor":8},{"not_picked":["Conserve Battery","Blizzard"],"picked":"Redo","floor":10},{"not_picked":["ReplayTheSpireMod:??????????????????????","infinitespire:UltimateForm"],"picked":"hubris:Fate","floor":13},{"not_picked":["ReplayTheSpireMod:Fabricate Wheel","Multi-Cast"],"picked":"Amplify","floor":16},{"not_picked":["Go for the Eyes","Reinforced Body"],"picked":"Streamline","floor":18},{"not_picked":["Stack","Conserve Battery"],"picked":"Redo","floor":19},{"not_picked":["Consume","Chill+1"],"picked":"Static Discharge+1","floor":20},{"not_picked":["Compile Driver","Coolheaded"],"picked":"Sweeping Beam","floor":22},{"not_picked":["Multi-Cast","Aggregate"],"picked":"White Noise","floor":24},{"not_picked":["Reprogram","Stack"],"picked":"Steam","floor":28},{"not_picked":["Stack+1","Consume"],"picked":"Conserve Battery","floor":30},{"not_picked":["Meteor Strike","Buffer"],"picked":"Creative AI","floor":33},{"not_picked":["conspire:SharedLibrary","Redo+1"],"picked":"Ball Lightning+1","floor":35},{"not_picked":["ReplayTheSpireMod:Dual Polarity","Mirror Shield"],"picked":"Static Discharge+1","floor":41},{"not_picked":["Rebound","FIFO Queue"],"picked":"hubris:Ukulele+1","floor":42},{"not_picked":["Skim+1","Go for the Eyes+1"],"picked":"Heatsinks+1","floor":44},{"not_picked":["Heatsinks+1","Stack+1"],"picked":"Turbo","floor":45},{"not_picked":["Stack","Rebound+1"],"picked":"Darkness","floor":47},{"not_picked":["ReplayTheSpireMod:Repulse+1","Reboot"],"picked":"ReplayTheSpireMod:System Scan+1","floor":48}],"player_experience":90920,"relics_obtained":[{"floor":6,"key":"Letter Opener"},{"floor":9,"key":"construct:RocketBooster"},{"floor":11,"key":"infinitespire:WardingShard"},{"floor":24,"key":"ReplayTheSpireMod:TigerMarble"},{"floor":26,"key":"hubris:ToyBattleship"},{"floor":29,"key":"Ring of Hypnosis"},{"floor":29,"key":"Ring of Greed"},{"floor":29,"key":"Replay:Bandana"},{"floor":29,"key":"MawBank"},{"floor":41,"key":"conspire:DeflatedDodgeball"},{"floor":43,"key":"Onion Ring"}],"event_choices":[{"damage_healed":0,"gold_gain":0,"player_choice":"2 cards matched","damage_taken":0,"max_hp_gain":0,"max_hp_loss":0,"event_name":"Match and Keep!","floor":2,"gold_loss":0,"cards_obtained":["Doom and Gloom","Forethought"]},{"damage_healed":0,"gold_gain":0,"player_choice":"Bought 2 Potions","damage_taken":0,"max_hp_gain":0,"max_hp_loss":0,"event_name":"The Woman in Blue","floor":14,"gold_loss":0},{"damage_healed":0,"gold_gain":0,"player_choice":"Ignored","damage_taken":0,"max_hp_gain":0,"max_hp_loss":0,"event_name":"NoteForYourself","floor":21,"gold_loss":0},{"cards_removed":["Strike_B"],"damage_healed":0,"gold_gain":0,"player_choice":"Gave Gold","damage_taken":0,"max_hp_gain":0,"max_hp_loss":0,"event_name":"Beggar","floor":25,"gold_loss":75},{"damage_healed":0,"gold_gain":0,"player_choice":"Ignored","damage_taken":0,"max_hp_gain":0,"max_hp_loss":0,"event_name":"Tomb of Lord Red Mask","floor":37,"gold_loss":0},{"damage_healed":0,"gold_gain":0,"player_choice":"Damaged","damage_taken":7,"max_hp_gain":0,"max_hp_loss":0,"event_name":"Wheel of Change","floor":39,"gold_loss":0}],"is_beta":false,"boss_relics":[{"not_picked":["Replay:Drink Me","Sozu"],"picked":"conspire:SpecialSausage"},{"not_picked":["infinitespire:Cupcake","Runic Pyramid"],"picked":"conspire:SeveredTorchhead"}],"items_purged_floors":[12],"is_endless":false,"potions_floor_spawned":[4,8,16,19,28,30,41,45,47],"killed_by":"conspire:OrnateMirror","ascension_level":0}}