{"host":"91yk4s6tcm9vi8ej","time":1608721532,"event":{"mods":["BaseMod","Colored Map","Colored Powertips","Highlight Path","Infinite Spire","Minty Spire (QoL Compilation)","Quick Restart","Replay The Spire","StSLib"],"gold_per_floor":[112,112,112,125,139,139,139,139,164,174,174,191,207,217,217,217,217],"floor_reached":16,"playtime":1267,"items_purged":[],"score":94,"play_id":"2c74aadc-ed35-4f95-bbed-68c4e0ab9118","local_time":"20201223190532","is_ascension_mode":false,"campfire_choices":[{"data":"Loop","floor":6,"key":"SMITH"},{"data":"Glacier","floor":8,"key":"SMITH"},{"data":"Redo","floor":11,"key":"SMITH"},{"floor":15,"key":"DIG"}],"circlet_count":0,"master_deck":["Strike_B","Strike_B","Strike_B","Defend_B","Defend_B","Zap","Dualcast","Go for the Eyes","Glacier+1","Loop+1","Redo+1","BasicCrystalCard","Compile Driver"],"relics":["Cracked Core","Regal Pillow","Smiling Mask","Bag of Preparation","Replay:Mystery Machine","Prayer Wheel"],"acts_visited":["Exordium"],"potions_floor_usage":[16,16,16],"damage_taken":[{"damage":1,"enemies":"Jaw Worm","floor":1,"turns":3},{"damage":4,"enemies":"Small Slimes","floor":4,"turns":3},{"damage":0,"enemies":"2 Louse","floor":5,"turns":2},{"damage":0,"enemies":"Looter","floor":10,"turns":4},{"damage":0,"enemies":"Large Slime","floor":12,"turns":4},{"damage":6,"enemies":"Exordium Thugs","floor":13,"turns":3},{"damage":7,"enemies":"Looter","floor":14,"turns":3},{"damage":75,"enemies":"Fading Forest","floor":16,"turns":10}],"seed_played":"4630285750112236882","potions_obtained":[{"floor":5,"key":"PowerPotion"},{"floor":10,"key":"ColorlessPotion"},{"floor":12,"key":"Regen Potion"}],"is_trial":false,"path_per_floor":["M","?","?","M","M","R","T","R","T","M","R","M","M","M","R_BF","B"],"character_chosen":"DEFECT","items_purchased":[],"campfire_rested":0,"item_purchase_floors":[],"current_hp_per_floor":[67,67,67,63,63,63,63,63,63,63,63,63,57,50,50,0,0],"gold":217,"neow_bonus":"REMOVE_TWO","is_daily":false,"chose_seed":false,"campfire_upgraded":3,"win_rate":0.0,"timestamp":1608721532,"path_taken":["M","?","?","M","M","R","?","R","T","M","R","M","M","M","R_BF","BOSS"],"items_purchased_type":[],"build_version":"2020-12-22","purchased_purges":0,"victory":false,"max_hp_per_floor":[68,68,68,68,68,68,68,68,68,68,68,68,68,68,68,68,68],"card_choices":[{"not_picked":["Leap","Steam"],"picked":"Go for the Eyes","floor":1},{"not_picked":["Coolheaded","Sweeping Beam"],"picked":"Glacier","floor":4},{"not_picked":["Capacitor","Static Discharge"],"picked":"Loop","floor":5},{"not_picked":["Biased Cognition","Static Discharge"],"picked":"Redo","floor":10},{"not_picked":["Force Field","Streamline"],"picked":"BasicCrystalCard","floor":12},{"not_picked":["Sweeping Beam","Leap"],"picked":"Compile Driver","floor":13},{"not_picked":["Cold Snap","Steam"],"picked":"ReplayTheSpireMod:Fabricate Wheel","floor":14}],"player_experience":93446,"relics_obtained":[{"floor":3,"key":"Regal Pillow"},{"floor":7,"key":"Smiling Mask"},{"floor":9,"key":"Bag of Preparation"},{"floor":15,"key":"Replay:Mystery Machine"}],"event_choices":[],"is_beta":false,"boss_relics":[],"items_purged_floors":[],"is_endless":false,"potions_floor_spawned":[5,10,12,14],"killed_by":"Fading Forest","ascension_level":0}}