{"host":"8g0y046lq89z3gxm","time":1608688117,"event":{"mods":["2.2 Compatiblity","A Magickal Journey","Abigail Mod","AchievementEnabler","Act Like it!","Aspiration","Astrologer","BaseMod","Better Note","Better Sensory Stone","Better Third Choice","Better Vampires","BetterRewards","CapriCore","Colored Powertips","Conspire","Custom Start","DeckTracker","Defuse TimeMaze Blight","Dota2Spire","Downfall","Energized Spire","Friendly Minions","Gensokyo","GifTheSpireLib","GungeonMod","Halation","Hallownest","Hermit","HololiveMod","Hubris","Infinite Spire","KiyohimeÅiê¥?Åj","Koishi","KomeijiMod","Lobotomy","LobotomyExtend","MarisaÅiñ∂âJÅ@ñÇóùçπÅj","Minty Spire (QoL Compilation)","MostiFishMod","Permanent Neow","Prisma Mod","Quarter Circle Forward PUNCH!","Railgun Mod","Rare Cards Sparkle","Relic Stats","Replay The Spire","RumiaBox-òIïƒ?ìIê_îÈ·¥éq","Shade Mod","Shop Mod","Small Relic Pack","Spicy Shops","Spire Birthday Party","StSLib","Stuff the Spire","TestMod","The Alterego","The Animator","The Blue Laboratory","The Cursed","The Forsaken","The Gatherer","The Hierophant","The Wild Card","TheSwordswoman","Uncapped","Unceasing Turn Reminder","Wandering Minibosses","WarShipGirlsR/??è≠èóR mod","Yohane!","vexMod","Åy?ï˚ìÒéü?çÏÅzî™â]éámod","Åy?ï®?îvÅzREMEMod"],"gold_per_floor":[114,214,44,58,6,34,34,34,34,66,66,80,80,99,99,204,204,221,221,241,241,251,251,263,263,263,1,1,33,33,50,50,151,151,161,212,188,200,160,160,187,198,198,230,230,245,245,264,264,181,181,187,187,28,37,52,52,66,66,66,76,80,340,340,355,355,449,449,464,344,344,357,357,378,378,387,387,337,357,369,381,408,408,494,494,494,494,442,457,457,481,489,509,557,557,557,568,592,597,597,620,620,630,630,630],"floor_reached":104,"playtime":9449,"items_purged":[],"score":2549,"play_id":"f75210b0-40c7-4705-9bac-294fc0bed9e1","local_time":"20201222174837","is_ascension_mode":false,"campfire_choices":[{"data":"DaCapo","floor":40,"key":"SMITH"},{"floor":49,"key":"DIG"}],"circlet_count":0,"master_deck":["QueenOfHatred","LongBird","SpecialBullet","SpecialBullet","SpecialBullet","SpecialBullet","InformationCode","TrainingCode","CentralCode","Gatherer:FinishingStrike","FourthMatchFlame+1","ShyLook","FourthMatchFlame","CherryBlossom","Penitence","Hornet","Tough","DisciplinaryCode","Harmony","Justitia","BlackSwan_ego","WelfareCode","Wingbeat","Wingbeat","OldLady","Beak+1","RedShoes","FourthMatchFlame+1","FourthMatchFlame","DaCapo+1","Freischutz","CrimsonScar+1","SomewhereSpear+1","CUTE","wanderingMiniBosses:FinaleOfPromise","Soda+1","Spore+1","ControlCode","BloodyDesire+1","FourthMatchFlame+1","RedEyes","infinitespire:NeuralNetwork","Gaze+1","CENSORED_ego","SecurityCode","Laetitia","Lamp+1","WristCuter","TT2Protocol","Harvest","Regret_ego","SummonCall","GoldRush","ReplayTheSpireMod:Black Plague","Laetitia_ego+1","Regret_ego","Diffraction","Twilight","ReplayTheSpireMod:Book of Names","infinitespire:Fortify","FrostShard+1","Ecstasy+1","RecordCode","Lantern","hubris:InfiniteBlow+7"],"relics":["CogitoBucket","testmod-TestBox","DaveBox","REME_ComplimentaryCards","testmod-SaigiyounoYou","BirthdayGift-Tetrahedron","Hololive_TheStar","LetterFromLob","halation:Thesaurus","Toolbox","Dota2Spire:OrchidMalevolence","Pen Nib","infinitespire:Bottled Soul","Garlic","LuminousBracelet","EasyGame_NEW","BehaviorAdjustment","InspiredRelic","REME_HourglassOfDeath","GodSword4","aspiration:SeaSaltIceCream","Shovel","hubris:BottledRain","BloodWine","Mercury Hourglass","wanderingMiniBosses:Blackblade","SkinProphecy","Dota2Spire:ArmletOfMordiggian","Dota2Spire:Desolator","infinitespire:Satchel","Mirror","hubris:Icosahedron","REME_CardOfGreed","infinitespire:Broken Mirror","StuffTheSpire:OldFever","Gensokyo:MaskOfHope","Justitia_r","hubris:Towel","Dota2Spire:PowerTreads","Mango","Replay:Baseball","infinitespire:Beetle Shell","hubris:TerracottaHorce","relicPack:DSword","Iron Hammer","DemoMod:SerJunkan","Dota2Spire:PhaseBoots","testmod-TestBox","InTheNameOfLoveAndHate_r","Nunchaku","testmod-Prudence","DemoMod:GlassGuonStoneRelic","vexMod:TimeEaterHat"],"acts_visited":["Exordium","TheCity","TheBeyond","Gensokyo:Gensokyo","Gensokyo:Gensokyoer","Gensokyo:Gensokyoest","Gensokyo:Gensokyo"],"potions_floor_usage":[33,37,50,65,99],"damage_taken":[{"damage":13,"enemies":"conspire:RoseBush","floor":1,"turns":2},{"damage":2,"enemies":"Jaw Worm","floor":4,"turns":2},{"damage":8,"enemies":"Replay:BlueRogue","floor":6,"turns":2},{"damage":2,"enemies":"Gremlin Nob","floor":10,"turns":2},{"damage":0,"enemies":"2 Louse","floor":12,"turns":1},{"damage":4,"enemies":"Exordium Wildlife","floor":14,"turns":3},{"damage":0,"enemies":"Slime Boss","floor":16,"turns":1},{"damage":2,"enemies":"Chosen","floor":18,"turns":2},{"damage":0,"enemies":"Spheric Guardian","floor":20,"turns":1},{"damage":2,"enemies":"Centurion and Healer","floor":22,"turns":2},{"damage":2,"enemies":"3 Cultists","floor":24,"turns":2},{"damage":4,"enemies":"conspire:Head Lice","floor":29,"turns":3},{"damage":6,"enemies":"Shelled Parasite and Fungi","floor":31,"turns":1},{"damage":11,"enemies":"conspire:MysteriousRune","floor":33,"turns":3},{"damage":1,"enemies":"3 Shapes","floor":35,"turns":2},{"damage":21,"enemies":"3 Darklings","floor":37,"turns":3},{"damage":0,"enemies":"Writhing Mass","floor":38,"turns":1},{"damage":0,"enemies":"Nightmare","floor":41,"turns":1},{"damage":2,"enemies":"Sphere and 2 Shapes","floor":42,"turns":2},{"damage":0,"enemies":"Nemesis","floor":44,"turns":1},{"damage":2,"enemies":"Spire Growth","floor":46,"turns":2},{"damage":1,"enemies":"Maw","floor":48,"turns":1},{"damage":75,"enemies":"FixerMidnight","floor":50,"turns":3},{"damage":1,"enemies":"Gensokyo:2_Kodama","floor":52,"turns":1},{"damage":0,"enemies":"Gensokyo:Gryphon","floor":55,"turns":1},{"damage":0,"enemies":"Gensokyo:Python","floor":56,"turns":1},{"damage":4,"enemies":"Gensokyo:CorruptedTreant","floor":58,"turns":1},{"damage":0,"enemies":"Gensokyo:Gryphon_and_Rabbit","floor":61,"turns":1},{"damage":2,"enemies":"Gensokyo:Python_and_Kodama","floor":62,"turns":2},{"damage":0,"enemies":"Gensokyo:2_Rabbits","floor":63,"turns":1},{"damage":7,"enemies":"Gensokyo:Cirno","floor":65,"turns":4},{"damage":6,"enemies":"Gensokyo:Reimu","floor":67,"turns":2},{"damage":0,"enemies":"Gensokyo:Chomper","floor":69,"turns":1},{"damage":5,"enemies":"Gensokyo:AngelMirror","floor":72,"turns":1},{"damage":0,"enemies":"Gensokyo:Tenshi","floor":74,"turns":1},{"damage":1,"enemies":"Gensokyo:Swordslinger","floor":76,"turns":1},{"damage":1,"enemies":"Gensokyo:Koishi","floor":79,"turns":1},{"damage":11,"enemies":"Gensokyo:Slime_Group","floor":80,"turns":1},{"damage":0,"enemies":"Gensokyo:Mirror_and_Dog","floor":81,"turns":1},{"damage":1,"enemies":"Gensokyo:Eiki","floor":84,"turns":1},{"damage":1,"enemies":"Gensokyo:3_Boulders","floor":89,"turns":2},{"damage":0,"enemies":"Gensokyo:Doremy","floor":91,"turns":1},{"damage":0,"enemies":"Gensokyo:AncientGuardian","floor":92,"turns":1},{"damage":35,"enemies":"Nightmare_Alpha","floor":93,"turns":3},{"damage":1,"enemies":"Gensokyo:Sharpion","floor":97,"turns":2},{"damage":0,"enemies":"Gensokyo:Doremy","floor":98,"turns":1},{"damage":1,"enemies":"Gensokyo:4_Bats","floor":99,"turns":1},{"damage":3,"enemies":"Gensokyo:Shinki","floor":101,"turns":4},{"damage":0,"enemies":"Gensokyo:3_Fairies","floor":103,"turns":2}],"seed_played":"-810691326678681047","potions_obtained":[{"floor":18,"key":"SteroidPotion"},{"floor":31,"key":"DemoMod:LeadSkinPotion"},{"floor":46,"key":"Adrenaline Potion"},{"floor":55,"key":"Swift Potion"},{"floor":62,"key":"DemoMod:LeadSkinPotion"},{"floor":63,"key":"Explosive Potion"},{"floor":69,"key":"Weak Potion"},{"floor":99,"key":"SkillPotion"}],"is_trial":false,"path_per_floor":["M","?","$","M","$","E","R","?","T","E","T","M","R","M","R","B",null,"M","?","M","?","M","R","M","NM","T","$","R","E","AVR","M","R","B",null,"M","?","M","M","?","R","NM","M","T","E","?","M","AVR","M","R","B",null,"M","?","COS","M","M","R","M","AVR","T","M","M","M","R","E","R","B",null,"M","?","AVR","M","?","E","R","M","T","?","E","M","M","T","R","B",null,"M","?","$","M","?","E","M","NM","T","R","?","M","E","M","R","B",null,"M","AVR"],"character_chosen":"Angela","items_purchased":["halation:Thesaurus","FourthMatchFlame","CherryBlossom","GodSword4","blueLaboratory:FruitPunch"],"campfire_rested":0,"item_purchase_floors":[3,3,5,27,88],"current_hp_per_floor":[61,61,61,65,65,68,68,68,68,69,69,70,70,85,85,85,85,85,85,85,85,89,89,93,93,93,93,93,93,93,88,88,94,97,97,73,101,103,103,103,105,104,104,113,113,114,114,116,116,92,119,125,125,125,127,129,129,130,130,130,133,139,141,141,143,143,145,145,147,147,147,149,149,151,151,153,167,174,176,177,180,180,180,182,182,182,182,182,184,149,165,178,175,175,175,175,192,194,198,198,200,200,202,202,202],"gold":630,"neow_bonus":"NOSTALGIA","is_daily":false,"chose_seed":false,"campfire_upgraded":1,"win_rate":0.0,"timestamp":1608688117,"path_taken":["M","?","?","M","$","E","R","?","T","E","?","M","R","M","R","BOSS","M","?","?","?","?","R","M","NM","T","?","R","E","AVR","M","R","BOSS","M","?","M","M","?","R","NM","?","T","E","?","M","AVR","M","R","BOSS","M","?","COS","M","M","R","M","AVR","T","?","M","M","R","E","R","BOSS","M","?","AVR","M","?","E","R","?","T","?","E","?","M","?","R","BOSS","M","?","$","?","?","E","?","NM","T","R","?","M","E","M","R","BOSS","M","AVR"],"items_purchased_type":["Relic","Card","Card","Relic","Potion"],"build_version":"2020-12-13","purchased_purges":0,"victory":false,"max_hp_per_floor":[70,70,70,70,70,70,70,70,70,70,70,70,70,85,85,85,85,85,85,85,85,89,89,93,93,93,93,93,93,93,93,93,97,97,97,97,101,103,103,103,105,107,107,113,113,115,115,117,117,119,119,125,125,125,127,129,129,131,131,131,133,139,141,141,143,143,145,145,147,147,147,149,149,151,151,153,167,174,176,178,180,180,180,182,182,182,182,182,184,184,186,188,190,190,190,190,192,194,198,198,200,200,202,202,202],"relic_stats":{"Nunchaku":[1],"Shovel":1,"counters":[52,84],"Pen Nib":[16],"obtain_stats":[{"Dota2Spire:PowerTreads":74,"Dota2Spire:ArmletOfMordiggian":41,"LuminousBracelet":14,"BloodWine":34,"DemoMod:GlassGuonStoneRelic":1,"SkinProphecy":37,"hubris:TerracottaHorce":85,"testmod-Prudence":102,"Iron Hammer":91,"Gensokyo:MaskOfHope":70,"testmod-TestBox":0,"aspiration:Nostalgia":0,"vexMod:TimeEaterHat":59,"Pen Nib":9,"infinitespire:Beetle Shell":82,"halation:Thesaurus":3,"aspiration:SeaSaltIceCream":29,"testmod-SaigiyounoYou":0,"Replay:Baseball":79,"REME_HourglassOfDeath":26,"wanderingMiniBosses:Blackblade":37,"infinitespire:Broken Mirror":60,"Hololive_TheStar":0,"DemoMod:SerJunkan":93,"GodSword4":27,"InspiredRelic":25,"Mirror":49,"EasyGame_NEW":17,"StuffTheSpire:OldFever":65,"Dota2Spire:Desolator":43,"Dota2Spire:PhaseBoots":94,"relicPack:DSword":90,"DaveBox":0,"InTheNameOfLoveAndHate_r":97,"Dota2Spire:OrchidMalevolence":6,"Mango":77,"Frozen Eye":79,"CogitoBucket":0,"Nunchaku":98,"Shovel":29,"hubris:Icosahedron":53,"infinitespire:Bottled Soul":10,"Toolbox":3,"BirthdayGift-Tetrahedron":0,"hubris:Towel":73,"Mercury Hourglass":36,"infinitespire:Satchel":44,"BehaviorAdjustment":24,"LetterFromLob":1,"Garlic":11,"REME_CardOfGreed":54,"Justitia_r":72,"REME_ComplimentaryCards":0,"hubris:BottledRain":30},{"Dota2Spire:PowerTreads":38,"Dota2Spire:ArmletOfMordiggian":21,"LuminousBracelet":7,"BloodWine":16,"DemoMod:GlassGuonStoneRelic":1,"SkinProphecy":19,"hubris:TerracottaHorce":43,"testmod-Prudence":51,"Iron Hammer":45,"Gensokyo:MaskOfHope":36,"testmod-TestBox":0,"aspiration:Nostalgia":0,"vexMod:TimeEaterHat":30,"Pen Nib":3,"infinitespire:Beetle Shell":42,"halation:Thesaurus":1,"aspiration:SeaSaltIceCream":14,"testmod-SaigiyounoYou":0,"Replay:Baseball":40,"REME_HourglassOfDeath":13,"wanderingMiniBosses:Blackblade":19,"infinitespire:Broken Mirror":30,"Hololive_TheStar":0,"DemoMod:SerJunkan":47,"GodSword4":13,"InspiredRelic":13,"Mirror":25,"EasyGame_NEW":8,"StuffTheSpire:OldFever":34,"Dota2Spire:Desolator":22,"Dota2Spire:PhaseBoots":47,"relicPack:DSword":44,"DaveBox":0,"InTheNameOfLoveAndHate_r":48,"Dota2Spire:OrchidMalevolence":3,"Mango":39,"Frozen Eye":39,"CogitoBucket":0,"Nunchaku":49,"Shovel":14,"hubris:Icosahedron":27,"infinitespire:Bottled Soul":4,"Toolbox":1,"BirthdayGift-Tetrahedron":0,"hubris:Towel":37,"Mercury Hourglass":17,"infinitespire:Satchel":23,"BehaviorAdjustment":13,"LetterFromLob":1,"Garlic":4,"REME_CardOfGreed":27,"Justitia_r":37,"REME_ComplimentaryCards":0,"hubris:BottledRain":14},{"Dota2Spire:PowerTreads":63,"Dota2Spire:ArmletOfMordiggian":37,"LuminousBracelet":13,"BloodWine":29,"DemoMod:GlassGuonStoneRelic":2,"SkinProphecy":35,"hubris:TerracottaHorce":68,"testmod-Prudence":82,"Iron Hammer":71,"Gensokyo:MaskOfHope":61,"testmod-TestBox":0,"aspiration:Nostalgia":0,"vexMod:TimeEaterHat":50,"Pen Nib":6,"infinitespire:Beetle Shell":67,"halation:Thesaurus":2,"aspiration:SeaSaltIceCream":25,"testmod-SaigiyounoYou":0,"Replay:Baseball":65,"REME_HourglassOfDeath":22,"wanderingMiniBosses:Blackblade":35,"infinitespire:Broken Mirror":50,"Hololive_TheStar":0,"DemoMod:SerJunkan":75,"GodSword4":22,"InspiredRelic":22,"Mirror":43,"EasyGame_NEW":14,"StuffTheSpire:OldFever":58,"Dota2Spire:Desolator":39,"Dota2Spire:PhaseBoots":75,"relicPack:DSword":70,"DaveBox":0,"InTheNameOfLoveAndHate_r":76,"Dota2Spire:OrchidMalevolence":6,"Mango":64,"Frozen Eye":64,"CogitoBucket":0,"Nunchaku":77,"Shovel":25,"hubris:Icosahedron":47,"infinitespire:Bottled Soul":8,"Toolbox":2,"BirthdayGift-Tetrahedron":0,"hubris:Towel":62,"Mercury Hourglass":31,"infinitespire:Satchel":40,"BehaviorAdjustment":22,"LetterFromLob":2,"Garlic":8,"REME_CardOfGreed":47,"Justitia_r":62,"REME_ComplimentaryCards":0,"hubris:BottledRain":25}],"Mercury Hourglass":[231]},"card_choices":[{"not_picked":["LifeForTheDareDevil","CherryBlossom"],"picked":"FourthMatchFlame","floor":1},{"not_picked":["WallGazer","CherryBlossoms"],"picked":"ShyLook","floor":1},{"not_picked":["Tough","Lantern"],"picked":"Lamp","floor":4},{"not_picked":["InTheNameOfLoveAndHate","Galaxy"],"picked":"Penitence","floor":6},{"not_picked":["Scorched","PunishingBird"],"picked":"Bloodbath","floor":6},{"not_picked":["Hypocrisy","Horn"],"picked":"Hornet","floor":10},{"not_picked":["Hypocrisy","BlackSwan_ego"],"picked":"Tough","floor":12},{"not_picked":["Penitence","Hypocrisy"],"picked":"Harmony","floor":14},{"not_picked":["Mimicry","Pinks"],"picked":"Justitia","floor":16},{"not_picked":["RapturousDream","Noise"],"picked":"BlackSwan_ego","floor":18},{"not_picked":["Hornet","Horn"],"picked":"Wingbeat","floor":20},{"not_picked":["Penitence","Horn"],"picked":"Wingbeat","floor":22},{"not_picked":["Alriune","BeautyBeast"],"picked":"OldLady","floor":22},{"not_picked":["ParadiseLost","FrostShard"],"picked":"Beak","floor":24},{"not_picked":["Alriune","PunishingBird"],"picked":"RedShoes","floor":24},{"not_picked":["Twilight","FrostShard"],"picked":"FourthMatchFlame+1","floor":29},{"not_picked":["CherryBlossom+1","CUTE"],"picked":"FourthMatchFlame","floor":31},{"not_picked":["TheSmile","Justitia"],"picked":"DaCapo","floor":33},{"not_picked":["Porccubus","WallGazer"],"picked":"Freischutz","floor":33},{"not_picked":["Moonlight","Horn+1"],"picked":"CrimsonScar+1","floor":35},{"not_picked":["Tough+1","Penitence"],"picked":"SomewhereSpear+1","floor":36},{"not_picked":["Galaxy","Hypocrisy+1"],"picked":"CUTE","floor":36},{"not_picked":[],"picked":"wanderingMiniBosses:FinaleOfPromise","floor":37},{"not_picked":["BearPaw+1","Christmas+1"],"picked":"Soda+1","floor":37},{"not_picked":["GalaxyChild","MeltingLove"],"picked":"DespairKnight","floor":37},{"not_picked":["WristCuter","Pleasure+1"],"picked":"Spore+1","floor":38},{"not_picked":["BearPaw","ShedSkin","SwordSharpenedByTears"],"picked":"SKIP","floor":41},{"not_picked":["WristCuter","Horn+1"],"picked":"BloodyDesire+1","floor":42},{"not_picked":["SingingMachine","UniverseFragment"],"picked":"QueenOfHatred","floor":44},{"not_picked":["Loneliness+1","Tough+1"],"picked":"FourthMatchFlame+1","floor":44},{"not_picked":["Wingbeat+1","Penitence+1"],"picked":"RedEyes","floor":46},{"not_picked":["FrostShard+1","RapturousDream"],"picked":"Gaze+1","floor":48},{"not_picked":["Adoration","Pinks"],"picked":"CENSORED_ego","floor":50},{"not_picked":["BodiesMountain","SingingMachine"],"picked":"Laetitia","floor":52},{"not_picked":["Loneliness","Amita","RedEyes"],"picked":"SKIP","floor":52},{"not_picked":["Galaxy","LifeForTheDareDevil","TodaysExpression"],"picked":"SKIP","floor":55},{"not_picked":["Wingbeat","MagicBullet","TodaysExpression"],"picked":"SKIP","floor":56},{"not_picked":["SolemnVow","LifeForTheDareDevil"],"picked":"Lamp","floor":58},{"not_picked":["Spore","CherryBlossom"],"picked":"WristCuter","floor":61},{"not_picked":["NothingThere","FieryBird"],"picked":"LongBird","floor":62},{"not_picked":["Noise","SolemnVow","SoundOfStar"],"picked":"SKIP","floor":62},{"not_picked":["Noise","SolemnVow","SoundOfStar"],"picked":"SKIP","floor":62},{"not_picked":["Lamp","BloodyDesire"],"picked":"Harvest","floor":63},{"not_picked":["Loneliness","ScreamingWedge"],"picked":"Regret_ego","floor":65},{"not_picked":["CENSORED_ego","Justitia"],"picked":"GoldRush","floor":67},{"not_picked":["Hypocrisy+1","Soda","Horn"],"picked":"SKIP","floor":69},{"not_picked":["RedEyes","GrinderMk4"],"picked":"Laetitia_ego+1","floor":72},{"not_picked":["Penitence","Tough","InTheNameOfLoveAndHate+1"],"picked":"SKIP","floor":74},{"not_picked":["ScreamingWedge+1","Loneliness+1"],"picked":"Regret_ego","floor":76},{"not_picked":["MagicBullet+1","Lamp","WristCuter"],"picked":"SKIP","floor":79},{"not_picked":["Regret_ego","Noise+1","Lamp"],"picked":"SKIP","floor":80},{"not_picked":["RapturousDream","CUTE"],"picked":"Diffraction","floor":81},{"not_picked":["Justitia","CENSORED_ego"],"picked":"Twilight","floor":84},{"not_picked":["ReplayTheSpireMod:??????????????????????","infinitespire:NeuralNetwork"],"picked":"ReplayTheSpireMod:Book of Names","floor":84},{"not_picked":["Wingbeat","BearPaw+1","Beak+1"],"picked":"SKIP","floor":89},{"not_picked":["BearPaw","CUTE","Horn"],"picked":"SKIP","floor":91},{"not_picked":["WristCuter+1","Harmony+1","ShedSkin+1"],"picked":"SKIP","floor":92},{"not_picked":["WristCuter+1","Harmony+1","ShedSkin+1"],"picked":"SKIP","floor":92},{"not_picked":["ReplayTheSpireMod:??????????????????????","infinitespire:Menacing"],"picked":"infinitespire:Fortify","floor":93},{"not_picked":["Horn+1","CherryBlossom+1"],"picked":"FrostShard+1","floor":93},{"not_picked":["Loneliness","SomewhereSpear+1","Horn+1"],"picked":"SKIP","floor":97},{"not_picked":["RedEyes+1","Soda"],"picked":"Ecstasy+1","floor":98},{"not_picked":["Beak+1","Hypocrisy+1","Wingbeat+1"],"picked":"SKIP","floor":99},{"not_picked":["Noise","RapturousDream"],"picked":"Lantern","floor":103}],"player_experience":220656,"relics_obtained":[{"floor":1,"key":"LetterFromLob"},{"floor":6,"key":"Dota2Spire:OrchidMalevolence"},{"floor":9,"key":"Pen Nib"},{"floor":10,"key":"infinitespire:Bottled Soul"},{"floor":11,"key":"Garlic"},{"floor":26,"key":"REME_HourglassOfDeath"},{"floor":29,"key":"aspiration:SeaSaltIceCream"},{"floor":36,"key":"Mercury Hourglass"},{"floor":37,"key":"wanderingMiniBosses:Blackblade"},{"floor":41,"key":"Dota2Spire:ArmletOfMordiggian"},{"floor":43,"key":"Dota2Spire:Desolator"},{"floor":44,"key":"infinitespire:Satchel"},{"floor":49,"key":"Mirror"},{"floor":60,"key":"infinitespire:Broken Mirror"},{"floor":65,"key":"StuffTheSpire:OldFever"},{"floor":74,"key":"Dota2Spire:PowerTreads"},{"floor":77,"key":"Mango"},{"floor":79,"key":"Replay:Baseball"},{"floor":82,"key":"infinitespire:Beetle Shell"},{"floor":91,"key":"Iron Hammer"},{"floor":93,"key":"DemoMod:SerJunkan"},{"floor":94,"key":"Dota2Spire:PhaseBoots"},{"floor":98,"key":"Nunchaku"}],"event_choices":[{"damage_healed":0,"gold_gain":100,"player_choice":"Pray","damage_taken":0,"max_hp_gain":0,"max_hp_loss":0,"event_name":"Golden Shrine","floor":2,"gold_loss":0},{"damage_healed":0,"gold_gain":0,"player_choice":"Ignored","damage_taken":0,"max_hp_gain":0,"max_hp_loss":0,"event_name":"N\u0027loth","floor":19,"gold_loss":0},{"cards_removed":["ShyLook"],"damage_healed":0,"gold_gain":0,"player_choice":"Give","damage_taken":0,"max_hp_gain":0,"max_hp_loss":0,"event_name":"betterNote:BetterNote","floor":21,"gold_loss":0,"cards_obtained":["None"]},{"damage_healed":0,"gold_gain":0,"player_choice":"Upgraded Two","damage_taken":0,"max_hp_gain":0,"max_hp_loss":0,"event_name":"Designer","floor":39,"gold_loss":40,"cards_upgraded":["FourthMatchFlame","Beak"]},{"cards_removed":["Bloodbath"],"damage_healed":5,"gold_gain":0,"player_choice":"Offered Common","damage_taken":0,"max_hp_gain":0,"max_hp_loss":0,"event_name":"Bonfire Elementals","floor":45,"gold_loss":0},{"cards_removed":["Bloodbath"],"damage_healed":5,"gold_gain":0,"player_choice":"Offered Special","damage_taken":0,"max_hp_gain":0,"max_hp_loss":0,"event_name":"Bonfire Elementals","floor":45,"gold_loss":0},{"damage_healed":0,"gold_gain":0,"player_choice":"Swap Relic","damage_taken":0,"relics_obtained":["testmod-TestBox"],"max_hp_gain":0,"max_hp_loss":0,"event_name":"Box For Yourself","floor":96,"relics_lost":["vexMod:TimeEaterHat"],"gold_loss":0}],"is_beta":false,"boss_relics":[{"not_picked":["RhineCircuit","qcfpunch:Crimson_Sash"],"picked":"EasyGame_NEW"},{"not_picked":["Honey Jar","halation:HeavySnake"],"picked":"BloodWine"},{"not_picked":["hubris:CrackedHourglass","ReplayTheSpireMod:DimensionalGlitch","SynthV:MejaisSoulstealer"]},{"not_picked":["Empty Cage","energizedSpire:DeadBattery","halation:PlatinumPhoenix"]},{"not_picked":["Hololive_TopUpMoneyS","qcfpunch:Killian_Engine_Alpha"],"picked":"hubris:TerracottaHorce"},{"not_picked":["Ring of Chaos","vexMod:CursedCompass"],"picked":"testmod-Prudence"}],"items_purged_floors":[],"is_endless":true,"potions_floor_spawned":[18,31,46,55,62,63,69,80,81,99],"ascension_level":0}}