{"host":"sa7ebub27cgn5wai","time":1608727728,"event":{"mods":["BaseMod","Colored Map","Minty Spire (QoL Compilation)","SuperFastMode"],"gold_per_floor":[110,123,138,63,83,83,97,97,97,109,109,184,184,35,35,158,158,173,189,89,110,135,135,148,148,203,226,30,30,30,48,48,178,178,201,121,484,497,497,497],"floor_reached":39,"playtime":1042,"items_purged":["Strike_B","Fission","Conserve Battery"],"score":400,"play_id":"78e04530-ba97-4013-b379-ed4a8cdc6d28","local_time":"20201223214848","is_ascension_mode":false,"campfire_choices":[{"data":"Zap","floor":6,"key":"SMITH"},{"data":"Dualcast","floor":8,"key":"SMITH"},{"data":"Hologram","floor":11,"key":"SMITH"},{"data":"Hologram","floor":15,"key":"SMITH"},{"data":"Rainbow","floor":23,"key":"SMITH"},{"data":"Consume","floor":29,"key":"SMITH"},{"floor":32,"key":"REST"}],"circlet_count":0,"master_deck":["Zap+1","Dualcast+1","Conserve Battery","Conserve Battery","Hologram+1","Hologram+1","Reboot","Buffer","Rainbow+1","Cold Snap","Storm","FTL","Static Discharge+1","Storm+1","Conserve Battery+1","Consume+1","Coolheaded","Seek","Rainbow","Storm"],"relics":["Cracked Core","NeowsBlessing","Shuriken","Golden Idol","Runic Capacitor","Pandora\u0027s Box","Juzu Bracelet","Inserter","Old Coin"],"acts_visited":["Exordium","TheCity","TheBeyond"],"potions_floor_usage":[33,33,39,39],"damage_taken":[{"damage":0,"enemies":"Cultist","floor":1,"turns":1},{"damage":0,"enemies":"Small Slimes","floor":2,"turns":1},{"damage":0,"enemies":"Jaw Worm","floor":3,"turns":1},{"damage":0,"enemies":"Exordium Wildlife","floor":5,"turns":4},{"damage":0,"enemies":"Looter","floor":7,"turns":3},{"damage":3,"enemies":"3 Louse","floor":10,"turns":3},{"damage":34,"enemies":"Hexaghost","floor":16,"turns":12},{"damage":4,"enemies":"3 Byrds","floor":18,"turns":5},{"damage":6,"enemies":"Spheric Guardian","floor":19,"turns":4},{"damage":5,"enemies":"Shelled Parasite and Fungi","floor":21,"turns":4},{"damage":8,"enemies":"3 Cultists","floor":22,"turns":4},{"damage":7,"enemies":"Snake Plant","floor":24,"turns":3},{"damage":0,"enemies":"Snecko","floor":27,"turns":5},{"damage":19,"enemies":"Chosen and Byrds","floor":31,"turns":5},{"damage":33,"enemies":"Champ","floor":33,"turns":8},{"damage":42,"enemies":"3 Shapes","floor":35,"turns":5},{"damage":0,"enemies":"Mind Bloom Boss Battle","floor":37,"turns":5},{"damage":28,"enemies":"3 Darklings","floor":38,"turns":4},{"damage":6,"enemies":"Writhing Mass","floor":39,"turns":1}],"seed_played":"1249343147545561098","potions_obtained":[{"floor":5,"key":"Energy Potion"},{"floor":10,"key":"GamblersBrew"},{"floor":18,"key":"BlessingOfTheForge"},{"floor":31,"key":"FocusPotion"},{"floor":37,"key":"LiquidMemories"}],"is_trial":false,"path_per_floor":["M","M","M","$","M","R","M","R","T","M","R","?","?","$","R","B",null,"M","M","$","M","M","R","M","?","T","M","$","R","$","M","R","B",null,"M","$","?","M","M"],"character_chosen":"DEFECT","items_purchased":["Runic Capacitor","Consume","Rainbow"],"campfire_rested":1,"item_purchase_floors":[14,28,36],"current_hp_per_floor":[75,75,75,75,75,75,75,75,75,72,72,61,43,43,43,9,75,71,65,65,60,52,52,45,45,45,45,45,45,45,26,48,15,75,33,33,33,5,0,0],"gold":497,"neow_bonus":"THREE_ENEMY_KILL","is_daily":false,"chose_seed":false,"campfire_upgraded":6,"win_rate":0.0,"timestamp":1608727728,"path_taken":["M","M","M","$","M","R","M","R","T","M","R","?","?","$","R","BOSS","M","M","$","M","M","R","M","?","T","M","$","R","$","M","R","BOSS","M","$","?","M","M"],"items_purchased_type":["Relic","Card","Card"],"build_version":"2020-12-22","purchased_purges":3,"victory":false,"max_hp_per_floor":[75,75,75,75,75,75,75,75,75,75,75,75,75,75,75,75,75,75,75,75,75,75,75,75,75,75,75,75,75,75,75,75,75,75,75,75,75,75,75,75],"card_choices":[{"not_picked":["Sweeping Beam","Compile Driver"],"picked":"Conserve Battery","floor":1},{"not_picked":["Aggregate","Sweeping Beam"],"picked":"Conserve Battery","floor":2},{"not_picked":["Capacitor","Turbo"],"picked":"Hologram","floor":3},{"not_picked":["Gash","Go for the Eyes","Barrage"],"picked":"SKIP","floor":5},{"not_picked":["Steam","Leap"],"picked":"Hologram","floor":7},{"not_picked":["Leap","Reprogram","Hyperbeam"],"picked":"SKIP","floor":10},{"not_picked":["Meteor Strike","Core Surge"],"picked":"Reboot","floor":16},{"not_picked":["Hologram","Conserve Battery"],"picked":"Static Discharge+1","floor":18},{"not_picked":["Hello World","Cold Snap"],"picked":"Storm+1","floor":19},{"not_picked":["Leap","Sweeping Beam","Hologram"],"picked":"SKIP","floor":21},{"not_picked":["Auto Shields","FTL"],"picked":"Conserve Battery+1","floor":22},{"not_picked":["Steam","Leap","Beam Cell+1"],"picked":"SKIP","floor":24},{"not_picked":["Hologram","Double Energy","Reinforced Body"],"picked":"SKIP","floor":27},{"not_picked":["Conserve Battery","Rebound"],"picked":"Coolheaded","floor":31},{"not_picked":["Meteor Strike","Fission"],"picked":"Seek","floor":33},{"not_picked":["Go for the Eyes","Doom and Gloom","Streamline"],"picked":"SKIP","floor":35},{"not_picked":["Gash+1","Sunder"],"picked":"Storm","floor":38}],"player_experience":272358,"relics_obtained":[{"floor":9,"key":"Shuriken"},{"floor":26,"key":"Juzu Bracelet"},{"floor":37,"key":"Old Coin"}],"event_choices":[{"damage_healed":0,"gold_gain":75,"player_choice":"Gather Gold","damage_taken":11,"max_hp_gain":0,"max_hp_loss":0,"event_name":"World of Goop","floor":12,"gold_loss":0},{"damage_healed":0,"gold_gain":0,"player_choice":"Take Damage","damage_taken":18,"relics_obtained":["Golden Idol"],"max_hp_gain":0,"max_hp_loss":0,"event_name":"Golden Idol","floor":13,"gold_loss":0},{"damage_healed":0,"gold_gain":0,"player_choice":"Ignored","damage_taken":0,"max_hp_gain":0,"max_hp_loss":0,"event_name":"Vampires","floor":25,"gold_loss":0},{"damage_healed":0,"gold_gain":0,"player_choice":"Fight","damage_taken":0,"max_hp_gain":0,"max_hp_loss":0,"event_name":"MindBloom","floor":37,"gold_loss":0}],"is_beta":false,"boss_relics":[{"not_picked":["Runic Dome","Ectoplasm"],"picked":"Pandora\u0027s Box"},{"not_picked":["FrozenCore","Tiny House"],"picked":"Inserter"}],"items_purged_floors":[4,20,28],"is_endless":false,"potions_floor_spawned":[5,10,18,21,27,31,37],"killed_by":"Writhing Mass","ascension_level":0}}