{"host":"njruw0b0uprlitpx","time":1608702327,"event":{"mods":["2.2 Compatiblity","Astrologer","BaseMod","Better Altar","Better Match","Better Note","Better Sensory Stone","Better Skull","Better Third Choice","BetterRewards","Block Reminder","Colored Map","Colored Powertips","Hermit","Jedi Mod","Keyboard Shortcuts","Minty Spire (QoL Compilation)","Quick Restart","Relic Stats","Replay The Spire","SacredBarkPlus","Spicy Shops","StSLib","SuperFastMode","The Construct","The Cursed","The Marked","The Mystic","The Necromancer","The Spell Scribe"],"gold_per_floor":[118,118,135,100,112,123,123,136,136,167,167,167,177,203,203,298,298,315,315,26,37,37,37,47,73,146,20,20,34,34,51,51,149,149,168,168,187,197,240,240,257,302,302,302,302,20,20,20,20,20],"floor_reached":51,"playtime":1825,"items_purged":["Decay","Pain"],"score":1002,"play_id":"1fe9124a-bb5f-45f3-a082-044c23a9d0ff","local_time":"20201222234527","is_ascension_mode":false,"campfire_choices":[{"data":"construct:Hazardproof","floor":7.0,"key":"SMITH"},{"data":"construct:Chainstrike+1","floor":12,"key":"SMITH"},{"floor":15,"key":"REST"},{"data":"construct:SiegeForm","floor":23,"key":"SMITH"},{"data":"construct:SiegeForm+1","floor":28,"key":"SMITH"},{"data":"construct:VentSteam","floor":30,"key":"SMITH"},{"data":"construct:Isolate","floor":32,"key":"SMITH"},{"data":"construct:MemoryTap","floor":40,"key":"SMITH"},{"data":"construct:HeavyBolt+1","floor":44,"key":"SMITH"},{"data":"construct:GatlingGun","floor":49,"key":"SMITH"}],"circlet_count":0,"master_deck":["construct:Strike_Gold+2","construct:Strike_Gold+2","construct:Strike_Gold+2","construct:Strike_Gold+2","construct:Strike_Gold+2","construct:Defend_Gold+2","construct:Defend_Gold+2","construct:Defend_Gold+2","construct:Defend_Gold+2","construct:Defend_Gold+2","construct:AttackMode+1","construct:Chainstrike+2","construct:OneWayMirror+1","construct:FierceBash+1","construct:FierceBash+1","Pot Of Greed+1","Pot Of Greed+1","construct:SaveState+1","construct:Antimatter+1","construct:Hazardproof+2","construct:Backfire+1","construct:VentSteam+2","construct:ReactiveShield+1","construct:SyphonStrike+1","construct:SiegeForm+2","Pot Of Greed+1","construct:Backup+2","mysticmod:Dedication+3","construct:Electrocute+1","construct:CriticalHit+1","construct:Missile+1","construct:Isolate+2","construct:MemoryTap+2","AbeCurse","construct:HeavyBolt+2","construct:Disrupt+2","construct:CripplingShot+2","Pot Of Greed","construct:HeavyBolt+2","construct:SpinDrive+1","AscendersBane","construct:GatlingGun+1"],"relics":["construct:ClockworkPhoenix","Mango","TungstenRod","Chemical X","Grinning Jar","Replay:Accelerometer","Bottled Flame","Bottled Lightning","ReplayTheSpireMod:TigerMarble","construct:WeddingRing","Durian","Smiling Mask","Chameleon Ring","InkBottle","Abe\u0027s Treasure","Lizard Tail","Frozen Egg 2","Mark of the Bloom","DollysMirror"],"acts_visited":["Exordium","TheCity","TheBeyond"],"potions_floor_usage":[14,16,16,33,50],"damage_taken":[{"damage":0.0,"enemies":"2 Louse","floor":1.0,"turns":2.0},{"damage":0.0,"enemies":"Jaw Worm","floor":3.0,"turns":2.0},{"damage":0.0,"enemies":"Cultist","floor":5.0,"turns":3.0},{"damage":0.0,"enemies":"Red Slaver","floor":6.0,"turns":3.0},{"damage":0.0,"enemies":"Large Slime","floor":8.0,"turns":3.0},{"damage":3,"enemies":"Replay:BlueRogue","floor":10,"turns":6},{"damage":9,"enemies":"Looter","floor":13,"turns":2},{"damage":15,"enemies":"3 Sentries","floor":14,"turns":5},{"damage":4,"enemies":"Slime Boss","floor":16,"turns":3},{"damage":10,"enemies":"Shell Parasite","floor":18,"turns":4},{"damage":1,"enemies":"2 Thieves","floor":21,"turns":3},{"damage":0,"enemies":"Sentry and Sphere","floor":24,"turns":3},{"damage":2,"enemies":"Replay:Snechameleon","floor":25,"turns":3},{"damage":0,"enemies":"Shelled Parasite and Fungi","floor":29,"turns":3},{"damage":0,"enemies":"Chosen and Byrds","floor":31,"turns":5},{"damage":0,"enemies":"Champ","floor":33,"turns":8},{"damage":0,"enemies":"3 Darklings","floor":35,"turns":4},{"damage":0,"enemies":"3 Shapes","floor":37,"turns":2},{"damage":0,"enemies":"Transient","floor":38,"turns":5},{"damage":0,"enemies":"4 Shapes","floor":39,"turns":3},{"damage":0,"enemies":"Writhing Mass","floor":41,"turns":1},{"damage":8,"enemies":"2 Orb Walkers","floor":42,"turns":3},{"damage":11,"enemies":"Time Eater","floor":50,"turns":5}],"seed_played":"-8778519069020179688","potions_obtained":[{"floor":3.0,"key":"Fire Potion"},{"floor":5.0,"key":"FearPotion"},{"floor":10,"key":"Milkshake"},{"floor":14,"key":"AttackPotion"},{"floor":25,"key":"SpeedPotion"},{"floor":33,"key":"Fruit Juice"},{"floor":37,"key":"BlessingOfTheForge"},{"floor":42,"key":"Fire Potion"}],"is_trial":false,"path_per_floor":["M","?","M","?","M","M","R","M","T","E","?","R","M","E","R","B",null,"M","?","$","M","?","R","M","E","T","$","R","M","R","M","R","B",null,"M","?","M","M","M","R","M","?","T","R","?","$","?","?","R","B",null],"character_chosen":"THE_CONSTRUCT_MOD","items_purchased":["construct:Chainstrike+1","TungstenRod","Chemical X","construct:OneWayMirror","construct:FierceBash","Durian","InkBottle","DollysMirror","jedi:StrikingPotion","ColorlessPotion","construct:SpinDrive+1"],"campfire_rested":1,"item_purchase_floors":[0,0,0,0,0,20,27,46,46,46,46],"current_hp_per_floor":[99,68,68,92,92,92,92,92,92,89,57,57,48,33,62,58,99,89,89,94,93,93,93,93,91,91,91,91,91,91,91,91,98,111,111,111,111,111,111,111,111,103,103,103,103,103,103,103,103,92],"gold":20,"neow_bonus":"","is_daily":false,"chose_seed":false,"campfire_upgraded":9,"win_rate":0.0,"timestamp":1608702327,"path_taken":["M","?","M","?","M","M","R","?","T","E","?","R","M","E","R","BOSS","M","?","$","M","?","R","M","E","T","$","R","M","R","M","R","BOSS","M","?","M","?","M","R","M","?","T","R","?","$","?","?","R","BOSS"],"items_purchased_type":["Card","Relic","Relic","Card","Card","Relic","Relic","Relic","Potion","Potion","Card"],"build_version":"2020-12-22","purchased_purges":2,"victory":true,"max_hp_per_floor":[99,99,99,99,99,99,99,99,99,99,99,99,99,99,99,99,99,99,99,104,104,104,104,104,104,104,104,104,104,104,104,104,111,111,111,111,111,111,111,111,111,111,111,111,111,111,111,111,111,111],"relic_stats":{"Lizard Tail":0,"Mark of the Bloom":0,"counters":[74,351],"Chemical X":[3],"Smiling Mask":50,"obtain_stats":[{"CeramicFish":0,"Vajra":9,"jedi:command_rare":46,"wanderingMiniBosses:OtherGremlinHorn":21,"Lizard Tail":13,"HollowMod:PaleOreRelic":28,"Replay:Bottled Steam":8,"ReplayTheSpireMod:CursedCoin":11,"Oddly Smooth Stone":28,"theSleuth:BowenStilsonDogg":9,"theSleuth:Typewriter":0,"Replay:Kaleidoscope":0,"potionbrewer:Torch":11,"jedi:heavyjacket":39,"OrangePellets":39,"ReplayTheSpireMod:Shallot":5,"Simple Rune":40,"ReplayTheSpireMod:TigerMarble":43,"ReplayFunnel":30,"Lantern":14,"aspiration:Lifesprig":26,"Snecko Heart":17,"Torii":33,"Angel_Ring":45,"Painkiller Herb":17,"mysticmod:SpellBook":46,"CloakClasp":46,"Bag of Preparation":39,"theSleuth:JesterOfEncumbrance":31,"Replay:Rubber Ducky":5,"Dream Catcher":29,"Nunchaku":3,"Replay:Bandana":40,"Shovel":9,"Gambling Chip":0,"Pantograph":24,"Genji_Glove":0,"Red Mask":27,"Chemical X":36,"Runic Pyramid":34,"Gremlin Food":24,"energizedSpire:RedRose":36,"ReplayTheSpireMod:Ninjato":0,"Replay:Towering Pillar of Hats":0,"Golden Idol":5,"PreservedInsect":26,"Replay:WaspNest":0,"Odd Mushroom":7,"Orichalcum":43,"Replay:Arrowhead":26,"White Beast Statue":11,"Anchor":0,"potionbrewer:BoosterPack":10,"Ornamental Fan":9,"jedi:ominousloannote":39,"Bottled Lightning":25,"ReplayTheSpireMod:Ring of Challenge":2},{"CeramicFish":19,"Vajra":22,"jedi:command_rare":48,"wanderingMiniBosses:OtherGremlinHorn":36,"Lizard Tail":56,"HollowMod:PaleOreRelic":10,"Replay:Bottled Steam":28,"ReplayTheSpireMod:CursedCoin":29,"Oddly Smooth Stone":63,"theSleuth:BowenStilsonDogg":3,"theSleuth:Typewriter":0,"Replay:Kaleidoscope":51,"potionbrewer:Torch":4,"jedi:heavyjacket":68,"OrangePellets":68,"ReplayTheSpireMod:Shallot":26,"Simple Rune":69,"ReplayTheSpireMod:TigerMarble":47,"ReplayFunnel":41,"Lantern":6,"aspiration:Lifesprig":9,"Snecko Heart":7,"Torii":14,"Angel_Ring":17,"Painkiller Herb":32,"mysticmod:SpellBook":48,"CloakClasp":48,"Bag of Preparation":68,"theSleuth:JesterOfEncumbrance":12,"Replay:Rubber Ducky":52,"Dream Catcher":11,"Nunchaku":20,"Replay:Bandana":46,"Shovel":28,"Gambling Chip":19,"Pantograph":61,"Genji_Glove":51,"Red Mask":10,"Chemical X":44,"Runic Pyramid":43,"Gremlin Food":9,"energizedSpire:RedRose":15,"ReplayTheSpireMod:Ninjato":19,"Replay:Towering Pillar of Hats":25,"Golden Idol":1,"PreservedInsect":38,"Replay:WaspNest":51,"Odd Mushroom":2,"Orichalcum":17,"Replay:Arrowhead":9,"White Beast Statue":29,"Anchor":51,"potionbrewer:BoosterPack":3,"Ornamental Fan":53,"jedi:ominousloannote":68,"Bottled Lightning":38,"ReplayTheSpireMod:Ring of Challenge":20},{"CeramicFish":119,"Vajra":127,"jedi:command_rare":233,"wanderingMiniBosses:OtherGremlinHorn":198,"Lizard Tail":266,"HollowMod:PaleOreRelic":63,"Replay:Bottled Steam":164,"ReplayTheSpireMod:CursedCoin":166,"Oddly Smooth Stone":299,"theSleuth:BowenStilsonDogg":14,"theSleuth:Typewriter":0,"Replay:Kaleidoscope":246,"potionbrewer:Torch":21,"jedi:heavyjacket":323,"OrangePellets":323,"ReplayTheSpireMod:Shallot":153,"Simple Rune":326,"ReplayTheSpireMod:TigerMarble":230,"ReplayFunnel":212,"Lantern":34,"aspiration:Lifesprig":58,"Snecko Heart":44,"Torii":80,"Angel_Ring":99,"Painkiller Herb":181,"mysticmod:SpellBook":233,"CloakClasp":233,"Bag of Preparation":323,"theSleuth:JesterOfEncumbrance":73,"Replay:Rubber Ducky":248,"Dream Catcher":69,"Nunchaku":121,"Replay:Bandana":228,"Shovel":164,"Gambling Chip":119,"Pantograph":289,"Genji_Glove":246,"Red Mask":63,"Chemical X":221,"Runic Pyramid":218,"Gremlin Food":58,"energizedSpire:RedRose":91,"ReplayTheSpireMod:Ninjato":119,"Replay:Towering Pillar of Hats":151,"Golden Idol":2,"PreservedInsect":204,"Replay:WaspNest":246,"Odd Mushroom":9,"Orichalcum":99,"Replay:Arrowhead":58,"White Beast Statue":166,"Anchor":246,"potionbrewer:BoosterPack":14,"Ornamental Fan":254,"jedi:ominousloannote":323,"Bottled Lightning":204,"ReplayTheSpireMod:Ring of Challenge":121}],"TungstenRod":27,"InkBottle":[17]},"card_choices":[{"not_picked":["construct:Accumulate","construct:FlakBarrage","construct:Anticipate"],"picked":"SKIP","floor":1.0},{"not_picked":["construct:ModeShift","construct:Accumulate"],"picked":"construct:SaveState","floor":3.0},{"not_picked":["construct:Autoturret","construct:FlameCore"],"picked":"construct:Antimatter","floor":5.0},{"not_picked":["construct:Boost","construct:FlameCore"],"picked":"construct:Hazardproof","floor":6.0},{"not_picked":["construct:SaveState","construct:ShiftStrike"],"picked":"construct:Backfire","floor":8.0},{"not_picked":["construct:HeavyBolt","construct:Analyze"],"picked":"construct:VentSteam","floor":10},{"not_picked":["construct:Backup","construct:ShiftStrike"],"picked":"construct:ReactiveShield","floor":13},{"not_picked":["construct:HeavyBolt","construct:FocusedBeam"],"picked":"construct:SyphonStrike","floor":14},{"not_picked":["construct:Reserves","construct:BatteryCore"],"picked":"construct:SiegeForm","floor":16},{"not_picked":["construct:FocusedBeam","construct:ScrapCannon+1"],"picked":"construct:Backup+1","floor":18},{"not_picked":["construct:SyphonStrike","construct:HeavyBolt","construct:Failsafe+1"],"picked":"SKIP","floor":21},{"not_picked":["construct:Synchronize","construct:ModeShift"],"picked":"construct:Electrocute","floor":24},{"not_picked":["construct:ModeShift","construct:Autoturret+1"],"picked":"construct:CriticalHit","floor":25},{"not_picked":["construct:FocusedBeam","construct:Chainstrike"],"picked":"construct:Missile","floor":29},{"not_picked":["construct:OmegaCannon","construct:ScrapCannon+1"],"picked":"construct:Isolate","floor":31},{"not_picked":["construct:ShiftingStance","construct:Multistage"],"picked":"construct:MemoryTap","floor":33},{"not_picked":["construct:FierceBash","construct:Chainstrike"],"picked":"construct:HeavyBolt+1","floor":35},{"not_picked":["construct:HeavyBolt+1","construct:LaserCore","construct:Analyze"],"picked":"SKIP","floor":37},{"not_picked":["construct:CripplingShot+1","construct:ScrapCannon+1"],"picked":"construct:Disrupt+1","floor":38},{"not_picked":["construct:Backup","construct:Analyze","construct:Autoturret+1"],"picked":"SKIP","floor":39},{"not_picked":["construct:SyphonStrike","construct:Forcefield+1"],"picked":"construct:CripplingShot+1","floor":41}],"player_experience":1605258,"relics_obtained":[{"floor":9.0,"key":"Bottled Flame"},{"floor":10,"key":"Bottled Lightning"},{"floor":14,"key":"ReplayTheSpireMod:TigerMarble"},{"floor":25,"key":"Smiling Mask"},{"floor":26,"key":"Chameleon Ring"},{"floor":42,"key":"Lizard Tail"},{"floor":43,"key":"Frozen Egg 2"}],"event_choices":[{"damage_healed":0.0,"max_hp_gain":0.0,"max_hp_loss":0.0,"gold_gain":1.0,"event_name":"betterThird:BetterScrap","player_choice":"Relic Relic ","floor":2.0,"gold_loss":0.0,"damage_taken":38.0,"cards_obtained":["Scrape"]},{"damage_healed":24.0,"max_hp_gain":0.0,"max_hp_loss":0.0,"gold_gain":0.0,"event_name":"The Cleric","player_choice":"Healed","floor":4.0,"gold_loss":35.0,"damage_taken":0.0},{"damage_healed":0,"gold_gain":0,"player_choice":"UP UP ","damage_taken":39,"relics_obtained":[],"max_hp_gain":0,"max_hp_loss":0,"event_name":"betterSkull:BetterSkull","floor":11,"gold_loss":0,"cards_upgraded":["construct:Defend_Gold","Pot Of Greed"]},{"cards_removed":["Pot Of Greed"],"damage_healed":0,"gold_gain":0,"player_choice":"Take \u0026 Give","damage_taken":0,"max_hp_gain":0,"max_hp_loss":0,"event_name":"betterNote:BetterNote","floor":19,"gold_loss":0,"cards_obtained":["mysticmod:Dedication"]},{"damage_healed":0,"gold_gain":0,"player_choice":"Simplicity","damage_taken":0,"max_hp_gain":0,"max_hp_loss":10,"event_name":"betterThird:BetterWriting","floor":22,"gold_loss":0},{"cards_removed":["construct:DefenseMode"],"damage_healed":0,"gold_gain":0,"player_choice":"Purged","damage_taken":0,"max_hp_gain":0,"max_hp_loss":0,"event_name":"Purifier","floor":36,"gold_loss":0},{"damage_healed":0,"gold_gain":0,"player_choice":"Fight","damage_taken":0,"max_hp_gain":0,"max_hp_loss":0,"event_name":"Mysterious Sphere","floor":42,"gold_loss":0},{"damage_healed":0,"gold_gain":0,"player_choice":"Upgrade","damage_taken":0,"relics_obtained":["Mark of the Bloom"],"max_hp_gain":0,"max_hp_loss":0,"event_name":"MindBloom","floor":45,"gold_loss":0,"cards_upgraded":["construct:Strike_Gold","construct:Strike_Gold","construct:Strike_Gold","construct:Strike_Gold","construct:Strike_Gold","construct:Defend_Gold","construct:Defend_Gold","construct:Defend_Gold","construct:Defend_Gold","construct:AttackMode","construct:OneWayMirror","construct:FierceBash","construct:FierceBash","Pot Of Greed","construct:SaveState","construct:Antimatter","construct:Hazardproof","construct:Backfire","construct:VentSteam","construct:ReactiveShield","construct:SyphonStrike","Pot Of Greed","construct:Backup","mysticmod:Dedication","construct:Electrocute","construct:CriticalHit","construct:Missile","construct:Isolate","construct:MemoryTap","construct:Disrupt","construct:CripplingShot"]},{"damage_healed":0,"gold_gain":3,"player_choice":"3","damage_taken":0,"max_hp_gain":0,"max_hp_loss":0,"event_name":"betterStone:BetterStone","floor":47,"gold_loss":0,"cards_obtained":["construct:GatlingGun"]}],"is_beta":false,"boss_relics":[{"not_picked":["Calling Bell","Empty Cage"],"picked":"construct:WeddingRing"},{"not_picked":["Replay:Bronze Core","Replay:Ancient Bell"],"picked":"Abe\u0027s Treasure"}],"items_purged_floors":[0,46],"is_endless":false,"potions_floor_spawned":[3,5,10,14,25,33,37,42],"ascension_level":0}}