{"host":"eeeqmyc7a1933jos","time":1608730039,"event":{"mods":["2.2 Compatiblity","Act Like it!","BaseMod","CapriCore","Colored Powertips","Downfall","Elementarium","Friendly Minions","Gensokyo","GifTheSpireLib","Gremlin Mod","Hallownest","Hermit","Hubris","Infinite Spire","Jorbs\u0027s Wanderer Trilogy","Marisa????????","Mimic Mod","Minty Spire (QoL Compilation)","Pale of the Ancients","Random Character Button","Random Character Mod","Reimu??????","Relic Sorter","Relic Stats","Replay The Spire","SIMod","Shade Mod","StSLib","The Administrix","The Bug Knight","The Hierophant","The Immortal","The Mystic","The Runesmith","The Senshi","The Vixen","TheBandit","TheFirefly","TheVacant","Wandering Minibosses"],"gold_per_floor":[99,115,126,139,159,190,190,59,59,59,74,109,34,34,45,149,149,74,174,174,186,271,305,305,323,343,343,19,19,49,149,162,258,258,183,202,217,236,248,248,280,280,296,224,224,224,237,249,265,265,265,290,11,11,11],"floor_reached":56,"playtime":7132,"items_purged":["champ:Strike","champ:CalledShot","champ:Execute","Pot Of Greed"],"score":1451,"play_id":"3c9a7c37-ab86-4bcd-9663-050825bcfcab","local_time":"20201223142719","is_ascension_mode":false,"campfire_choices":[{"data":"champ:Taunt","floor":1,"key":"SMITH"},{"floor":9,"key":"REST"},{"data":"champ:StrikeOfGenius","floor":13,"key":"SMITH"},{"floor":18,"key":"RECALL"},{"data":"champ:IronFortress","floor":29,"key":"SMITH"},{"data":"champ:TornadoPunch","floor":35,"key":"SMITH"},{"data":"champ:IronFortress","floor":40,"key":"SMITH"},{"data":"champ:FalseCounter","floor":42,"key":"SMITH"},{"data":"champ:SteelEdge","floor":45,"key":"SMITH"},{"data":"infinitespire:Gouge","floor":54,"key":"SMITH"}],"circlet_count":0,"master_deck":["champ:Taunt+1","champ:TornadoPunch+1","champ:DefensiveShout","champ:GutPunch","champ:FlashCut","champ:ShieldThrow","champ:StrikeOfGenius+1","champ:CalledShot+1","champ:ArenaPreparation","champ:HeartStrike","champ:RapidStrikes","champ:CheapShot","champ:IronFortress+1","champ:RecklessLeap","champ:RapidStrikes","champ:SteelEdge+1","champ:FanOfKnives","champ:IronFortress+1","infinitespire:Menacing","champ:FalseCounter+1","champ:Backstep","champ:Circumvent+1","champ:AdrenalArmor+1","champ:AdrenalArmor+1","champ:ShieldThrow","Pot Of Greed","Pot Of Greed","champ:StanceDance","champ:IronFortress+1","champ:CrookedStrike","champ:Backstep","infinitespire:Gouge+1","champ:CrookedStrike+1","champ:Shatter+1","champ:CheapShot","champ:EndlessRage+1","Pot Of Greed"],"relics":["champ:ChampionCrown","infinitespire:Joker Card","Ornamental Fan","downfall:HeartBlessingBlue","Pandora\u0027s Box","downfall:HeartBlessingGreen","downfall:GremlinWheel","BargainBundle","infinitespire:CursedDice","hubris:TenFootPole","downfall:RedIOU","Durian","Replay:Wax Seal","champ:BlackKnightHelmet","Matryoshka","Velvet Choker","downfall:HeartBlessingRed","Grinning Jar","wanderingMiniBosses:OtherGremlinHorn","Prayer Wheel","Bottled Flame","StoneCalendar","Ice Cream","Toolbox"],"acts_visited":["Exordium","TheCity","TheBeyond","TheEnding"],"potions_floor_usage":[16,23,33],"damage_taken":[{"damage":31,"enemies":"infinitespire:Voidling","floor":2,"turns":4},{"damage":7,"enemies":"Jaw Worm","floor":3,"turns":4},{"damage":0,"enemies":"2 Louse","floor":4,"turns":2},{"damage":5,"enemies":"Lots of Slimes","floor":5,"turns":2},{"damage":61,"enemies":"Gremlin Nob","floor":6,"turns":5},{"damage":5,"enemies":"downfall:FleeingMerchant","floor":8,"turns":4},{"damage":22,"enemies":"Exordium Thugs","floor":11,"turns":4},{"damage":29,"enemies":"3 Sentries","floor":12,"turns":5},{"damage":27,"enemies":"Large Slime","floor":15,"turns":3},{"damage":55,"enemies":"downfall:Silent","floor":16,"turns":10},{"damage":39,"enemies":"downfall:Silent","floor":19,"turns":7},{"damage":23,"enemies":"Spheric Guardian","floor":21,"turns":5},{"damage":18,"enemies":"Gremlin Leader","floor":23,"turns":6},{"damage":32,"enemies":"Centurion and Healer","floor":25,"turns":7},{"damage":15,"enemies":"Snecko","floor":26,"turns":3},{"damage":44,"enemies":"downfall:FleeingMerchant","floor":28,"turns":6},{"damage":47,"enemies":"Book of Stabbing","floor":30,"turns":6},{"damage":40,"enemies":"Book of Stabbing","floor":31,"turns":10},{"damage":4,"enemies":"Snake Plant","floor":32,"turns":4},{"damage":13,"enemies":"downfall:Ironclad","floor":33,"turns":7},{"damage":23,"enemies":"Orb Walker","floor":36,"turns":4},{"damage":26,"enemies":"3 Shapes","floor":37,"turns":5},{"damage":8,"enemies":"Jaw Worm Horde","floor":38,"turns":3},{"damage":40,"enemies":"Spire Growth","floor":39,"turns":4},{"damage":76,"enemies":"3 Darklings","floor":41,"turns":8},{"damage":48,"enemies":"3 Darklings","floor":43,"turns":8},{"damage":28,"enemies":"downfall:FleeingMerchant","floor":44,"turns":5},{"damage":12,"enemies":"HollowMod:SlobberingHusk","floor":47,"turns":6},{"damage":19,"enemies":"Spire Growth","floor":48,"turns":3},{"damage":20,"enemies":"Maw","floor":49,"turns":7},{"damage":34,"enemies":"downfall:Watcher","floor":50,"turns":5},{"damage":45,"enemies":"downfall:CharBossMerchant","floor":52,"turns":7},{"damage":129,"enemies":"downfall:NeowBoss","floor":55,"turns":20}],"seed_played":"-5360996657345275873","potions_obtained":[{"floor":5,"key":"Energy Potion"},{"floor":11,"key":"Languid Potion"},{"floor":12,"key":"Block Potion"},{"floor":15,"key":"AttackPotion"},{"floor":16,"key":"Explosive Potion"},{"floor":25,"key":"FairyPotion"},{"floor":26,"key":"SneckoOil"},{"floor":32,"key":"champ:CounterPotion"},{"floor":33,"key":"Weak Potion"},{"floor":43,"key":"SpeedPotion"}],"is_trial":false,"path_per_floor":["R","M","M","M","M","E","T","$","R","?","M","E","R","?","M","B",null,"R","?","AVR","M","?","E","T","M","M","?","$","R","E","?","M","B",null,"R","M","M","M","M","R","MIM","R","M","$","R","?","M","M","M","B",null,"E","$","R","B",null],"character_chosen":"THE_CHAMP","items_purchased":["champ:CalledShot+1","Durian","StoneCalendar","Toolbox"],"campfire_rested":1,"item_purchase_floors":[8,28,44,53],"current_hp_per_floor":[99,78,76,76,71,33,33,33,62,62,45,42,52,57,51,27,114,114,102,102,98,80,75,75,71,71,71,57,57,29,9,14,16,119,119,113,112,113,95,95,99,99,105,109,109,94,107,112,115,118,124,124,124,124,124],"gold":11,"neow_bonus":"TEN_PERCENT_HP_BONUS","is_daily":false,"chose_seed":false,"campfire_upgraded":8,"win_rate":0.0,"timestamp":1608730039,"path_taken":["R","M","M","?","M","E","T","$","R","?","M","E","R","?","M","BOSS","R","?","AVR","?","?","E","T","M","M","?","?","R","E","?","M","BOSS","R","M","M","M","M","R","MIM","R","M","$","R","?","M","M","M","BOSS","E","$","R","BOSS"],"items_purchased_type":["Card","Relic","Relic","Relic"],"build_version":"2020-12-22","purchased_purges":4,"victory":true,"max_hp_per_floor":[99,99,99,99,99,99,99,99,99,99,99,99,109,114,114,114,114,114,114,114,114,114,114,114,114,114,114,119,119,119,119,119,119,119,119,119,119,119,119,119,119,119,124,124,124,124,124,124,124,124,124,124,124,124,124],"relic_stats":{"counters":[33,189],"Ornamental Fan":[188],"Pandora\u0027s Box":["champ:IronFortress","champ:RecklessLeap","champ:RapidStrikes","champ:CalledShot","champ:SteelEdge","champ:FanOfKnives","champ:IronFortress"],"Prayer Wheel":4,"StoneCalendar":[0],"obtain_stats":[{"Ice Cream":52,"champ:BlackKnightHelmet":31,"champ:ChampionCrown":0,"Blue Doll":6,"downfall:HeartBlessingGreen":18,"StoneCalendar":44,"wanderingMiniBosses:OtherGremlinHorn":37,"downfall:GremlinWheel":19,"Matryoshka":31,"downfall:HeartBlessingBlue":13,"Toolbox":53,"Prayer Wheel":41,"downfall:RedIOU":27,"Replay:Wax Seal":30,"BargainBundle":20,"downfall:HeartBlessingRed":35,"infinitespire:CursedDice":23,"Velvet Choker":34,"infinitespire:Joker Card":10,"Bottled Flame":41,"Ornamental Fan":12,"Pandora\u0027s Box":17,"hubris:TenFootPole":24,"Durian":28,"Grinning Jar":35},{"Ice Cream":32,"champ:BlackKnightHelmet":18,"champ:ChampionCrown":0,"Blue Doll":5,"downfall:HeartBlessingGreen":10,"StoneCalendar":27,"wanderingMiniBosses:OtherGremlinHorn":22,"downfall:GremlinWheel":11,"Matryoshka":18,"downfall:HeartBlessingBlue":8,"Toolbox":32,"Prayer Wheel":25,"downfall:RedIOU":15,"Replay:Wax Seal":17,"BargainBundle":11,"downfall:HeartBlessingRed":20,"infinitespire:CursedDice":13,"Velvet Choker":20,"infinitespire:Joker Card":6,"Bottled Flame":25,"Ornamental Fan":8,"Pandora\u0027s Box":10,"hubris:TenFootPole":13,"Durian":16,"Grinning Jar":20},{"Ice Cream":169,"champ:BlackKnightHelmet":93,"champ:ChampionCrown":0,"Blue Doll":17,"downfall:HeartBlessingGreen":43,"StoneCalendar":141,"wanderingMiniBosses:OtherGremlinHorn":113,"downfall:GremlinWheel":50,"Matryoshka":93,"downfall:HeartBlessingBlue":30,"Toolbox":169,"Prayer Wheel":128,"downfall:RedIOU":71,"Replay:Wax Seal":83,"BargainBundle":50,"downfall:HeartBlessingRed":104,"infinitespire:CursedDice":61,"Velvet Choker":104,"infinitespire:Joker Card":21,"Bottled Flame":128,"Ornamental Fan":30,"Pandora\u0027s Box":43,"hubris:TenFootPole":61,"Durian":77,"Grinning Jar":104}]},"card_choices":[{"not_picked":["champ:AdrenalArmor","champ:StanceDance"],"picked":"champ:TornadoPunch","floor":2},{"not_picked":["champ:GladiatorsShout","champ:FocusedBerserking"],"picked":"champ:DefensiveShout","floor":3},{"not_picked":["champ:Backstep","champ:DefensiveShout"],"picked":"champ:GutPunch","floor":4},{"not_picked":["champ:DeathBlow","champ:ShieldWall"],"picked":"champ:FlashCut","floor":5},{"not_picked":["champ:FlashCut","champ:DefensiveShout"],"picked":"champ:ShieldThrow","floor":6},{"not_picked":["champ:Haymaker","champ:PreciseThrust"],"picked":"champ:StrikeOfGenius","floor":8},{"not_picked":["champ:GladiatorsShout","champ:PreciseThrust"],"picked":"champ:ArenaPreparation","floor":11},{"not_picked":["champ:AdrenalArmor","champ:GladiatorsShout"],"picked":"champ:HeartStrike","floor":12},{"not_picked":["champ:BerserkersShout","champ:FocusedDefense"],"picked":"champ:RapidStrikes","floor":15},{"not_picked":["champ:MurderStrike","champ:HoldFirm"],"picked":"champ:CheapShot","floor":16},{"not_picked":["champ:BerserkersShout","champ:GladiatorsShout"],"picked":"champ:FalseCounter","floor":21},{"not_picked":["champ:FalseCounter","champ:FocusedBerserking+1"],"picked":"champ:Backstep","floor":23},{"not_picked":["champ:DefensiveShout","champ:GladiatorsShout+1"],"picked":"champ:Circumvent+1","floor":25},{"not_picked":["champ:Haymaker","champ:DefensiveShout+1","champ:FocusedDefense"],"picked":"SKIP","floor":26},{"not_picked":["champ:BerserkerStyle+1","champ:Haymaker"],"picked":"champ:AdrenalArmor+1","floor":28},{"not_picked":["champ:RisingSlash","champ:Encircle"],"picked":"champ:AdrenalArmor+1","floor":30},{"not_picked":["champ:Lariat","champ:BerserkersShout","champ:Devastate"],"picked":"SKIP","floor":32},{"not_picked":["champ:MurderStrike","champ:HeavySlash"],"picked":"champ:ShieldThrow","floor":33},{"not_picked":["champ:Encircle","champ:DefensiveShout"],"picked":"champ:StanceDance","floor":36},{"not_picked":["champ:FaceSlap+1","champ:GladiatorStyle+1"],"picked":"champ:IronFortress+1","floor":37},{"not_picked":["champ:Circumvent+1","champ:AdrenalArmor"],"picked":"champ:CrookedStrike","floor":38},{"not_picked":["champ:DefensiveShout+1","champ:TornadoPunch"],"picked":"champ:FightOn","floor":39},{"not_picked":["champ:FocusedDefense","champ:CalledShot+1","champ:EnragedBash+1"],"picked":"SKIP","floor":43},{"not_picked":["champ:GladiatorsShout+1","champ:TornadoPunch","champ:BerserkersShout+1"],"picked":"SKIP","floor":43},{"not_picked":["champ:Circumvent","champ:BerserkersShout+1"],"picked":"champ:Backstep","floor":44},{"not_picked":["ReplayTheSpireMod:Chaos Vortex","infinitespire:SevenWalls"],"picked":"infinitespire:Gouge","floor":46},{"not_picked":["champ:FanOfKnives","champ:DeathBlow"],"picked":"champ:CrookedStrike+1","floor":47},{"not_picked":["champ:Haymaker","champ:BerserkersShout+1","champ:FocusedGladiator"],"picked":"SKIP","floor":47},{"not_picked":["champ:ViciousMockery","champ:RisingSlash"],"picked":"champ:Shatter+1","floor":48},{"not_picked":["champ:DeathBlow","champ:RecklessLeap","champ:ShieldWall+1"],"picked":"SKIP","floor":48},{"not_picked":["champ:CrookedStrike","champ:GladiatorsShout"],"picked":"champ:CheapShot","floor":49},{"not_picked":["champ:TornadoPunch+1","champ:ViciousMockery","champ:BerserkersShout+1"],"picked":"SKIP","floor":49},{"not_picked":["champ:PerfectedStrike+1","champ:FanOfKnives"],"picked":"champ:EndlessRage+1","floor":52}],"player_experience":1352333,"relics_obtained":[{"floor":6,"key":"Blue Doll"},{"floor":12,"key":"Ornamental Fan"},{"floor":19,"key":"downfall:GremlinWheel"},{"floor":23,"key":"infinitespire:CursedDice"},{"floor":24,"key":"hubris:TenFootPole"},{"floor":30,"key":"Replay:Wax Seal"},{"floor":31,"key":"champ:BlackKnightHelmet"},{"floor":31,"key":"Matryoshka"},{"floor":35,"key":"Grinning Jar"},{"floor":37,"key":"wanderingMiniBosses:OtherGremlinHorn"},{"floor":41,"key":"Prayer Wheel"},{"floor":41,"key":"Bottled Flame"},{"floor":52,"key":"Ice Cream"}],"event_choices":[{"damage_healed":0,"gold_gain":0,"player_choice":"Donut","damage_taken":0,"max_hp_gain":5,"max_hp_loss":0,"event_name":"Big Fish","floor":14,"gold_loss":0},{"damage_healed":0,"gold_gain":0,"player_choice":"Relic","damage_taken":0,"max_hp_gain":0,"max_hp_loss":0,"event_name":"Wheel of Change","floor":35,"gold_loss":0}],"is_beta":false,"boss_relics":[{"not_picked":["Replay:Grab Bag","Painkiller Herb"],"picked":"Pandora\u0027s Box"},{"not_picked":["Runesmith:UraniumAnvil","Runic Dome"],"picked":"Velvet Choker"}],"items_purged_floors":[8,20,44,53],"is_endless":false,"potions_floor_spawned":[5,11,12,15,16,21,25,26,31,32,33,37,43,47,49],"ascension_level":0}}