{"host":"Melcetto","time":1608756442,"event":{"mods":["AlwaysNeverKeys","BaseMod","Better Vampires","Colored Map","Colored Powertips","DeckTracker","Emptier Cage","Minty Spire (QoL Compilation)","Permanent Neow","Quick Restart","Random Character Button","Rare Cards Sparkle","Relic Sorter","Relic Stats","StSLib","Transform Curses"],"gold_per_floor":[112,112,112,123,123,153,168,168,168,196,213,213,226,255,255,332,332,343,343,343,20,295,328,52,85,85,85,85],"floor_reached":27,"playtime":5520,"items_purged":["Decay","Regret"],"score":684,"play_id":"5acf65b8-e57c-4cec-bede-7bcafa5729e6","local_time":"20201223154722","is_ascension_mode":true,"campfire_choices":[{"data":"Shrug It Off","floor":12.0,"key":"SMITH"},{"floor":15,"key":"REST"}],"circlet_count":0,"master_deck":["AscendersBane","Strike_R+1","Defend_R+1","Defend_R+1","Defend_R+1","Defend_R+1","Bash+1","Carnage+1","Power Through","Shrug It Off+1","Offering","Corruption","Disarm+1","Evolve","Shockwave","Demon Form","Normality"],"relics":["Empty Cage","InkBottle","Gremlin Horn","Ornamental Fan","Potion Belt","Strawberry","Cursed Key","Membership Card","Vajra","Lantern","Turnip","Juzu Bracelet","Peace Pipe"],"acts_visited":["TheCity"],"potions_floor_usage":[25,25,27],"damage_taken":[{"damage":3.0,"enemies":"2 Louse","floor":1.0,"turns":3.0},{"damage":0.0,"enemies":"Small Slimes","floor":4.0,"turns":3.0},{"damage":20.0,"enemies":"Lagavulin","floor":6.0,"turns":5.0},{"damage":0.0,"enemies":"Cultist","floor":7.0,"turns":3.0},{"damage":0.0,"enemies":"Gremlin Nob","floor":10.0,"turns":3.0},{"damage":5.0,"enemies":"3 Louse","floor":11.0,"turns":6.0},{"damage":0,"enemies":"Gremlin Gang","floor":13,"turns":7},{"damage":11,"enemies":"3 Sentries","floor":14,"turns":13},{"damage":41,"enemies":"The Guardian","floor":16,"turns":10},{"damage":21,"enemies":"3 Byrds","floor":18,"turns":7},{"damage":29,"enemies":"Slavers","floor":23,"turns":6},{"damage":6,"enemies":"Book of Stabbing","floor":25,"turns":4},{"damage":8,"enemies":"Slavers","floor":27,"turns":4}],"seed_played":"6245032087137592993","potions_obtained":[{"floor":4.0,"key":"Energy Potion"},{"floor":6.0,"key":"DistilledChaos"},{"floor":16,"key":"Swift Potion"}],"is_trial":false,"path_per_floor":["M","?","?","M","?","E","M","?","T","E","M","R","M","E","R","B",null,"M","?","?","$","?","E","$","E","T","E"],"character_chosen":"IRONCLAD","items_purchased":["Membership Card","Vajra","Evolve","Turnip","Fire Potion","ColorlessPotion"],"campfire_rested":1,"item_purchase_floors":[21,21,21,24,24,24],"current_hp_per_floor":[65,65,54,54,54,34,34,34,34,34,29,29,29,25,49,8,64,43,43,43,43,43,14,14,8,8,0,0],"gold":85,"neow_bonus":"BOSS_RELIC","is_daily":false,"chose_seed":false,"campfire_upgraded":1,"win_rate":0.0,"timestamp":1608756442,"path_taken":["M","?","?","M","?","E","?","?","T","E","M","R","?","E","R","BOSS","M","?","?","$","?","E","$","E","T","E"],"items_purchased_type":["Relic","Relic","Card","Relic","Potion","Potion"],"build_version":"2020-12-18","purchased_purges":2,"victory":false,"max_hp_per_floor":[75,75,75,75,75,75,75,75,75,75,75,75,75,82,82,82,82,82,82,82,82,82,82,82,82,82,82,82],"relic_stats":{"Peace Pipe":0,"Gremlin Horn":[12,12],"counters":[13,74],"Ornamental Fan":[4],"Turnip":[0],"Juzu Bracelet":0,"Cursed Key":1,"obtain_stats":[{"Potion Belt":10,"Lantern":23,"Gremlin Horn":6,"Vajra":21,"Juzu Bracelet":25,"Empty Cage":0,"Cursed Key":17,"Burning Blood":0,"Peace Pipe":26,"Ornamental Fan":9,"Strawberry":14,"Turnip":24,"Membership Card":21,"InkBottle":3},{"Potion Belt":5,"Lantern":11,"Gremlin Horn":3,"Vajra":10,"Juzu Bracelet":12,"Empty Cage":0,"Cursed Key":9,"Burning Blood":0,"Peace Pipe":12,"Ornamental Fan":4,"Strawberry":8,"Turnip":11,"Membership Card":10,"InkBottle":1},{"Potion Belt":17,"Lantern":66,"Gremlin Horn":11,"Vajra":60,"Juzu Bracelet":70,"Empty Cage":0,"Cursed Key":53,"Burning Blood":0,"Peace Pipe":70,"Ornamental Fan":14,"Strawberry":43,"Turnip":66,"Membership Card":60,"InkBottle":3}],"InkBottle":[17]},"card_choices":[{"not_picked":["Body Slam","Rampage"],"picked":"Carnage","floor":1.0},{"not_picked":["Cleave","Headbutt"],"picked":"Power Through","floor":4.0},{"not_picked":["Anger","Headbutt","Blood for Blood"],"picked":"SKIP","floor":6.0},{"not_picked":["Twin Strike","Iron Wave","Headbutt"],"picked":"SKIP","floor":7.0},{"not_picked":["Searing Blow","Sword Boomerang","Twin Strike"],"picked":"SKIP","floor":10.0},{"not_picked":["Iron Wave","Twin Strike"],"picked":"Shrug It Off","floor":11.0},{"not_picked":["Seeing Red","Warcry"],"picked":"Offering","floor":13},{"not_picked":["Flex","Clash","Anger"],"picked":"SKIP","floor":14},{"not_picked":["Impervious","Fiend Fire"],"picked":"Corruption","floor":16},{"not_picked":["Body Slam","Armaments"],"picked":"Disarm+1","floor":18},{"not_picked":["Rage","Rampage"],"picked":"Shockwave","floor":23},{"not_picked":["Sentinel","Clothesline"],"picked":"Demon Form","floor":25}],"player_experience":18752865,"relics_obtained":[{"floor":6.0,"key":"Gremlin Horn"},{"floor":9.0,"key":"Ornamental Fan"},{"floor":10.0,"key":"Potion Belt"},{"floor":14,"key":"Strawberry"},{"floor":23,"key":"Lantern"},{"floor":25,"key":"Juzu Bracelet"},{"floor":26,"key":"Peace Pipe"}],"event_choices":[{"damage_healed":0.0,"max_hp_gain":0.0,"max_hp_loss":0.0,"gold_gain":0.0,"event_name":"Living Wall","player_choice":"Grow","floor":2.0,"gold_loss":0.0,"damage_taken":0.0,"cards_upgraded":["Carnage"]},{"damage_healed":0.0,"max_hp_gain":0.0,"max_hp_loss":0.0,"gold_gain":0.0,"event_name":"Scrap Ooze","player_choice":"Success","floor":3.0,"gold_loss":0.0,"damage_taken":11.0,"relics_obtained":["InkBottle"]},{"damage_healed":0.0,"max_hp_gain":0.0,"max_hp_loss":0.0,"gold_gain":0.0,"event_name":"Upgrade Shrine","player_choice":"Upgraded","floor":5.0,"gold_loss":0.0,"damage_taken":0.0,"cards_upgraded":["Bash"]},{"cards_removed":["Strike_R"],"damage_healed":0.0,"max_hp_gain":0.0,"max_hp_loss":0.0,"gold_gain":0.0,"event_name":"Purifier","player_choice":"Purged","floor":8.0,"gold_loss":0.0,"damage_taken":0.0},{"damage_healed":0,"gold_gain":0,"player_choice":"Simplicity","damage_taken":0,"max_hp_gain":0,"max_hp_loss":0,"event_name":"Back to Basics","floor":19,"gold_loss":0,"cards_upgraded":["Strike_R","Defend_R","Defend_R","Defend_R","Defend_R"]},{"damage_healed":0,"gold_gain":0,"player_choice":"Smashed Altar","damage_taken":0,"max_hp_gain":0,"max_hp_loss":0,"event_name":"Forgotten Altar","floor":20,"gold_loss":0,"cards_obtained":["Decay"]},{"damage_healed":0,"gold_gain":275,"player_choice":"Desecrate","damage_taken":0,"max_hp_gain":0,"max_hp_loss":0,"event_name":"Golden Shrine","floor":22,"gold_loss":0,"cards_obtained":["Regret"]}],"is_beta":true,"boss_relics":[{"not_picked":["Velvet Choker","Sozu"],"picked":"Cursed Key"}],"items_purged_floors":[21,24],"is_endless":false,"potions_floor_spawned":[4,6,7,16],"killed_by":"Slavers","ascension_level":20}}