{"host":"f5n4tidiz2n5sooh","time":1608723215,"event":{"mods":["BaseMod","Bestiary","Colored Map","Minty Spire (QoL Compilation)","Relic Stats","StSLib"],"gold_per_floor":[114,128,148,165,165,165,196,28,54,67,67,87,12,39,39,113,113,124,141,158,158,192,192,117,117,117,117,117,135,162,182,182,254,254,274,9,22,32,32,32,42,69,69,79,111,124,124,124,124],"floor_reached":48,"playtime":2909,"items_purged":["Pain","Strike_R"],"score":1302,"play_id":"05db7440-5e79-4be9-8bd3-a9ab38901d3d","local_time":"20201223053335","is_ascension_mode":true,"campfire_choices":[{"data":"Bash","floor":6,"key":"SMITH"},{"data":"Feel No Pain","floor":15,"key":"SMITH"},{"data":"Limit Break","floor":23,"key":"SMITH"},{"data":"Dark Embrace","floor":28,"key":"SMITH"},{"data":"Heavy Blade","floor":32,"key":"SMITH"},{"data":"Intimidate","floor":40,"key":"SMITH"},{"floor":47,"key":"REST"}],"circlet_count":0,"master_deck":["AscendersBane","Defend_R","Defend_R","Defend_R","Bash+1","Reckless Charge+1","Spot Weakness+1","Impervious+1","Thunderclap","Feel No Pain+1","Body Slam","Burning Pact","Dark Embrace+1","Corruption","Limit Break+1","Disarm+1","Heavy Blade+1","True Grit+1","Inflame+1","Exhume","Heavy Blade","Heavy Blade+1","Dropkick+1","Intimidate+1","Parasite","Spot Weakness+1","Normality","Shrug It Off+1","Power Through"],"relics":["Astrolabe","Bag of Preparation","Blood Vial","WarpedTongs","PreservedInsect","Cursed Key","Mummified Hand","Black Star","Sling","Darkstone Periapt","Pen Nib","Oddly Smooth Stone","Nunchaku"],"acts_visited":["Exordium","TheCity","TheBeyond"],"potions_floor_usage":[7,12,16,19,19,22,48],"damage_taken":[{"damage":8,"enemies":"2 Louse","floor":1,"turns":3},{"damage":6,"enemies":"Cultist","floor":2,"turns":3},{"damage":0,"enemies":"Small Slimes","floor":3,"turns":3},{"damage":4,"enemies":"Exordium Thugs","floor":4,"turns":4},{"damage":15,"enemies":"Lagavulin","floor":7,"turns":5},{"damage":0,"enemies":"Red Slaver","floor":10,"turns":3},{"damage":8,"enemies":"Gremlin Gang","floor":12,"turns":4},{"damage":0,"enemies":"3 Sentries","floor":14,"turns":6},{"damage":11,"enemies":"Hexaghost","floor":16,"turns":8},{"damage":0,"enemies":"Chosen","floor":18,"turns":4},{"damage":1,"enemies":"2 Thieves","floor":19,"turns":2},{"damage":2,"enemies":"Snake Plant","floor":20,"turns":3},{"damage":5,"enemies":"Sentry and Sphere","floor":22,"turns":5},{"damage":1,"enemies":"Centurion and Healer","floor":29,"turns":5},{"damage":0,"enemies":"Slavers","floor":30,"turns":5},{"damage":3,"enemies":"Snake Plant","floor":31,"turns":2},{"damage":0,"enemies":"Champ","floor":33,"turns":6},{"damage":2,"enemies":"3 Shapes","floor":35,"turns":3},{"damage":9,"enemies":"Orb Walker","floor":37,"turns":3},{"damage":20,"enemies":"Jaw Worm Horde","floor":38,"turns":5},{"damage":0,"enemies":"Writhing Mass","floor":41,"turns":2},{"damage":7,"enemies":"Giant Head","floor":42,"turns":5},{"damage":0,"enemies":"Maw","floor":44,"turns":4},{"damage":21,"enemies":"Nemesis","floor":45,"turns":5},{"damage":16,"enemies":"3 Darklings","floor":46,"turns":4},{"damage":56,"enemies":"Jaw Worm Horde","floor":48,"turns":3}],"seed_played":"801708865696090585","potions_obtained":[{"floor":1,"key":"Weak Potion"},{"floor":4,"key":"PowerPotion"},{"floor":7,"key":"Fire Potion"},{"floor":12,"key":"Fire Potion"},{"floor":16,"key":"DistilledChaos"},{"floor":19,"key":"ColorlessPotion"},{"floor":20,"key":"Dexterity Potion"},{"floor":30,"key":"Explosive Potion"},{"floor":33,"key":"EssenceOfSteel"},{"floor":45,"key":"Fruit Juice"}],"is_trial":false,"path_per_floor":["M","M","M","M","?","R","E","$","T","M","?","M","$","E","R","B",null,"M","M","M","?","M","R","?","?","T","?","R","M","E","M","R","B",null,"M","$","M","M","$","R","M","E","T","M","E","M","R","M"],"character_chosen":"IRONCLAD","items_purchased":["Bag of Preparation","Sling"],"campfire_rested":1,"item_purchase_floors":[8,36],"current_hp_per_floor":[60,54,54,50,50,50,35,35,35,37,37,31,31,33,33,24,62,64,65,65,61,58,58,58,58,58,52,52,53,55,54,54,56,70,70,70,63,45,45,45,47,42,48,50,31,17,41,0,0],"gold":124,"neow_bonus":"BOSS_RELIC","is_daily":false,"chose_seed":false,"campfire_upgraded":6,"win_rate":0.0,"timestamp":1608723215,"path_taken":["M","M","M","M","?","R","E","?","T","M","?","?","$","E","R","BOSS","M","M","M","?","?","R","?","?","T","?","R","M","E","M","R","BOSS","M","$","?","M","$","R","M","E","T","M","E","M","R","M"],"items_purchased_type":["Relic","Relic"],"build_version":"2020-12-22","purchased_purges":2,"victory":false,"max_hp_per_floor":[75,75,75,75,75,75,75,75,75,75,75,75,75,75,75,75,75,75,75,75,75,75,75,75,75,75,75,75,75,75,75,75,75,75,75,75,75,75,75,75,75,75,81,81,81,81,81,86,86],"relic_stats":{"Darkstone Periapt":6,"counters":[26,105],"Astrolabe":["Reckless Charge","Spot Weakness","Impervious"],"PreservedInsect":222,"Pen Nib":[2],"Bag of Preparation":[42],"Cursed Key":1,"WarpedTongs":[78],"Blood Vial":42,"Nunchaku":[0],"Mummified Hand":[46],"Black Star":2,"obtain_stats":[{"Darkstone Periapt":42,"Astrolabe":0,"Oddly Smooth Stone":45,"PreservedInsect":14,"Pen Nib":42,"Bag of Preparation":8,"Cursed Key":17,"Sling":36,"Burning Blood":0,"WarpedTongs":11,"Blood Vial":9,"Nunchaku":45,"Mummified Hand":30,"Black Star":34},{"Darkstone Periapt":22,"Astrolabe":0,"Oddly Smooth Stone":24,"PreservedInsect":8,"Pen Nib":22,"Bag of Preparation":5,"Cursed Key":9,"Sling":18,"Burning Blood":0,"WarpedTongs":6,"Blood Vial":5,"Nunchaku":24,"Mummified Hand":15,"Black Star":17},{"Darkstone Periapt":89,"Astrolabe":0,"Oddly Smooth Stone":98,"PreservedInsect":31,"Pen Nib":89,"Bag of Preparation":18,"Cursed Key":39,"Sling":74,"Burning Blood":0,"WarpedTongs":21,"Blood Vial":18,"Nunchaku":98,"Mummified Hand":63,"Black Star":71}]},"card_choices":[{"not_picked":["Rampage","Iron Wave"],"picked":"Thunderclap","floor":1},{"not_picked":["Infernal Blade","Heavy Blade"],"picked":"Feel No Pain","floor":2},{"not_picked":["Fire Breathing","Intimidate","Perfected Strike"],"picked":"SKIP","floor":3},{"not_picked":["Evolve","Rupture"],"picked":"Body Slam","floor":4},{"not_picked":["Cleave","Intimidate"],"picked":"Burning Pact","floor":7},{"not_picked":["Shrug It Off","Heavy Blade"],"picked":"Dark Embrace","floor":10},{"not_picked":["Flame Barrier","Clash"],"picked":"Corruption","floor":12},{"not_picked":["Clash","Iron Wave","Twin Strike"],"picked":"SKIP","floor":14},{"not_picked":["Double Tap","Demon Form"],"picked":"Limit Break","floor":16},{"not_picked":["Havoc+1","Pommel Strike"],"picked":"Disarm+1","floor":18},{"not_picked":["Iron Wave","Metallicize"],"picked":"Heavy Blade","floor":19},{"not_picked":["Heavy Blade","Anger"],"picked":"True Grit+1","floor":20},{"not_picked":["Iron Wave","Clothesline"],"picked":"Inflame+1","floor":22},{"not_picked":["Perfected Strike+1","Havoc"],"picked":"Exhume","floor":29},{"not_picked":["Headbutt","Body Slam"],"picked":"Heavy Blade","floor":30},{"not_picked":["Dual Wield","Havoc+1","Clothesline+1"],"picked":"SKIP","floor":31},{"not_picked":["Headbutt+1","Infernal Blade+1"],"picked":"Heavy Blade+1","floor":35},{"not_picked":["Havoc","Iron Wave+1"],"picked":"Dropkick+1","floor":37},{"not_picked":["Rupture+1","Flex"],"picked":"Intimidate","floor":38},{"not_picked":["True Grit","Rampage","Body Slam"],"picked":"SKIP","floor":41},{"not_picked":["Thunderclap","Pummel"],"picked":"Spot Weakness+1","floor":42},{"not_picked":["Inflame","Havoc+1"],"picked":"Shrug It Off+1","floor":44},{"not_picked":["Bloodletting+1","Perfected Strike"],"picked":"Power Through","floor":45},{"not_picked":["Wild Strike","Berserk","Clash"],"picked":"SKIP","floor":46}],"player_experience":1922039,"relics_obtained":[{"floor":9,"key":"Blood Vial"},{"floor":14,"key":"PreservedInsect"},{"floor":30,"key":"Mummified Hand"},{"floor":42,"key":"Darkstone Periapt"},{"floor":42,"key":"Pen Nib"},{"floor":45,"key":"Oddly Smooth Stone"},{"floor":45,"key":"Nunchaku"}],"event_choices":[{"cards_removed":["Strike_R"],"damage_healed":0,"gold_gain":0,"player_choice":"Offered Basic","damage_taken":0,"max_hp_gain":0,"max_hp_loss":0,"event_name":"Bonfire Elementals","floor":5,"gold_loss":0},{"damage_healed":0,"gold_gain":0,"player_choice":"Rummage","damage_taken":0,"relics_obtained":["WarpedTongs"],"max_hp_gain":0,"max_hp_loss":0,"event_name":"Accursed Blacksmith","floor":11,"gold_loss":0,"cards_obtained":["Pain"]},{"damage_healed":0,"gold_gain":0,"player_choice":"Bought 0 Potions","damage_taken":0,"max_hp_gain":0,"max_hp_loss":0,"event_name":"The Woman in Blue","floor":21,"gold_loss":0},{"cards_removed":["Strike_R"],"damage_healed":0,"gold_gain":0,"player_choice":"Gave Gold","damage_taken":0,"max_hp_gain":0,"max_hp_loss":0,"event_name":"Beggar","floor":24,"gold_loss":75},{"damage_healed":0,"gold_gain":0,"player_choice":"Ignored","damage_taken":0,"max_hp_gain":0,"max_hp_loss":0,"event_name":"Vampires","floor":25,"gold_loss":0},{"damage_healed":0,"gold_gain":0,"player_choice":"","damage_taken":6,"max_hp_gain":0,"max_hp_loss":0,"event_name":"Knowing Skull","floor":27,"potions_obtained":[],"gold_loss":0,"cards_obtained":[]}],"is_beta":false,"boss_relics":[{"not_picked":["Calling Bell","SacredBark"],"picked":"Cursed Key"},{"not_picked":["Busted Crown","Velvet Choker"],"picked":"Black Star"}],"items_purged_floors":[13,36],"is_endless":false,"potions_floor_spawned":[1,4,7,12,16,19,20,30,33,38,45],"killed_by":"Jaw Worm Horde","ascension_level":20}}