{"host":"yk98keyoflza93y0","time":1608764188,"event":{"mods":["AchievementEnabler","BaseMod","BetterRewards","Card Forge","Colored Map","DeckTracker","Minty Spire (QoL Compilation)","Shop Mod","StSLib","SuperFastMode","The Poker Player"],"gold_per_floor":[119,132,148,161,161,161,190,190,190,221,29,29,43,69,69,140,140,160,8,21,21,35,63,63,74,120,146,246,246,278,30,30,103,103,120,138,154,154,104,133,147,180,207,207,237,237,237,247,247,247,247,247,197,226,226],"floor_reached":56,"playtime":3145,"items_purged":["PokerPlayerMod:Diamond1","PokerPlayerMod:Spade2","PokerPlayerMod:Diamond3"],"score":3285,"play_id":"7c9f7308-0e4f-4935-90b4-3435e519e331","local_time":"20201224075628","is_ascension_mode":true,"metric_token":734,"campfire_choices":[{"data":"PokerPlayerMod:TrumpStrike","floor":6.0,"key":"SMITH"},{"data":"PokerPlayerMod:CardBurn","floor":8.0,"key":"SMITH"},{"data":"PokerPlayerMod:BadJoker","floor":15.0,"key":"SMITH"},{"data":"PokerPlayerMod:Club6","floor":32.0,"key":"SMITH"},{"data":"PokerPlayerMod:Club5","floor":44,"key":"SMITH"},{"data":"PokerPlayerMod:Club6","floor":46,"key":"SMITH"},{"floor":49,"key":"RECALL"},{"data":"PokerPlayerMod:FillThePot","floor":52,"key":"SMITH"}],"circlet_count":0,"master_deck":["AscendersBane","PokerPlayerMod:Diamond4","PokerPlayerMod:Spade3","PokerPlayerMod:Spade4","PokerPlayerMod:Club3","PokerPlayerMod:Heart2","PokerPlayerMod:TrumpStrike+1","PokerPlayerMod:BadJoker+1","PokerPlayerMod:Mulligan+1","PokerPlayerMod:CardBurn+1","PokerPlayerMod:Diamond9","PokerPlayerMod:Spade7","PokerPlayerMod:WasteCollection+1","PokerPlayerMod:ItsShowtime+1","PokerPlayerMod:Diamond7","PokerPlayerMod:Spade8","PokerPlayerMod:ItsShowtime+1","PokerPlayerMod:Spade7","PokerPlayerMod:FillThePot+1","PokerPlayerMod:ItsShowtime+1","PokerPlayerMod:Club7","PokerPlayerMod:Spade7","PokerPlayerMod:ClubStrike+1","PokerPlayerMod:Club7","PokerPlayerMod:Configure+1","PokerPlayerMod:Spade7"],"relics":["PokerPlayerMod:DeckCase","Hammer of Thor","Seething Fire","Anvil of the Gods","Ice Cream","TheAbacus","Oddly Smooth Stone","Prayer Wheel","Lee\u0027s Waffle","FossilizedHelix","Lantern","Turnip","OrangePellets","Bronze Scales","Gambling Chip","PokerPlayerMod:FairLicense","Question Card","Incense Burner","Potion Belt","Black Star","Toy Ornithopter","Anchor","Blood Vial","Smiling Mask","War Paint","MealTicket","Blue Candle","Calipers","Darkstone Periapt","Enchiridion","PokerPlayerMod:JackpotMachine","Molten Egg 2","Strange Spoon","Cursed Key","Strawberry","Ancient Tea Set","Girya","Regal Pillow","Lizard Tail","Juzu Bracelet","Sundial","Akabeko"],"acts_visited":["Exordium","TheCity","TheBeyond","TheEnding"],"potions_floor_usage":[55],"damage_taken":[{"damage":0.0,"enemies":"Cultist","floor":1.0,"turns":3.0},{"damage":0.0,"enemies":"Small Slimes","floor":2.0,"turns":2.0},{"damage":0.0,"enemies":"2 Louse","floor":3.0,"turns":2.0},{"damage":0.0,"enemies":"Blue Slaver","floor":4.0,"turns":3.0},{"damage":0.0,"enemies":"3 Sentries","floor":7.0,"turns":4.0},{"damage":0.0,"enemies":"Gremlin Nob","floor":10.0,"turns":3.0},{"damage":0.0,"enemies":"2 Fungi Beasts","floor":13.0,"turns":2.0},{"damage":0.0,"enemies":"3 Sentries","floor":14.0,"turns":3.0},{"damage":5.0,"enemies":"Hexaghost","floor":16.0,"turns":6.0},{"damage":0.0,"enemies":"3 Byrds","floor":18.0,"turns":1.0},{"damage":0.0,"enemies":"2 Thieves","floor":20.0,"turns":2.0},{"damage":0.0,"enemies":"Sentry and Sphere","floor":22.0,"turns":3.0},{"damage":25.0,"enemies":"Gremlin Leader","floor":23.0,"turns":8.0},{"damage":0.0,"enemies":"Snecko","floor":25.0,"turns":1.0},{"damage":0.0,"enemies":"Book of Stabbing","floor":27.0,"turns":3.0},{"damage":0.0,"enemies":"Colosseum Slavers","floor":28.0,"turns":1.0},{"damage":0.0,"enemies":"Colosseum Nobs","floor":28.0,"turns":1.0},{"damage":0.0,"enemies":"Gremlin Leader","floor":30.0,"turns":3.0},{"damage":0.0,"enemies":"Automaton","floor":33.0,"turns":3.0},{"damage":0.0,"enemies":"3 Darklings","floor":35.0,"turns":1.0},{"damage":0.0,"enemies":"Orb Walker","floor":36.0,"turns":1.0},{"damage":0.0,"enemies":"Transient","floor":37.0,"turns":5.0},{"damage":0.0,"enemies":"Giant Head","floor":40.0,"turns":4.0},{"damage":0,"enemies":"Jaw Worm Horde","floor":41,"turns":2},{"damage":0,"enemies":"Nemesis","floor":42,"turns":3},{"damage":0,"enemies":"Giant Head","floor":45,"turns":4},{"damage":0,"enemies":"Writhing Mass","floor":48,"turns":2},{"damage":0,"enemies":"Awakened One","floor":50,"turns":5},{"damage":0,"enemies":"Shield and Spear","floor":54,"turns":1},{"damage":0,"enemies":"The Heart","floor":55,"turns":6}],"seed_played":"-6098919685672004189","potions_obtained":[{"floor":1.0,"key":"Explosive Potion"},{"floor":4.0,"key":"LiquidMemories"},{"floor":16.0,"key":"SkillPotion"},{"floor":18.0,"key":"BlessingOfTheForge"},{"floor":25.0,"key":"Block Potion"},{"floor":28.0,"key":"SmokeBomb"},{"floor":37.0,"key":"Fire Potion"},{"floor":54,"key":"DuplicationPotion"}],"is_trial":false,"path_per_floor":["M","M","M","M","?","R","E","R","T","E","$","?","M","E","R","B",null,"M","$","M","?","M","E","?","M","T","E","?","?","E","$","R","B",null,"M","M","M","?","$","E","M","E","T","R","E","R","?","M","R","B",null,"R","$","E","B",null],"character_chosen":"THE_POKER_PLAYER","items_purchased":["TheAbacus","Oddly Smooth Stone","Lee\u0027s Waffle","FossilizedHelix","Lantern","OrangePellets","Bronze Scales","PokerPlayerMod:Diamond9","PokerPlayerMod:Diamond7","PokerPlayerMod:Spade8","PokerPlayerMod:Spade7","Strange Spoon"],"campfire_rested":0,"item_purchase_floors":[0,0,0,0,0,0,0,11,19,19,31,31],"current_hp_per_floor":[55,55,55,55,38,38,43,43,43,46,46,46,46,48,48,48,53,53,53,53,53,53,28,28,30,30,36,50,29,31,46,46,55,55,55,55,55,55,55,62,62,62,68,68,68,68,68,68,68,68,68,68,68,68,68],"gold":226,"neow_bonus":"","is_daily":false,"chose_seed":false,"campfire_upgraded":7,"win_rate":0.0,"timestamp":1608764188,"path_taken":["M","?","M","M","?","R","E","R","T","E","$","?","M","E","R","BOSS","M","$","M","?","M","E","?","?","T","E","?","?","E","?","R","BOSS","M","M","M","?","?","E","M","E","T","R","E","R","?","M","R","BOSS","R","$","E","BOSS"],"items_purchased_type":["Relic","Relic","Relic","Relic","Relic","Relic","Relic","Card","Card","Card","Card","Relic"],"build_version":"2020-12-22","purchased_purges":3,"victory":true,"max_hp_per_floor":[55,55,55,55,55,55,55,55,55,55,55,55,55,55,55,55,55,55,55,55,55,55,55,55,55,55,55,55,55,55,55,55,55,55,55,55,55,55,55,62,62,62,68,68,68,68,68,68,68,68,68,68,68,68,68],"card_choices":[{"not_picked":["PokerPlayerMod:Diamond2","PokerPlayerMod:MagicTrick","PokerPlayerMod:SpadeStrike"],"picked":"SKIP","floor":1.0},{"not_picked":["PokerPlayerMod:Spade2","PokerPlayerMod:Diamond2","PokerPlayerMod:Diamond4"],"picked":"SKIP","floor":1.0},{"not_picked":["PokerPlayerMod:Club2","PokerPlayerMod:DamnStraight","PokerPlayerMod:Heart3"],"picked":"SKIP","floor":2.0},{"not_picked":["PokerPlayerMod:Diamond1","PokerPlayerMod:ClubDance","PokerPlayerMod:Trickery"],"picked":"SKIP","floor":2.0},{"not_picked":["PokerPlayerMod:Manipulation","PokerPlayerMod:MagicTrick","PokerPlayerMod:VarietyAttack"],"picked":"SKIP","floor":3.0},{"not_picked":["PokerPlayerMod:SecondChance","PokerPlayerMod:Diamond5","PokerPlayerMod:DiamondStrike"],"picked":"SKIP","floor":3.0},{"not_picked":["PokerPlayerMod:Heart3","PokerPlayerMod:Fold","PokerPlayerMod:MagicTrick"],"picked":"SKIP","floor":4.0},{"not_picked":["PokerPlayerMod:HotShotCut","PokerPlayerMod:DartThrow","PokerPlayerMod:Club4"],"picked":"SKIP","floor":4.0},{"not_picked":["PokerPlayerMod:Harden","PokerPlayerMod:Diamond5"],"picked":"PokerPlayerMod:CardBurn","floor":7.0},{"not_picked":["PokerPlayerMod:Diamond1","PokerPlayerMod:Diamond2","PokerPlayerMod:Heart1","PokerPlayerMod:JackOfSpades"],"picked":"SKIP","floor":10.0},{"not_picked":["PokerPlayerMod:SpadeStrike","PokerPlayerMod:Diamond3","PokerPlayerMod:Spade3"],"picked":"PokerPlayerMod:Spade7","floor":13.0},{"not_picked":["PokerPlayerMod:Heart2","PokerPlayerMod:Spade1","PokerPlayerMod:Diamond4","PokerPlayerMod:Diamond1"],"picked":"SKIP","floor":13.0},{"not_picked":["PokerPlayerMod:Raise","PokerPlayerMod:RiskyBet","PokerPlayerMod:DartThrow"],"picked":"PokerPlayerMod:WasteCollection","floor":14.0},{"not_picked":["PokerPlayerMod:GamblerForm","PokerPlayerMod:Diamond8","PokerPlayerMod:Heart9"],"picked":"PokerPlayerMod:ItsShowtime","floor":16.0},{"not_picked":["PokerPlayerMod:ClubShade","PokerPlayerMod:Diamond1","PokerPlayerMod:Diamond5","PokerPlayerMod:Diamond2"],"picked":"SKIP","floor":18.0},{"not_picked":["PokerPlayerMod:Spade4","PokerPlayerMod:CloakAndDiamond","PokerPlayerMod:Diamond4","PokerPlayerMod:Club1"],"picked":"SKIP","floor":18.0},{"not_picked":["PokerPlayerMod:HeartStrike","PokerPlayerMod:DiamondStrike","PokerPlayerMod:CloakAndDiamond","PokerPlayerMod:Fold"],"picked":"SKIP","floor":20.0},{"not_picked":["PokerPlayerMod:Spade3","PokerPlayerMod:Diamond5","PokerPlayerMod:CardBurn","PokerPlayerMod:Heart4"],"picked":"SKIP","floor":20.0},{"not_picked":["PokerPlayerMod:Fold","PokerPlayerMod:Club4","PokerPlayerMod:Spade4"],"picked":"PokerPlayerMod:ItsShowtime","floor":22.0},{"not_picked":["PokerPlayerMod:Configure","PokerPlayerMod:MagicTrick","PokerPlayerMod:CardBurn","PokerPlayerMod:Heart3"],"picked":"SKIP","floor":22.0},{"not_picked":["PokerPlayerMod:Diamond5","PokerPlayerMod:Spade3","PokerPlayerMod:HiddenCard"],"picked":"PokerPlayerMod:Spade7","floor":23.0},{"not_picked":["PokerPlayerMod:Fold","PokerPlayerMod:Overdeal+1","PokerPlayerMod:Diamond1"],"picked":"PokerPlayerMod:FillThePot","floor":25.0},{"not_picked":["PokerPlayerMod:Club10+","PokerPlayerMod:FlyingCard","PokerPlayerMod:Club3"],"picked":"PokerPlayerMod:ItsShowtime","floor":25.0},{"not_picked":["PokerPlayerMod:CardPrinter","PokerPlayerMod:DartThrow","PokerPlayerMod:MagicTrick"],"picked":"PokerPlayerMod:Club6","floor":27.0},{"not_picked":["PokerPlayerMod:CardBurn","PokerPlayerMod:RoyalStrike+1","PokerPlayerMod:Heart1","PokerPlayerMod:Heart3"],"picked":"SKIP","floor":30.0},{"not_picked":["PokerPlayerMod:Spade2","PokerPlayerMod:MagicTrick","PokerPlayerMod:CloakAndDiamond"],"picked":"PokerPlayerMod:ClubStrike+1","floor":35.0},{"not_picked":["PokerPlayerMod:FlyingCard+1","PokerPlayerMod:Spade5","PokerPlayerMod:FillThePot+1","PokerPlayerMod:MagicTrick"],"picked":"SKIP","floor":35.0},{"not_picked":["PokerPlayerMod:Heart3","PokerPlayerMod:DiamondStrike+1","PokerPlayerMod:Spade3"],"picked":"PokerPlayerMod:Club5","floor":36.0},{"not_picked":["PokerPlayerMod:Spade5","PokerPlayerMod:Diamond3","PokerPlayerMod:Club3","PokerPlayerMod:Trickery+1"],"picked":"SKIP","floor":36.0},{"not_picked":["PokerPlayerMod:Harden","PokerPlayerMod:CardBurn","PokerPlayerMod:Manipulation","PokerPlayerMod:Club1"],"picked":"SKIP","floor":37.0},{"not_picked":["PokerPlayerMod:DiamondStrike+1","PokerPlayerMod:Diamond3","PokerPlayerMod:Configure","PokerPlayerMod:Fold"],"picked":"SKIP","floor":37.0},{"not_picked":["PokerPlayerMod:ClubsClub+1","PokerPlayerMod:Spade2","PokerPlayerMod:Diamond5"],"picked":"PokerPlayerMod:Spade7","floor":40},{"not_picked":["PokerPlayerMod:Club4","PokerPlayerMod:Configure+1","PokerPlayerMod:Spade3","PokerPlayerMod:Fold"],"picked":"SKIP","floor":41},{"not_picked":["PokerPlayerMod:FillThePot","PokerPlayerMod:Spade3","PokerPlayerMod:Club2","PokerPlayerMod:Manipulation+1"],"picked":"SKIP","floor":41},{"not_picked":["PokerPlayerMod:DartThrow+1","PokerPlayerMod:Diamond2","PokerPlayerMod:Spade2","PokerPlayerMod:DiamondStrike+1"],"picked":"SKIP","floor":42},{"not_picked":["PokerPlayerMod:Sharpen","PokerPlayerMod:Configure","PokerPlayerMod:CardBurn","PokerPlayerMod:Spade5"],"picked":"SKIP","floor":45},{"not_picked":["PokerPlayerMod:DiamondStrike+1","PokerPlayerMod:Raise","PokerPlayerMod:Trickery+1","PokerPlayerMod:Spade2"],"picked":"SKIP","floor":48},{"not_picked":["PokerPlayerMod:Spade5","PokerPlayerMod:DiamondStrike+1","PokerPlayerMod:Diamond3","PokerPlayerMod:Diamond5"],"picked":"SKIP","floor":48},{"not_picked":["PokerPlayerMod:Configure","PokerPlayerMod:CardBurn","PokerPlayerMod:Heart2","PokerPlayerMod:VarietyAttack+1"],"picked":"SKIP","floor":54}],"player_experience":1503965,"relics_obtained":[{"floor":7.0,"key":"PokerPlayerMod:FairLicense"},{"floor":9.0,"key":"Question Card"},{"floor":10.0,"key":"Incense Burner"},{"floor":14.0,"key":"Potion Belt"},{"floor":23.0,"key":"Anchor"},{"floor":23.0,"key":"Blood Vial"},{"floor":26.0,"key":"War Paint"},{"floor":27.0,"key":"MealTicket"},{"floor":27.0,"key":"Blue Candle"},{"floor":28.0,"key":"Calipers"},{"floor":28.0,"key":"Darkstone Periapt"},{"floor":29.0,"key":"Enchiridion"},{"floor":30.0,"key":"PokerPlayerMod:JackpotMachine"},{"floor":30.0,"key":"Molten Egg 2"},{"floor":40,"key":"Strawberry"},{"floor":40,"key":"Ancient Tea Set"},{"floor":42,"key":"Girya"},{"floor":42,"key":"Regal Pillow"},{"floor":45,"key":"Lizard Tail"},{"floor":45,"key":"Juzu Bracelet"},{"floor":54,"key":"Sundial"},{"floor":54,"key":"Akabeko"}],"event_choices":[{"damage_healed":0.0,"max_hp_gain":0.0,"max_hp_loss":0.0,"gold_gain":0.0,"event_name":"Shining Light","player_choice":"Entered Light","floor":5.0,"gold_loss":0.0,"damage_taken":17.0,"cards_upgraded":["PokerPlayerMod:Spade2","PokerPlayerMod:Club3"]},{"damage_healed":0.0,"max_hp_gain":0.0,"max_hp_loss":0.0,"gold_gain":0.0,"event_name":"Upgrade Shrine","player_choice":"Upgraded","floor":12.0,"gold_loss":0.0,"damage_taken":0.0,"cards_upgraded":["PokerPlayerMod:Mulligan"]},{"damage_healed":0.0,"max_hp_gain":0.0,"max_hp_loss":0.0,"gold_gain":0.0,"event_name":"Addict","player_choice":"Stole Relic","floor":21.0,"gold_loss":0.0,"damage_taken":0.0,"relics_obtained":["Toy Ornithopter"],"cards_obtained":["Shame"]},{"cards_removed":["PokerPlayerMod:Diamond5"],"damage_healed":0.0,"max_hp_gain":0.0,"max_hp_loss":0.0,"gold_gain":0.0,"event_name":"WeMeetAgain","player_choice":"Gave Card","floor":24.0,"gold_loss":0.0,"damage_taken":0.0,"relics_obtained":["Smiling Mask"]},{"damage_healed":0.0,"max_hp_gain":0.0,"max_hp_loss":0.0,"gold_gain":0.0,"event_name":"Colosseum","player_choice":"Fight","floor":28.0,"gold_loss":0.0,"damage_taken":0.0},{"damage_healed":0.0,"max_hp_gain":0.0,"max_hp_loss":0.0,"gold_gain":0.0,"event_name":"Colosseum","player_choice":"Fought Nobs","floor":28.0,"gold_loss":0.0,"damage_taken":0.0},{"damage_healed":0.0,"max_hp_gain":0.0,"max_hp_loss":0.0,"gold_gain":0.0,"event_name":"Cursed Tome","player_choice":"Obtained Book","floor":29.0,"gold_loss":0.0,"damage_taken":21.0},{"damage_healed":0.0,"max_hp_gain":0.0,"max_hp_loss":0.0,"gold_gain":0.0,"cards_transformed":["PokerPlayerMod:Diamond2"],"event_name":"Transmorgrifier","player_choice":"Transformed","floor":38.0,"gold_loss":0.0,"damage_taken":0.0,"cards_obtained":["PokerPlayerMod:Configure"]},{"damage_healed":0,"gold_gain":0,"player_choice":"Upgraded","damage_taken":0,"max_hp_gain":0,"max_hp_loss":0,"event_name":"Upgrade Shrine","floor":47,"gold_loss":0,"cards_upgraded":["PokerPlayerMod:Configure"]}],"is_beta":false,"boss_relics":[{"not_picked":["Runic Dome","Sozu"],"picked":"Black Star"},{"not_picked":["PokerPlayerMod:AceCard","Tiny House"],"picked":"Cursed Key"}],"items_purged_floors":[11,39,53],"is_endless":false,"potions_floor_spawned":[1,4,7,10,16,18,25,28,37,40,48,54],"ascension_level":15}}