{"host":"mwsmbxdngw43p4je","time":1608754114,"event":{"mods":["BaseMod","Better Third Choice","Colored Map","Colored Powertips","DeckTracker","Downfall","Minty Spire (QoL Compilation)","Permanent Neow","Quick Restart","Relic Stats","Replay The Spire","StSLib"],"gold_per_floor":[117,117,136,152,165,190,190,190,190,190,190,59,90,77,77,174,174,163,180,133,183,108,108,42,42,42,42,52,78,78,98,98,203,203,221,221,269,269,281,281,281],"floor_reached":40,"playtime":2257,"items_purged":[],"score":635,"play_id":"c7500514-dccc-4b02-93de-ef7d6d11985a","local_time":"20201223140834","is_ascension_mode":true,"campfire_choices":[{"floor":7.0,"key":"REST"},{"floor":15.0,"key":"REST"},{"floor":23.0,"key":"REST"},{"floor":27.0,"key":"REST"},{"floor":30.0,"key":"REST"},{"data":"Accuracy","floor":32.0,"key":"SMITH"}],"circlet_count":0,"master_deck":["Strike_G+1","Strike_G","Strike_G","Defend_G","Defend_G","Defend_G+1","Defend_G","Defend_G","Survivor","Neutralize","Replay:Bag of Tricks","Blade Dance","Prepared","Accuracy+1","Blade Dance","Finisher","Finisher","Hidden Blade","ReplayTheSpireMod:IOU","A Thousand Cuts","A Thousand Cuts","ReplayTheSpireMod:Speed Training","Footwork+1","Cloak And Dagger","Backflip","Decay","Die Die Die+1","Sucker Punch+1","ReplayTheSpireMod:Splinters","Blade Dance","PiercingWail+1"],"relics":["Ring of the Snake","Blue Doll","White Beast Statue","Regal Pillow","Lizard Tail","Simple Rune","Replay:Wax Seal","ReplayTheSpireMod:DimensionalGlitch","Ring of Hypnosis","Ring of Greed","MealTicket","Tiny Chest","InkBottle","CaptainsWheel","Golden Egg","Honey Jar","Pantograph","Sundial","Du-Vu Doll"],"acts_visited":["Exordium","TheCity","TheBeyond"],"potions_floor_usage":[],"damage_taken":[{"damage":1.0,"enemies":"Jaw Worm","floor":1.0,"turns":4.0},{"damage":0.0,"enemies":"Cultist","floor":3.0,"turns":2.0},{"damage":0.0,"enemies":"Small Slimes","floor":4.0,"turns":3.0},{"damage":2.0,"enemies":"Exordium Wildlife","floor":5.0,"turns":3.0},{"damage":19.0,"enemies":"3 Sentries","floor":6.0,"turns":10.0},{"damage":0.0,"enemies":"Gremlin Nob","floor":13.0,"turns":2.0},{"damage":30.0,"enemies":"The Guardian","floor":16.0,"turns":10.0},{"damage":12.0,"enemies":"2 Thieves","floor":18.0,"turns":4.0},{"damage":19.0,"enemies":"Spheric Guardian","floor":19.0,"turns":5.0},{"damage":55.0,"enemies":"Gremlin Leader","floor":24.0,"turns":8.0},{"damage":31.0,"enemies":"Cultist and Chosen","floor":28.0,"turns":7.0},{"damage":8.0,"enemies":"Slavers","floor":29.0,"turns":3.0},{"damage":2.0,"enemies":"Snake Plant","floor":31.0,"turns":6.0},{"damage":41.0,"enemies":"Pondfish","floor":33.0,"turns":8.0},{"damage":0.0,"enemies":"Orb Walker","floor":35.0,"turns":2.0},{"damage":1.0,"enemies":"3 Darklings","floor":39.0,"turns":4.0}],"seed_played":"3263097672206521985","potions_obtained":[{"floor":4.0,"key":"ColorlessPotion"},{"floor":5.0,"key":"EssenceOfSteel"},{"floor":13.0,"key":"Adrenaline Potion"},{"floor":16.0,"key":"PowerPotion"},{"floor":18.0,"key":"Poison Potion"},{"floor":19.0,"key":"Fruit Juice"},{"floor":24.0,"key":"Strength Potion"},{"floor":25.0,"key":"Languid Potion"},{"floor":28.0,"key":"SteroidPotion"},{"floor":29.0,"key":"DistilledChaos"},{"floor":31.0,"key":"SpeedPotion"},{"floor":33.0,"key":"Poison Potion"},{"floor":35.0,"key":"SkillPotion"},{"floor":37.0,"key":"GamblersBrew"},{"floor":39.0,"key":"Weak Potion"}],"is_trial":false,"path_per_floor":["M","?","M","M","M","E","R","?","T","T","?","$","E","$","R","B",null,"M","M","$","?","?","R","E","?","T","R","M","E","R","M","R","B",null,"M","T","?","?","M","R"],"character_chosen":"THE_SILENT","items_purchased":["Accuracy","Blade Dance","Finisher","Replay:Wax Seal","A Thousand Cuts","Footwork+1"],"campfire_rested":5,"item_purchase_floors":[12,12,12,14,14,20],"current_hp_per_floor":[48,48,48,48,46,27,48,48,48,48,15,15,15,15,51,21,70,58,39,39,39,39,70,18,18,18,55,24,16,53,51,51,10,75,75,75,75,75,74,74,74],"gold":281,"neow_bonus":"THREE_RARE_CARDS","is_daily":false,"chose_seed":false,"campfire_upgraded":1,"win_rate":0.0,"timestamp":1608754114,"path_taken":["M","?","M","?","?","E","R","?","T","?","?","$","E","$","R","BOSS","M","M","$","?","?","R","E","?","T","R","M","E","R","?","R","BOSS","M","?","?","?","M","R"],"items_purchased_type":["Card","Card","Card","Relic","Card","Card"],"build_version":"2020-12-22","purchased_purges":0,"victory":false,"max_hp_per_floor":[70,70,70,70,70,70,70,70,70,70,70,70,70,70,70,70,70,70,70,70,70,70,70,75,75,75,75,75,75,75,75,75,75,75,75,75,75,75,75,75,75],"relic_stats":{"Regal Pillow":55,"Lizard Tail":0,"counters":[16,81],"Sundial":[0],"Pantograph":0,"MealTicket":0,"Tiny Chest":1,"obtain_stats":[{"Golden Egg":29,"Regal Pillow":10,"Ring of Hypnosis":21,"Blue Doll":6,"Ring of Greed":21,"White Beast Statue":9,"Du-Vu Doll":38,"Lizard Tail":11,"CaptainsWheel":26,"Sundial":37,"Pantograph":36,"Honey Jar":34,"Simple Rune":13,"MealTicket":21,"Tiny Chest":21,"Replay:Wax Seal":14,"ReplayTheSpireMod:DimensionalGlitch":17,"InkBottle":24,"Ring of the Snake":0},{"Golden Egg":12,"Regal Pillow":5,"Ring of Hypnosis":9,"Blue Doll":5,"Ring of Greed":9,"White Beast Statue":5,"Du-Vu Doll":15,"Lizard Tail":5,"CaptainsWheel":10,"Sundial":15,"Pantograph":15,"Honey Jar":14,"Simple Rune":6,"MealTicket":9,"Tiny Chest":9,"Replay:Wax Seal":6,"ReplayTheSpireMod:DimensionalGlitch":7,"InkBottle":10,"Ring of the Snake":0},{"Golden Egg":61,"Regal Pillow":22,"Ring of Hypnosis":43,"Blue Doll":22,"Ring of Greed":43,"White Beast Statue":22,"Du-Vu Doll":77,"Lizard Tail":22,"CaptainsWheel":51,"Sundial":77,"Pantograph":77,"Honey Jar":75,"Simple Rune":24,"MealTicket":43,"Tiny Chest":43,"Replay:Wax Seal":24,"ReplayTheSpireMod:DimensionalGlitch":34,"InkBottle":51,"Ring of the Snake":0}],"InkBottle":[17],"Ring of the Snake":[32]},"card_choices":[{"not_picked":["Adrenaline","Unload"],"picked":"Replay:Bag of Tricks","floor":0.0},{"not_picked":["Expertise","Sucker Punch"],"picked":"Blade Dance","floor":1.0},{"not_picked":["Flying Knee","Underhanded Strike"],"picked":"Prepared","floor":3.0},{"not_picked":["Dagger Throw","Deadly Poison","Outmaneuver"],"picked":"SKIP","floor":4.0},{"not_picked":["Calculated Gamble","ReplayTheSpireMod:Exploit Weakness","Noxious Fumes"],"picked":"SKIP","floor":5.0},{"not_picked":["All Out Attack","Acrobatics","Atom Bomb"],"picked":"SKIP","floor":6.0},{"not_picked":["Dash","ReplayTheSpireMod:Scrap Shanks"],"picked":"Hidden Blade","floor":13.0},{"not_picked":["Tools of the Trade","Malaise"],"picked":"A Thousand Cuts","floor":16.0},{"not_picked":["Outmaneuver","Dagger Spray"],"picked":"ReplayTheSpireMod:Speed Training","floor":18.0},{"not_picked":["Hidden Blade+1","Sucker Punch","Quick Slash"],"picked":"SKIP","floor":19.0},{"not_picked":["Endless Agony+1","Acrobatics"],"picked":"Cloak And Dagger","floor":24.0},{"not_picked":["Dodge and Roll","Eviscerate","Masterful Stab"],"picked":"SKIP","floor":28.0},{"not_picked":["Dagger Spray","Eviscerate"],"picked":"Backflip","floor":29.0},{"not_picked":["ReplayTheSpireMod:Scrap Shanks","Quick Slash","Predator"],"picked":"SKIP","floor":31.0},{"not_picked":["Adrenaline","ReplayTheSpireMod:Necrosis"],"picked":"Die Die Die","floor":33.0},{"not_picked":["Poisoned Stab","Flying Knee+1","Outmaneuver+1"],"picked":"Sucker Punch+1","floor":35.0},{"not_picked":["Underhanded Strike","ReplayTheSpireMod:The Works+1","Prepared+1"],"picked":"Blade Dance","floor":37.0},{"not_picked":["Poisoned Stab+1","Leg Sweep+1","Predator+1"],"picked":"PiercingWail+1","floor":39.0}],"player_experience":416580,"relics_obtained":[{"floor":6.0,"key":"Blue Doll"},{"floor":9.0,"key":"White Beast Statue"},{"floor":10.0,"key":"Regal Pillow"},{"floor":13.0,"key":"Simple Rune"},{"floor":21.0,"key":"Ring of Hypnosis"},{"floor":21.0,"key":"Ring of Greed"},{"floor":21.0,"key":"MealTicket"},{"floor":21.0,"key":"Tiny Chest"},{"floor":24.0,"key":"InkBottle"},{"floor":26.0,"key":"CaptainsWheel"},{"floor":29.0,"key":"Golden Egg"},{"floor":36.0,"key":"Pantograph"},{"floor":37.0,"key":"Sundial"}],"event_choices":[{"cards_removed":["Strike_G"],"damage_healed":0.0,"max_hp_gain":0.0,"max_hp_loss":0.0,"gold_gain":0.0,"event_name":"Bonfire Elementals","player_choice":"Offered Basic","floor":2.0,"gold_loss":0.0,"damage_taken":0.0},{"damage_healed":0.0,"max_hp_gain":0.0,"max_hp_loss":0.0,"gold_gain":0.0,"event_name":"betterThird:BetterScrap","player_choice":"Relic ","floor":11.0,"gold_loss":0.0,"damage_taken":33.0,"cards_obtained":["Reckless Charge"]},{"cards_removed":["Spreading Infection"],"damage_healed":0.0,"max_hp_gain":0.0,"max_hp_loss":0.0,"gold_gain":0.0,"event_name":"Beggar","player_choice":"Gave Gold","floor":22.0,"gold_loss":75.0,"damage_taken":0.0},{"damage_healed":0.0,"max_hp_gain":0.0,"max_hp_loss":0.0,"gold_gain":0.0,"event_name":"Lab","player_choice":"Got Potions","floor":25.0,"gold_loss":0.0,"damage_taken":0.0},{"damage_healed":0.0,"max_hp_gain":0.0,"max_hp_loss":0.0,"gold_gain":0.0,"event_name":"WeMeetAgain","player_choice":"Gave Potion","floor":38.0,"gold_loss":0.0,"damage_taken":0.0,"relics_obtained":["Du-Vu Doll"]}],"is_beta":false,"boss_relics":[{"not_picked":["ChewingGum","HoveringKite"],"picked":"ReplayTheSpireMod:DimensionalGlitch"},{"not_picked":["Snecko Scales","Runic Pyramid"],"picked":"Honey Jar"}],"items_purged_floors":[],"is_endless":false,"potions_floor_spawned":[4,5,13,16,18,19,24,28,29,31,33,35,39],"ascension_level":1}}