{"host":"7qwh44rcs0e87z6o","time":1608763975,"event":{"mods":["AchievementEnabler","BaseMod","Better-Laid Plans","Card Forge","Colored Powertips","Curses Come First","DeckTracker","Gold Saver","Minty Spire (QoL Compilation)","Quick Restart","StSLib"],"gold_per_floor":[1259,1434,1445,1397,1411,1411,1440,1457,1484,1484,1494,834,852,289,289,394,394,413,512,512,172,184,184,215,215,215,215,231,231,243,278,278,374,374,394,394,408,458,469,469,146,159,186,198,198,198,198,217,217,217,217],"floor_reached":50,"playtime":2619,"items_purged":[],"score":532,"play_id":"0d9f85c9-0797-4750-bab4-d5189f4d7c8e","local_time":"20201223175255","is_ascension_mode":false,"campfire_choices":[{"floor":6,"key":"REST"},{"data":"Flying Knee","floor":10,"key":"SMITH"},{"floor":15,"key":"REST"},{"floor":23,"key":"REST"},{"floor":29,"key":"REST"},{"floor":32,"key":"REST"},{"floor":40,"key":"REST"},{"floor":45,"key":"REST"},{"floor":49,"key":"REST"}],"circlet_count":0,"master_deck":["Strike_G+1","Strike_G+1","Strike_G+1","Strike_G+1","Strike_G+1","Defend_G+1","Defend_G+1","Defend_G+1","Defend_G+1","Defend_G+1","Survivor+1","Barricade+1","Metallicize+1","Barricade+1","Metallicize+1","Choke+1","Terror+1","Deadly Poison+1","Flying Knee+1","Poisoned Stab+1","Mayhem+1","Dramatic Entrance+1","Terror+1","Envenom+1","Deadly Poison+1","Corpse Explosion+1","Envenom+1","Magnetism+1","Well Laid Plans+1","Amplify+1","Outmaneuver+1","Noxious Fumes+1","Deadly Poison+1","FTL+1","Creative AI+1","Madness+1","Dramatic Entrance+1","Blind+1","CutThroughFate","Mayhem+1","Fasting2+1"],"relics":["Ring of the Snake","Hammer of Thor","Seething Fire","Anvil of the Gods","Omamori","MealTicket","Darkstone Periapt","DollysMirror","Lantern","PrismaticShard","Fusion Hammer","Frozen Egg 2","Vajra","PreservedInsect","Pantograph","Happy Flower","Busted Crown","Tingsha","Juzu Bracelet","Regal Pillow","Ninja Scroll"],"acts_visited":["Exordium","TheCity","TheBeyond"],"potions_floor_usage":[33,42],"damage_taken":[{"damage":4,"enemies":"Jaw Worm","floor":1,"turns":5},{"damage":7,"enemies":"Small Slimes","floor":3,"turns":4},{"damage":0,"enemies":"Cultist","floor":5,"turns":4},{"damage":0,"enemies":"Lagavulin","floor":7,"turns":7},{"damage":0,"enemies":"Large Slime","floor":8,"turns":5},{"damage":23,"enemies":"Exordium Thugs","floor":11,"turns":6},{"damage":13,"enemies":"Red Slaver","floor":13,"turns":3},{"damage":24,"enemies":"Hexaghost","floor":16,"turns":7},{"damage":0,"enemies":"2 Thieves","floor":18,"turns":2},{"damage":29,"enemies":"3 Byrds","floor":22,"turns":5},{"damage":19,"enemies":"Slavers","floor":24,"turns":3},{"damage":30,"enemies":"Snecko","floor":28,"turns":4},{"damage":14,"enemies":"Centurion and Healer","floor":30,"turns":5},{"damage":22,"enemies":"Book of Stabbing","floor":31,"turns":3},{"damage":8,"enemies":"Champ","floor":33,"turns":8},{"damage":6,"enemies":"3 Shapes","floor":35,"turns":4},{"damage":18,"enemies":"Orb Walker","floor":37,"turns":4},{"damage":3,"enemies":"Mind Bloom Boss Battle","floor":38,"turns":9},{"damage":34,"enemies":"Maw","floor":39,"turns":7},{"damage":22,"enemies":"Transient","floor":42,"turns":5},{"damage":16,"enemies":"Spire Growth","floor":44,"turns":3},{"damage":19,"enemies":"3 Darklings","floor":48,"turns":3},{"damage":93,"enemies":"Time Eater","floor":50,"turns":5}],"seed_played":"-4577171562510673981","potions_obtained":[{"floor":31,"key":"DistilledChaos"},{"floor":42,"key":"Fruit Juice"}],"is_trial":false,"path_per_floor":["M","?","M","?","M","R","E","M","T","R","M","$","M","$","R","B",null,"M","?","?","$","M","R","E","T","T","?","M","R","M","E","R","B",null,"M","?","M","?","M","R","$","M","T","M","R","T","?","M","R","B"],"character_chosen":"THE_SILENT","items_purchased":["Darkstone Periapt","Mayhem","Dramatic Entrance","DollysMirror","Lantern","Magnetism","Well Laid Plans","PrismaticShard","Frozen Egg 2","Noxious Fumes+1","Mayhem+1","Juzu Bracelet"],"campfire_rested":8,"item_purchase_floors":[12,12,12,12,14,14,14,14,21,21,41,41],"current_hp_per_floor":[73,73,66,66,66,77,77,77,77,77,54,69,56,71,77,53,77,77,77,77,77,48,71,52,52,52,77,47,70,56,34,57,69,77,71,61,43,65,31,54,69,52,52,36,75,75,75,56,82,0,0],"gold":217,"neow_bonus":"TEN_PERCENT_HP_BONUS","is_daily":false,"chose_seed":false,"campfire_upgraded":1,"win_rate":0.0,"timestamp":1608763975,"path_taken":["M","?","M","?","M","R","E","M","T","R","M","$","M","$","R","BOSS","M","?","?","$","M","R","E","?","T","?","M","R","M","E","R","BOSS","M","?","M","?","M","R","$","M","T","M","R","?","?","M","R","BOSS"],"items_purchased_type":["Relic","Card","Card","Relic","Relic","Card","Card","Relic","Relic","Card","Card","Relic"],"build_version":"2020-12-22","purchased_purges":0,"victory":false,"max_hp_per_floor":[77,77,77,77,77,77,77,77,77,77,77,77,77,77,77,77,77,77,77,77,77,77,77,77,77,77,77,77,77,77,77,77,77,77,77,77,77,77,77,77,77,82,82,82,82,82,82,82,82,82,82],"card_choices":[{"not_picked":["Slice","Heel Hook"],"picked":"Choke","floor":1},{"not_picked":["Leg Sweep","Prepared"],"picked":"Terror","floor":3},{"not_picked":["Backflip","Dodge and Roll"],"picked":"Deadly Poison","floor":5},{"not_picked":["Underhanded Strike","Dodge and Roll","Finisher"],"picked":"SKIP","floor":7},{"not_picked":["Quick Slash","Underhanded Strike"],"picked":"Flying Knee","floor":8},{"not_picked":["Quick Slash","Dagger Throw"],"picked":"Poisoned Stab","floor":11},{"not_picked":["Poisoned Stab","Expertise"],"picked":"Envenom","floor":13},{"not_picked":["Metamorphosis","Double Tap"],"picked":"Amplify","floor":16},{"not_picked":["Havoc","Warcry+1"],"picked":"Outmaneuver","floor":18},{"not_picked":["Mind Blast+1","EmptyBody"],"picked":"Deadly Poison","floor":22},{"not_picked":["Iron Wave","LessonLearned"],"picked":"FTL+1","floor":24},{"not_picked":["Anger","Steam","Halt"],"picked":"SKIP","floor":28},{"not_picked":["JustLucky","Dropkick","Dodge and Roll"],"picked":"SKIP","floor":30},{"not_picked":["Secret Weapon","Carnage+1","Consume"],"picked":"SKIP","floor":31},{"not_picked":["Phantasmal Killer","ConjureBlade"],"picked":"Creative AI+1","floor":33},{"not_picked":["Sever Soul"],"picked":"SKIP","floor":35},{"not_picked":[],"picked":"Madness","floor":36},{"not_picked":[],"picked":"Dramatic Entrance","floor":36},{"not_picked":[],"picked":"Blind","floor":36},{"not_picked":["Ghostly Armor+1"],"picked":"SKIP","floor":37},{"not_picked":[],"picked":"CutThroughFate","floor":38},{"not_picked":["Deflect"],"picked":"SKIP","floor":39},{"not_picked":[],"picked":"Fasting2+1","floor":42},{"not_picked":["SashWhip"],"picked":"SKIP","floor":44},{"not_picked":["JustLucky+1"],"picked":"SKIP","floor":48}],"player_experience":19222,"relics_obtained":[{"floor":7,"key":"Omamori"},{"floor":9,"key":"MealTicket"},{"floor":24,"key":"Vajra"},{"floor":25,"key":"PreservedInsect"},{"floor":26,"key":"Pantograph"},{"floor":31,"key":"Happy Flower"},{"floor":38,"key":"Tingsha"},{"floor":43,"key":"Regal Pillow"},{"floor":46,"key":"Ninja Scroll"}],"event_choices":[{"damage_healed":0,"gold_gain":175,"player_choice":"AGREE","damage_taken":0,"max_hp_gain":0,"max_hp_loss":0,"event_name":"Liars Game","floor":2,"gold_loss":0,"cards_obtained":["Doubt"]},{"damage_healed":0,"gold_gain":0,"player_choice":"Left Gold","damage_taken":0,"max_hp_gain":0,"max_hp_loss":0,"event_name":"World of Goop","floor":4,"gold_loss":48},{"damage_healed":0,"gold_gain":99,"player_choice":"Stole From Cult","damage_taken":0,"max_hp_gain":0,"max_hp_loss":0,"event_name":"Nest","floor":19,"gold_loss":0},{"cards_removed":["Doubt"],"damage_healed":0,"gold_gain":0,"player_choice":"Elegance","damage_taken":0,"max_hp_gain":0,"max_hp_loss":0,"event_name":"Back to Basics","floor":20,"gold_loss":0},{"damage_healed":25,"gold_gain":0,"player_choice":"Heal","damage_taken":0,"max_hp_gain":0,"max_hp_loss":0,"event_name":"The Library","floor":27,"gold_loss":0},{"damage_healed":0,"gold_gain":0,"player_choice":"Memory 3","damage_taken":10,"max_hp_gain":0,"max_hp_loss":0,"event_name":"SensoryStone","floor":36,"gold_loss":0},{"damage_healed":0,"gold_gain":0,"player_choice":"Fight","damage_taken":0,"max_hp_gain":0,"max_hp_loss":0,"event_name":"MindBloom","floor":38,"gold_loss":0},{"cards_removed":["Neutralize"],"damage_healed":0,"gold_gain":0,"player_choice":"Removed Attack","damage_taken":0,"max_hp_gain":0,"max_hp_loss":0,"event_name":"Falling","floor":47,"gold_loss":0}],"is_beta":false,"boss_relics":[{"not_picked":["Philosopher\u0027s Stone","WristBlade"],"picked":"Fusion Hammer"},{"not_picked":["Sozu","HoveringKite"],"picked":"Busted Crown"}],"items_purged_floors":[],"is_endless":false,"potions_floor_spawned":[1,3,8,11,24,30,31,33,35,42,48],"killed_by":"Time Eater","ascension_level":0}}