{"host":"3t6uby4o5waaq95r","time":1608750665,"event":{"mods":["AchievementEnabler","BaseMod","Bestiary","Colored Map","Highlight Path","Minty Spire (QoL Compilation)","Permanent Neow","Quick Restart","Random Character Button","SuperFastMode"],"gold_per_floor":[115,131,56,56,56,69,69,0,0,20,40,40,52,72,72,168,168,187,112,112,128,128,128,0,0,51,51,65,65,65,76,76,181,181,195,21,21,38,51,51,66,66,66,66,85,102,102,4,4,4,4],"floor_reached":50,"playtime":1222,"items_purged":["Strike_B"],"score":457,"play_id":"da36aacd-2c81-412f-b94b-56271f91f48f","local_time":"20201223131105","is_ascension_mode":false,"campfire_choices":[{"data":"Zap","floor":7.0,"key":"SMITH"},{"data":"Deep Breath","floor":15.0,"key":"SMITH"},{"data":"Hyperbeam","floor":23.0,"key":"SMITH"},{"data":"Hologram","floor":25.0,"key":"SMITH"},{"data":"Rip and Tear","floor":27.0,"key":"SMITH"},{"data":"Go for the Eyes","floor":30.0,"key":"SMITH"},{"data":"Sweeping Beam","floor":32.0,"key":"SMITH"},{"floor":40.0,"key":"REST"},{"floor":42.0,"key":"REST"},{"floor":47.0,"key":"REST"},{"data":"Thunder Strike","floor":49.0,"key":"SMITH"}],"circlet_count":0,"master_deck":["Zap+1","Dualcast","Deep Breath+1","Go for the Eyes+1","BootSequence+1","Melter","Rip and Tear+1","Hologram+1","Ball Lightning","Hyperbeam+1","Cold Snap+1","Electrodynamics+1","Rebound+1","White Noise+1","Ball Lightning","Static Discharge","Go for the Eyes+1","Necronomicurse","Sweeping Beam+1","Thunder Strike+1","Sunder","Swift Strike","All For One","Aggregate+1","Steam+1","Steam Power+1","Compile Driver+1","Impatience"],"relics":["Cracked Core","Mercury Hourglass","Odd Mushroom","Astrolabe","Necronomicon","Akabeko","Empty Cage","Bottled Tornado"],"acts_visited":["Exordium","TheCity","TheBeyond"],"potions_floor_usage":[50,50,50],"damage_taken":[{"damage":5.0,"enemies":"Cultist","floor":1.0,"turns":4.0},{"damage":0.0,"enemies":"Small Slimes","floor":2.0,"turns":3.0},{"damage":5.0,"enemies":"Jaw Worm","floor":6.0,"turns":4.0},{"damage":2.0,"enemies":"The Mushroom Lair","floor":10.0,"turns":3.0},{"damage":0.0,"enemies":"Exordium Wildlife","floor":11.0,"turns":3.0},{"damage":0.0,"enemies":"2 Fungi Beasts","floor":13.0,"turns":2.0},{"damage":0.0,"enemies":"3 Louse","floor":14.0,"turns":2.0},{"damage":20.0,"enemies":"Slime Boss","floor":16.0,"turns":7.0},{"damage":0.0,"enemies":"3 Byrds","floor":18.0,"turns":3.0},{"damage":0.0,"enemies":"Spheric Guardian","floor":21.0,"turns":3.0},{"damage":6.0,"enemies":"3 Cultists","floor":28.0,"turns":2.0},{"damage":0.0,"enemies":"Shelled Parasite and Fungi","floor":31.0,"turns":2.0},{"damage":60.0,"enemies":"Champ","floor":33.0,"turns":8.0},{"damage":0.0,"enemies":"Orb Walker","floor":35.0,"turns":2.0},{"damage":8.0,"enemies":"3 Darklings","floor":38.0,"turns":3.0},{"damage":20.0,"enemies":"4 Shapes","floor":39.0,"turns":3.0},{"damage":32.0,"enemies":"Maw","floor":41.0,"turns":6.0},{"damage":0.0,"enemies":"3 Darklings","floor":45.0,"turns":2.0},{"damage":12.0,"enemies":"Spire Growth","floor":46.0,"turns":3.0},{"damage":83,"enemies":"Time Eater","floor":50,"turns":5}],"seed_played":"-5364055090551570956","potions_obtained":[{"floor":1.0,"key":"DistilledChaos"},{"floor":11.0,"key":"PotionOfCapacity"},{"floor":13.0,"key":"Regen Potion"},{"floor":18.0,"key":"EssenceOfDarkness"},{"floor":33.0,"key":"GamblersBrew"},{"floor":38.0,"key":"PotionOfCapacity"},{"floor":46.0,"key":"ColorlessPotion"}],"is_trial":false,"path_per_floor":["M","M","$","?","$","M","R","$","T","?","M","?","M","M","R","B",null,"M","?","?","M","?","R","?","R","T","R","M","?","R","M","R","B",null,"M","$","?","M","M","R","M","R","T","?","M","M","R","$","R","B"],"character_chosen":"DEFECT","items_purchased":["Melter","Sunder","Swift Strike","Impatience"],"campfire_rested":3,"item_purchase_floors":[8,36,36,48],"current_hp_per_floor":[70,70,70,70,70,65,65,65,65,63,63,63,63,63,63,43,75,75,75,75,75,59,59,59,59,59,59,53,53,53,53,53,8,75,75,75,75,67,47,69,37,59,59,59,59,47,69,69,69,0,0],"gold":4,"neow_bonus":"RANDOM_COLORLESS","is_daily":false,"chose_seed":false,"campfire_upgraded":8,"win_rate":0.0,"timestamp":1608750665,"path_taken":["M","?","$","?","?","M","R","?","T","?","M","?","M","?","R","BOSS","M","?","?","M","?","R","?","R","T","R","?","?","R","?","R","BOSS","M","$","?","M","?","R","M","R","T","?","M","M","R","$","R","BOSS"],"items_purchased_type":["Card","Card","Card","Card"],"build_version":"2020-12-22","purchased_purges":1,"victory":false,"max_hp_per_floor":[75,75,75,75,75,75,75,75,75,75,75,75,75,75,75,75,75,75,75,75,75,75,75,75,75,75,75,75,75,75,75,75,75,75,75,75,75,75,75,75,75,75,75,75,75,75,75,75,75,75,75],"card_choices":[{"not_picked":["Discovery","Panacea"],"picked":"Deep Breath","floor":0.0},{"not_picked":["Leap","Coolheaded"],"picked":"Go for the Eyes","floor":1.0},{"not_picked":["Reinforced Body","Compile Driver"],"picked":"Loop","floor":2.0},{"not_picked":["Double Energy","Coolheaded"],"picked":"BootSequence","floor":6.0},{"not_picked":["Rebound","Meteor Strike"],"picked":"Rip and Tear","floor":10.0},{"not_picked":["BootSequence","Beam Cell"],"picked":"Hologram","floor":11.0},{"not_picked":["Beam Cell","Stack"],"picked":"Ball Lightning","floor":13.0},{"not_picked":["Redo","Undo"],"picked":"Compile Driver","floor":14.0},{"not_picked":["Amplify","Seek"],"picked":"Hyperbeam","floor":16.0},{"not_picked":["Beam Cell+1","Loop+1"],"picked":"White Noise+1","floor":18.0},{"not_picked":["Sweeping Beam","Glacier"],"picked":"Go for the Eyes+1","floor":21.0},{"not_picked":["Rebound","Lockon+1"],"picked":"Sweeping Beam","floor":28.0},{"not_picked":["Darkness","Coolheaded+1","Self Repair"],"picked":"SKIP","floor":31.0},{"not_picked":["Electrodynamics","Buffer"],"picked":"Thunder Strike","floor":33.0},{"not_picked":["Chaos","Aggregate","Recycle"],"picked":"SKIP","floor":35.0},{"not_picked":["Cold Snap","Sweeping Beam"],"picked":"Aggregate+1","floor":38.0},{"not_picked":["Conserve Battery","Consume","Coolheaded"],"picked":"SKIP","floor":39.0},{"not_picked":["Melter","Conserve Battery"],"picked":"Steam+1","floor":41.0},{"not_picked":["Stack","Coolheaded+1"],"picked":"Steam Power+1","floor":45.0},{"not_picked":["Consume+1","Chill+1"],"picked":"Compile Driver+1","floor":46.0}],"player_experience":791638,"relics_obtained":[{"floor":9.0,"key":"Mercury Hourglass"},{"floor":10.0,"key":"Odd Mushroom"},{"floor":22.0,"key":"Necronomicon"},{"floor":26.0,"key":"Akabeko"},{"floor":43.0,"key":"Bottled Tornado"}],"event_choices":[{"damage_healed":0.0,"max_hp_gain":0.0,"max_hp_loss":0.0,"gold_gain":0.0,"cards_transformed":["Strike_B"],"event_name":"Living Wall","player_choice":"Change","floor":4.0,"gold_loss":0.0,"damage_taken":0.0,"cards_obtained":["Glacier"]},{"damage_healed":0.0,"max_hp_gain":0.0,"max_hp_loss":0.0,"gold_gain":0.0,"event_name":"Mushrooms","player_choice":"Fought Mushrooms","floor":10.0,"gold_loss":0.0,"damage_taken":0.0},{"damage_healed":0.0,"max_hp_gain":0.0,"max_hp_loss":0.0,"gold_gain":0.0,"event_name":"The Cleric","player_choice":"Leave","floor":12.0,"gold_loss":0.0,"damage_taken":0.0},{"cards_removed":["Defend_B"],"damage_healed":0.0,"max_hp_gain":0.0,"max_hp_loss":0.0,"gold_gain":0.0,"event_name":"Beggar","player_choice":"Gave Gold","floor":19.0,"gold_loss":75.0,"damage_taken":0.0},{"damage_healed":0.0,"max_hp_gain":0.0,"max_hp_loss":0.0,"gold_gain":0.0,"cards_transformed":["Defend_B","Strike_B"],"event_name":"Drug Dealer","player_choice":"Became Test Subject","floor":20.0,"gold_loss":0.0,"damage_taken":0.0,"cards_obtained":["Ball Lightning","Static Discharge"]},{"damage_healed":0.0,"max_hp_gain":0.0,"max_hp_loss":0.0,"gold_gain":0.0,"event_name":"Cursed Tome","player_choice":"Obtained Book","floor":22.0,"gold_loss":0.0,"damage_taken":16.0},{"damage_healed":0.0,"max_hp_gain":0.0,"max_hp_loss":0.0,"gold_gain":0.0,"event_name":"Masked Bandits","player_choice":"Paid Fearfully","floor":24.0,"gold_loss":128.0,"damage_taken":0.0},{"damage_healed":0.0,"max_hp_gain":0.0,"max_hp_loss":0.0,"gold_gain":0.0,"event_name":"Upgrade Shrine","player_choice":"Upgraded","floor":29.0,"gold_loss":0.0,"damage_taken":0.0,"cards_upgraded":["BootSequence"]},{"damage_healed":0.0,"max_hp_gain":0.0,"max_hp_loss":0.0,"gold_gain":0.0,"event_name":"Match and Keep!","player_choice":"1 cards matched","floor":37.0,"gold_loss":0.0,"damage_taken":0.0,"cards_obtained":["All For One"]},{"cards_removed":["Loop"],"damage_healed":0.0,"max_hp_gain":0.0,"max_hp_loss":0.0,"gold_gain":0.0,"event_name":"Falling","player_choice":"Removed Power","floor":44.0,"gold_loss":0.0,"damage_taken":0.0}],"is_beta":false,"boss_relics":[{"not_picked":["Philosopher\u0027s Stone","Tiny House"],"picked":"Astrolabe"},{"not_picked":["Velvet Choker","Runic Dome"],"picked":"Empty Cage"}],"items_purged_floors":[3],"is_endless":false,"potions_floor_spawned":[1,11,13,14,18,28,33,38,46],"killed_by":"Time Eater","ascension_level":0}}