{"host":"j06fkfseroga8i8e","time":1608742395,"event":{"mods":["BaseMod","Bestiary","Colored Map","Colored Powertips","Minty Spire (QoL Compilation)","Relic Stats","StSLib","everything is the same but u backflip on backflip"],"gold_per_floor":[112,130,80,93,108,138,138,138,138],"floor_reached":8,"playtime":187,"items_purged":[],"score":87,"play_id":"a608b0eb-d48b-4890-97af-0649bec24617","local_time":"20201223115315","is_ascension_mode":true,"campfire_choices":[{"data":"Darkness","floor":7,"key":"SMITH"}],"circlet_count":0,"master_deck":["AscendersBane","Strike_B","Strike_B","Strike_B","Defend_B","Defend_B","Defend_B","Defend_B","Zap","Dualcast","Defragment","Darkness+1","Sweeping Beam","Compile Driver","Rip and Tear"],"relics":["Cracked Core","NeowsBlessing","Unceasing Top"],"acts_visited":["Exordium"],"potions_floor_usage":[],"damage_taken":[{"damage":0.0,"enemies":"Small Slimes","floor":1.0,"turns":1.0},{"damage":0.0,"enemies":"Cultist","floor":2.0,"turns":1.0},{"damage":0.0,"enemies":"2 Louse","floor":4.0,"turns":1.0},{"damage":15.0,"enemies":"Lots of Slimes","floor":5.0,"turns":3.0},{"damage":20,"enemies":"Lagavulin","floor":6,"turns":6},{"damage":40,"enemies":"3 Sentries","floor":8,"turns":4}],"seed_played":"8303789833117644315","potions_obtained":[{"floor":2.0,"key":"SteroidPotion"},{"floor":5,"key":"SteroidPotion"},{"floor":6,"key":"SteroidPotion"}],"is_trial":false,"path_per_floor":["M","M","?","M","M","E","R","E"],"character_chosen":"DEFECT","items_purchased":[],"campfire_rested":0,"item_purchase_floors":[],"current_hp_per_floor":[68,68,68,68,53,33,33,0,0],"gold":138,"neow_bonus":"THREE_ENEMY_KILL","is_daily":false,"chose_seed":false,"campfire_upgraded":1,"win_rate":0.0,"timestamp":1608742395,"path_taken":["M","M","?","M","M","E","R","E"],"items_purchased_type":[],"build_version":"2020-12-22","purchased_purges":0,"victory":false,"max_hp_per_floor":[75,75,75,75,75,75,75,75,75],"relic_stats":{"counters":[6,16],"obtain_stats":[{"NeowsBlessing":0,"Cracked Core":0,"Unceasing Top":6},{"NeowsBlessing":0,"Cracked Core":0,"Unceasing Top":5},{"NeowsBlessing":0,"Cracked Core":0,"Unceasing Top":12}],"Unceasing Top":[0]},"card_choices":[{"not_picked":["Streamline","Reprogram"],"picked":"Defragment","floor":1.0},{"not_picked":["Tempest","Ball Lightning"],"picked":"Darkness","floor":2.0},{"not_picked":["Stack","Chaos"],"picked":"Sweeping Beam","floor":4.0},{"not_picked":["Steam","Ball Lightning"],"picked":"Compile Driver","floor":5},{"not_picked":["Leap","Coolheaded"],"picked":"Rip and Tear","floor":6}],"player_experience":551885,"relics_obtained":[{"floor":6,"key":"Unceasing Top"}],"event_choices":[{"cards_removed":["Strike_B"],"damage_healed":0.0,"max_hp_gain":0.0,"max_hp_loss":0.0,"gold_gain":0.0,"event_name":"The Cleric","player_choice":"Card Removal","floor":3.0,"gold_loss":50.0,"damage_taken":0.0}],"is_beta":false,"boss_relics":[],"items_purged_floors":[],"is_endless":false,"potions_floor_spawned":[2,5,6],"killed_by":"3 Sentries","ascension_level":10}}