{"host":"4edbuligkc8x13l4","time":1608731927,"event":{"mods":["BaseMod","Minty Spire (QoL Compilation)","StSLib","SuperFastMode"],"gold_per_floor":[118,118,168,178,103,103,28,28,28],"floor_reached":8,"playtime":174,"items_purged":["Shockwave"],"score":88,"play_id":"6dbfaf98-8f5c-43bb-bb48-175caf2e3974","local_time":"20201223215847","daily_mods":["SealedDeck"],"is_ascension_mode":true,"campfire_choices":[{"data":"Havoc","floor":6.0,"key":"SMITH"}],"circlet_count":0,"master_deck":["AscendersBane","Intimidate","Disarm+1","Warcry+1","Havoc+1","Flex","Rage","Armaments","Rampage","Sword Boomerang","Inflame"],"relics":["Burning Blood"],"acts_visited":["Exordium"],"potions_floor_usage":[],"damage_taken":[{"damage":3.0,"enemies":"Jaw Worm","floor":1.0,"turns":4.0},{"damage":2.0,"enemies":"Small Slimes","floor":4.0,"turns":3.0},{"damage":0,"enemies":"3 Sentries","floor":8,"turns":1}],"seed_played":"-8997623933603398911","potions_obtained":[{"floor":1.0,"key":"Ancient Potion"},{"floor":4.0,"key":"FairyPotion"}],"is_trial":true,"path_per_floor":["M","?","?","M","$","R","?","E"],"character_chosen":"IRONCLAD","items_purchased":[],"campfire_rested":0,"item_purchase_floors":[],"current_hp_per_floor":[71,48,41,45,45,45,45,45,45],"gold":28,"neow_bonus":"","is_daily":false,"chose_seed":false,"campfire_upgraded":1,"win_rate":0.0,"timestamp":1608731927,"path_taken":["M","?","?","?","$","R","?","E"],"items_purchased_type":[],"build_version":"2020-12-22","purchased_purges":1,"victory":false,"max_hp_per_floor":[75,75,75,75,75,75,75,75,75],"card_choices":[{"not_picked":["Armaments","Perfected Strike"],"picked":"Sword Boomerang","floor":1.0},{"not_picked":["Warcry","Clothesline"],"picked":"Inflame","floor":4.0}],"player_experience":913145,"relics_obtained":[],"event_choices":[{"damage_healed":0.0,"max_hp_gain":0.0,"max_hp_loss":0.0,"gold_gain":0.0,"event_name":"Shining Light","player_choice":"Entered Light","floor":2.0,"gold_loss":0.0,"damage_taken":23.0,"cards_upgraded":["Warcry","Disarm"]},{"damage_healed":0.0,"max_hp_gain":0.0,"max_hp_loss":0.0,"gold_gain":50.0,"event_name":"FaceTrader","player_choice":"Touch","floor":3.0,"gold_loss":0.0,"damage_taken":7.0},{"cards_removed":["True Grit"],"damage_healed":0.0,"max_hp_gain":0.0,"max_hp_loss":0.0,"gold_gain":0.0,"event_name":"The Cleric","player_choice":"Card Removal","floor":7.0,"gold_loss":75.0,"damage_taken":0.0}],"is_beta":false,"boss_relics":[],"items_purged_floors":[5],"is_endless":false,"potions_floor_spawned":[1,4],"killed_by":"3 Sentries","ascension_level":20}}