{"host":"8xt6qtpg1rkermdd","time":1608730545,"event":{"mods":["AchievementEnabler","Astrologer","Bard","BaseMod","Colored Powertips","Downfall","Hermit","Highlight Path","Hubris","Infinite Spire","Jorbs\u0027s Wanderer Trilogy","Marisa????????","Minty Spire (QoL Compilation)","Replay The Spire","Shade Mod","StSLib","The Blackbeard","The Bladedancer","The Bug Knight","The Construct","The Cursed","The Disciple","The Dragon Tamer","The Gatherer","The Hayseed","The Marked","The Necromancer","The Runesmith","The Servant 0.9.4","TheArtist"],"gold_per_floor":[99,99,99,99,118,129,129,54,54,31,65,65,65,76,94,94,94,94],"floor_reached":16,"playtime":739,"items_purged":[],"score":98,"play_id":"44e0840b-28ff-4093-afe6-025bf5abe1cc","local_time":"20201223073545","is_ascension_mode":false,"campfire_choices":[{"floor":1,"key":"RECALL"},{"data":"hexamod:Sear","floor":8,"key":"SMITH"},{"floor":12,"key":"REST"}],"circlet_count":0,"master_deck":["hexamod:Strike","hexamod:Strike","hexamod:Strike","hexamod:Strike","hexamod:Defend","hexamod:Defend","hexamod:Defend","hexamod:Defend","hexamod:Sear+1","hexamod:Float","hexamod:ShieldOfDarkness","hexamod:ThirdSeal","hexamod:ChargedBarrage","hexamod:Incineration","hexamod:FirstSeal","hexamod:InspiringFlames","hexamod:GhostLash","hexamod:RainOfEmbers","hexamod:SearingWound","hubris:Compulsion","hexamod:EtherealExpedition","hexamod:SwordOfDarkness","hexamod:FirstSeal","hexamod:GhostShield","hexamod:ExtraCrispy","hexamod:Rewind","hexamod:RainOfEmbers","hexamod:FourthSeal","hexamod:NightmareGuise"],"relics":["hexamod:SpiritBrand","downfall:HeartsMalice","downfall:HeartBlessingRed","InkBottle","ReplayTheSpireMod:CursedCoin","Dream Catcher","infinitespire:Bottled Soul"],"acts_visited":["Exordium"],"potions_floor_usage":[],"damage_taken":[{"damage":0,"enemies":"infinitespire:Voidling","floor":2,"turns":1},{"damage":0,"enemies":"2 Louse","floor":3,"turns":1},{"damage":0,"enemies":"Jaw Worm","floor":4,"turns":1},{"damage":14,"enemies":"Exordium Thugs","floor":5,"turns":4},{"damage":7,"enemies":"2 Fungi Beasts","floor":6,"turns":5},{"damage":0,"enemies":"downfall:FleeingMerchant","floor":10,"turns":4},{"damage":47,"enemies":"3 Sentries","floor":11,"turns":9},{"damage":12,"enemies":"Large Slime","floor":14,"turns":3},{"damage":24,"enemies":"3 Louse","floor":15,"turns":4},{"damage":35,"enemies":"downfall:Defect","floor":16,"turns":4}],"seed_played":"-9077396681797210471","potions_obtained":[{"floor":5,"key":"PowerPotion"},{"floor":11,"key":"champ:CounterPotion"},{"floor":14,"key":"Adrenaline Potion"}],"is_trial":false,"path_per_floor":["R","M","M","M","M","M","T","R","?","$","E","R","T","M","M","B"],"character_chosen":"THE_SPIRIT","items_purchased":["ReplayTheSpireMod:CursedCoin","hexamod:EtherealExpedition","hexamod:SwordOfDarkness","hexamod:FirstSeal"],"campfire_rested":1,"item_purchase_floors":[10,10,10,10],"current_hp_per_floor":[70,70,70,70,56,56,56,56,49,56,23,44,44,39,22,0,0,0],"gold":94,"neow_bonus":"THREE_ENEMY_KILL","is_daily":false,"chose_seed":false,"campfire_upgraded":1,"win_rate":0.0,"timestamp":1608730545,"path_taken":["R","M","M","M","M","?","T","R","?","$","E","R","?","M","M","BOSS"],"items_purchased_type":["Relic","Card","Card","Card"],"build_version":"2020-12-22","purchased_purges":0,"victory":false,"max_hp_per_floor":[70,70,70,70,70,70,70,70,70,70,70,70,70,70,70,70,70,70],"card_choices":[{"not_picked":["hexamod:HeatCrush","hexamod:GhostOfSpireFuture"],"picked":"hexamod:ShieldOfDarkness","floor":2},{"not_picked":["hexamod:FastForward","hexamod:InspiringFlames"],"picked":"hexamod:ThirdSeal","floor":3},{"not_picked":["hexamod:DynamicBlow","hexamod:NightmareStrike"],"picked":"hexamod:ChargedBarrage","floor":4},{"not_picked":["hexamod:HauntingEcho","hexamod:RecurringNightmare"],"picked":"hexamod:Incineration","floor":5},{"not_picked":["hexamod:GhostShield","hexamod:BurningTouch"],"picked":"hexamod:FirstSeal","floor":5},{"not_picked":["hexamod:FastForward","hexamod:Rewind"],"picked":"hexamod:InspiringFlames","floor":6},{"not_picked":["hexamod:NightmareStrike","hexamod:Hexaguard"],"picked":"hexamod:GhostLash","floor":6},{"not_picked":["hexamod:ChargedBarrage","hexamod:DynamicBlow"],"picked":"hexamod:RainOfEmbers","floor":10},{"not_picked":["hexamod:AdvancingGuard","hexamod:GhostLash"],"picked":"hexamod:SearingWound","floor":10},{"not_picked":["hexamod:RetreatToShadows","hexamod:NightmareStrike"],"picked":"hexamod:GhostShield","floor":11},{"not_picked":["hexamod:HexaLevel","hexamod:ThermalTransfer"],"picked":"hexamod:ExtraCrispy","floor":11},{"not_picked":["hexamod:Haunt","hexamod:PhantomFireball"],"picked":"hexamod:Rewind","floor":12},{"not_picked":["hexamod:AdvancingGuard","hexamod:SkipABeat"],"picked":"hexamod:RainOfEmbers","floor":14},{"not_picked":["hexamod:RadiantFlame","hexamod:EmpoweredFlame"],"picked":"hexamod:FourthSeal","floor":14},{"not_picked":["hexamod:SixthSeal","hexamod:ThermalTransfer"],"picked":"hexamod:NightmareGuise","floor":15}],"player_experience":22762,"relics_obtained":[{"floor":11,"key":"Dream Catcher"},{"floor":13,"key":"infinitespire:Bottled Soul"}],"event_choices":[{"damage_healed":0,"gold_gain":0,"player_choice":"Success","damage_taken":7,"relics_obtained":["InkBottle"],"max_hp_gain":0,"max_hp_loss":0,"event_name":"Scrap Ooze","floor":9,"gold_loss":0}],"is_beta":false,"boss_relics":[],"items_purged_floors":[],"is_endless":false,"potions_floor_spawned":[5,11,14,15],"killed_by":"downfall:Defect","ascension_level":0}}