{"host":"vdpaduzlq0qlaikq","time":1608754377,"event":{"mods":["AchievementEnabler","BaseMod","Better Third Choice","BetterRewards","Colored Map","Downfall","Gold Saver","Hermit","Jorbs\u0027s Wanderer Trilogy","Minty Spire (QoL Compilation)","Relic Filter","Spicy Shops","StSLib","The Necromancer"],"gold_per_floor":[99,113,471,482,13,25,25,25,50,61,95,20,35,35,48,143,143,143,154,165,63,82,82,82,100,100,112,37,71,71,71,86,191,191,191,206,220,236,128,403,483,130,141,141,158,170,170,15,26,26],"floor_reached":51,"playtime":6747,"items_purged":["Decay","Shame","Regret"],"score":860,"play_id":"8d8efee4-c2c3-41f4-ba97-cacc58b9f150","local_time":"20201223181257","is_ascension_mode":true,"campfire_choices":[{"floor":1,"key":"RECALL"},{"data":"Guardian:CurlUp","floor":8,"key":"SMITH"},{"floor":12,"key":"REST"},{"data":"Guardian:GemFinder","floor":18,"key":"SMITH"},{"data":"Guardian:SpikerProtocol","floor":28,"key":"SMITH"},{"data":"Guardian:Suspension","floor":35,"key":"SMITH"},{"data":"Guardian:GemFire","floor":44,"key":"SMITH"}],"circlet_count":0,"master_deck":["Guardian:Strike_Guardian","Guardian:Strike_Guardian","Guardian:Strike_Guardian","Guardian:Strike_Guardian","Guardian:Defend_Guardian","Guardian:Defend_Guardian","Guardian:Defend_Guardian","Guardian:Defend_Guardian","Guardian:CurlUp+1","Guardian:TwinSlam","Guardian:PiercingHide","Guardian:Preprogram","Guardian:EvasiveProtocol","Guardian:PiercingHide","Guardian:SpikerProtocol","Guardian:Suspension+1","Guardian:GemFinder+1","Guardian:FloatingOrbs+1","Guardian:CrystalBeam","Guardian:Orbwalk+1","Guardian:SpikerProtocol+1","Guardian:PrismaticBeam","Guardian:WalkerClaw+1","Guardian:Recover","Guardian:PiercingHide+1","Guardian:Planning+1","Guardian:RollAttack+1","Guardian:Preprogram+1","Guardian:VentSteam","Guardian:Orbwalk","Guardian:GemFire+1","Guardian:FuturePlans","Guardian:Gem_Lightblue","Guardian:TimeCapacitor+1","Guardian:ShieldCharger","Guardian:Preprogram"],"relics":["Guardian:ModeShifter","Old Coin","Bronze Scales","Guardian:DefensiveModeMoreBlock","Tiny Chest","Pen Nib","downfall:HeartBlessingRed","expansioncontent:StudyCardRelic","Ornamental Fan","White Beast Statue","downfall:HeartBlessingBlue","Peace Pipe","Shuriken","SacredBark","Mummified Hand","Guardian:StasisUpgradeRelic","Eternal Feather","Gremlin Horn","Potion Belt"],"acts_visited":["Exordium","TheCity","TheBeyond"],"potions_floor_usage":[3,11,11,21,26,29,32,33,37,38,39,43,46,50],"damage_taken":[{"damage":0,"enemies":"2 Louse","floor":2,"turns":3},{"damage":47,"enemies":"Gremlin Nob","floor":3,"turns":7},{"damage":1,"enemies":"Jaw Worm","floor":4,"turns":5},{"damage":0,"enemies":"downfall:FleeingMerchant","floor":5,"turns":4},{"damage":2,"enemies":"Small Slimes","floor":6,"turns":5},{"damage":16,"enemies":"Lagavulin","floor":9,"turns":10},{"damage":0,"enemies":"2 Fungi Beasts","floor":10,"turns":4},{"damage":14,"enemies":"3 Sentries","floor":11,"turns":8},{"damage":0,"enemies":"Red Slaver","floor":13,"turns":2},{"damage":0,"enemies":"Large Slime","floor":15,"turns":7},{"damage":5,"enemies":"downfall:Watcher","floor":16,"turns":10},{"damage":0,"enemies":"3 Byrds","floor":19,"turns":2},{"damage":10,"enemies":"3 Cultists","floor":20,"turns":6},{"damage":0,"enemies":"downfall:FleeingMerchant","floor":21,"turns":4},{"damage":24,"enemies":"Shelled Parasite and Fungi","floor":22,"turns":4},{"damage":8,"enemies":"Centurion and Healer","floor":25,"turns":7},{"damage":2,"enemies":"downfall:Augmenter","floor":26,"turns":3},{"damage":0,"enemies":"Snecko","floor":27,"turns":3},{"damage":6,"enemies":"Book of Stabbing","floor":29,"turns":4},{"damage":0,"enemies":"3 Cultists","floor":32,"turns":3},{"damage":25,"enemies":"downfall:Ironclad","floor":33,"turns":5},{"damage":2,"enemies":"Orb Walker","floor":36,"turns":3},{"damage":11,"enemies":"3 Darklings","floor":37,"turns":4},{"damage":11,"enemies":"Sphere and 2 Shapes","floor":38,"turns":3},{"damage":0,"enemies":"downfall:FleeingMerchant","floor":39,"turns":4},{"damage":0,"enemies":"downfall:FleeingMerchant","floor":42,"turns":2},{"damage":0,"enemies":"Spire Growth","floor":43,"turns":2},{"damage":8,"enemies":"3 Darklings","floor":45,"turns":3},{"damage":0,"enemies":"4 Shapes","floor":46,"turns":1},{"damage":14,"enemies":"Sphere and 2 Shapes","floor":49,"turns":3},{"damage":5,"enemies":"downfall:Silent","floor":50,"turns":3}],"seed_played":"3495971605570100678","potions_obtained":[{"floor":2,"key":"LiquidBronze"},{"floor":6,"key":"SpeedPotion"},{"floor":9,"key":"CultistPotion"},{"floor":11,"key":"SmokeBomb"},{"floor":15,"key":"GamblersBrew"},{"floor":25,"key":"Dexterity Potion"},{"floor":27,"key":"Fire Potion"},{"floor":29,"key":"PowerPotion"},{"floor":32,"key":"Slimebound:ThreeZeroPotion"},{"floor":33,"key":"SkillPotion"},{"floor":36,"key":"Dexterity Potion"},{"floor":37,"key":"champ:CounterPotion"},{"floor":38,"key":"Ancient Potion"},{"floor":39,"key":"ColorlessPotion"},{"floor":42,"key":"Block Potion"},{"floor":43,"key":"Energy Potion"},{"floor":45,"key":"AttackPotion"},{"floor":46,"key":"DistilledChaos"},{"floor":49,"key":"ColorlessPotion"}],"is_trial":false,"path_per_floor":["R","M","?","M","$","M","T","R","E","M","E","R","M","?","M","B",null,"R","M","M","$","M","?","T","M","?","M","R","E","T","?","M","B",null,"R","M","M","M","$","?","T","$","M","R","M","M","T","$","M","B",null],"character_chosen":"GUARDIAN","items_purchased":["Bronze Scales","Guardian:DefensiveModeMoreBlock","Guardian:EvasiveProtocol","Guardian:SpikerProtocol","Guardian:VentSteam","Guardian:Orbwalk","Guardian:StasisUpgradeRelic","Eternal Feather","Guardian:FuturePlans","Potion Belt"],"campfire_rested":1,"item_purchase_floors":[5,5,5,21,39,39,42,42,42,48],"current_hp_per_floor":[96,96,49,48,48,46,46,46,30,30,16,44,44,44,44,39,96,96,96,86,86,62,62,62,54,52,52,62,56,56,56,56,31,106,106,104,93,82,82,82,82,82,82,103,95,95,95,95,81,76],"gold":26,"neow_bonus":"TWENTY_PERCENT_HP_BONUS","is_daily":false,"chose_seed":false,"campfire_upgraded":5,"win_rate":0.0,"timestamp":1608754377,"path_taken":["R","M","?","M","$","M","T","R","E","M","E","R","M","?","M","BOSS","R","M","M","$","M","?","T","M","?","M","R","E","?","?","M","BOSS","R","M","M","M","$","?","T","$","M","R","?","M","?","$","M","BOSS"],"items_purchased_type":["Relic","Relic","Card","Card","Card","Card","Relic","Relic","Card","Relic"],"build_version":"2020-12-22","purchased_purges":3,"victory":true,"max_hp_per_floor":[96,96,96,96,96,96,96,96,96,96,96,96,96,96,96,96,96,96,96,96,96,96,96,96,96,96,96,106,106,106,106,106,106,106,106,106,106,106,106,106,106,106,106,106,106,106,106,106,106,106],"card_choices":[{"not_picked":["Guardian:TemporalShield","Guardian:ChargeCore"],"picked":"Guardian:Gem_Green","floor":2},{"not_picked":["Guardian:VentSteam","Guardian:TemporalStrike"],"picked":"Guardian:PiercingHide","floor":3},{"not_picked":["Guardian:Gem_Yellow","Guardian:TimeBomb"],"picked":"Guardian:Gem_Lightblue","floor":4},{"not_picked":["Guardian:VentSteam","Guardian:CrystalBeam"],"picked":"Guardian:Preprogram","floor":5},{"not_picked":["Guardian:ShieldCharger","Guardian:RollAttack"],"picked":"Guardian:PiercingHide","floor":6},{"not_picked":["Guardian:ShieldCharger","Guardian:CrystalBeam"],"picked":"Guardian:Gem_Orange","floor":9},{"not_picked":["Guardian:PolyBeam","Guardian:Gem_Lightblue"],"picked":"Guardian:SpikerProtocol","floor":10},{"not_picked":["Guardian:FuturePlans","Guardian:WalkerClaw"],"picked":"Guardian:Gem_White","floor":11},{"not_picked":["Guardian:PrimingBeam","Guardian:TemporalStrike"],"picked":"Guardian:Gem_Red","floor":13},{"not_picked":["Guardian:PiercingHide","Guardian:SentryBeam"],"picked":"Guardian:Suspension","floor":15},{"not_picked":["Guardian:FierceBash","Guardian:CompilePackage"],"picked":"Guardian:GemFinder","floor":16},{"not_picked":["Guardian:Gem_Red","Guardian:Gem_Green"],"picked":"Guardian:Gem_Lightblue","floor":19},{"not_picked":["Guardian:MultiBeam","Guardian:TimeCapacitor"],"picked":"Guardian:FloatingOrbs+1","floor":19},{"not_picked":["Guardian:Gem_Lightblue","Guardian:Gem_Cyan"],"picked":"Guardian:Gem_Green","floor":20},{"not_picked":["Guardian:Gem_Cyan","Guardian:Repulse"],"picked":"Guardian:CrystalBeam","floor":20},{"not_picked":["Guardian:Suspension","Guardian:PrimingBeam"],"picked":"Guardian:Orbwalk+1","floor":21},{"not_picked":["Guardian:Gem_Green","Guardian:Gem_Cyan"],"picked":"Guardian:Gem_Red","floor":22},{"not_picked":["Guardian:TemporalShield+1","Guardian:Harden"],"picked":"Guardian:PrismaticBeam","floor":22},{"not_picked":["Guardian:Gem_Red","Guardian:Gem_Lightblue"],"picked":"Guardian:Gem_Green","floor":25},{"not_picked":["Guardian:MultiBeam","Guardian:Gem_Cyan"],"picked":"Guardian:Gem_Purple","floor":25},{"not_picked":["Guardian:Harden+1","Guardian:TemporalShield"],"picked":"Guardian:WalkerClaw+1","floor":27},{"not_picked":["Guardian:Gem_Red","Guardian:Gem_Green"],"picked":"Guardian:Gem_Lightblue","floor":29},{"not_picked":["Guardian:ChargeCore","Guardian:Gem_Green"],"picked":"Guardian:Recover","floor":29},{"not_picked":["Guardian:Gem_Green","Guardian:Gem_Lightblue"],"picked":"Guardian:Gem_Cyan","floor":32},{"not_picked":["Guardian:Gem_Purple","Guardian:Reroute"],"picked":"Guardian:Gem_Yellow","floor":32},{"not_picked":["Guardian:Gem_Lightblue","Guardian:Gem_Red"],"picked":"Guardian:Gem_Cyan","floor":33},{"not_picked":["Guardian:HyperBeam_Guardian","Guardian:Gem_Orange"],"picked":"Guardian:Gem_Synthetic","floor":33},{"not_picked":["Guardian:Gem_Green","Guardian:Gem_Fragmented"],"picked":"Guardian:PiercingHide+1","floor":36},{"not_picked":["Guardian:Gem_Green","Guardian:Gem_Red"],"picked":"Guardian:Gem_Cyan","floor":37},{"not_picked":["Guardian:Reroute","Guardian:Suspension+1"],"picked":"Guardian:Planning+1","floor":37},{"not_picked":["Guardian:Recover","Guardian:PrimingBeam+1"],"picked":"Guardian:RollAttack+1","floor":38},{"not_picked":["Guardian:Gem_Green","Guardian:Gem_Red"],"picked":"Guardian:Gem_Lightblue","floor":38},{"not_picked":["Guardian:TemporalStrike","Guardian:VentSteam+1"],"picked":"Guardian:Preprogram+1","floor":39},{"not_picked":["Guardian:Suspension+1","Guardian:Gem_Green"],"picked":"Guardian:GemFire","floor":42},{"not_picked":["Guardian:GuardianWhirl","Guardian:RollAttack+1"],"picked":"Guardian:Gem_Red","floor":43},{"not_picked":["Guardian:Gem_Green","Guardian:Gem_Cyan"],"picked":"Guardian:Gem_Lightblue","floor":45},{"not_picked":["Guardian:Reroute","Guardian:RefractedBeam"],"picked":"Guardian:TimeCapacitor+1","floor":45},{"not_picked":["Guardian:CrystalBeam","Guardian:Gem_Cyan"],"picked":"Guardian:ShieldCharger","floor":46},{"not_picked":["Guardian:Gem_Lightblue","Guardian:RollAttack"],"picked":"Guardian:Preprogram","floor":49}],"player_experience":590349,"relics_obtained":[{"floor":3,"key":"Old Coin"},{"floor":9,"key":"Tiny Chest"},{"floor":11,"key":"Pen Nib"},{"floor":24,"key":"White Beast Statue"},{"floor":29,"key":"Peace Pipe"},{"floor":30,"key":"Shuriken"},{"floor":41,"key":"Mummified Hand"},{"floor":47,"key":"Gremlin Horn"}],"event_choices":[{"damage_healed":0,"gold_gain":0,"player_choice":"Stole Relic","damage_taken":0,"relics_obtained":["Ornamental Fan"],"max_hp_gain":0,"max_hp_loss":0,"event_name":"Addict","floor":23,"gold_loss":0,"cards_obtained":["Shame"]},{"damage_healed":0,"gold_gain":0,"player_choice":"Ignored","damage_taken":0,"max_hp_gain":0,"max_hp_loss":0,"event_name":"Ghosts","floor":31,"gold_loss":0}],"is_beta":false,"boss_relics":[{"not_picked":["Empty Cage","Coffee Dripper"],"picked":"expansioncontent:StudyCardRelic"},{"not_picked":["Snecko Eye","Calling Bell"],"picked":"SacredBark"}],"items_purged_floors":[5,42,42],"is_endless":false,"potions_floor_spawned":[2,6,9,11,15,25,27,29,32,33,36,37,38,39,42,43,45,46,49],"ascension_level":3}}