{"host":"mg6qqnp83j5r6p2r","time":1608688442,"event":{"mods":["BaseMod","Colored Map","Colored Powertips","Highlight Path","Minty Spire (QoL Compilation)","Rare Cards Sparkle","Relic Sorter","Relic Stats","StSLib"],"gold_per_floor":[118,118,118,43,62,62,96,96,96,122,142,142,142,157,157,157,157],"floor_reached":16,"playtime":3161,"items_purged":["Strike_P"],"score":113,"play_id":"e6a87c5f-f0c3-4e36-a7c1-631373aa580e","local_time":"20201222195402","is_ascension_mode":true,"campfire_choices":[{"data":"Eruption","floor":6,"key":"SMITH"},{"floor":8,"key":"REST"},{"floor":12,"key":"RECALL"},{"data":"WaveOfTheHand","floor":15,"key":"SMITH"}],"circlet_count":0,"master_deck":["Strike_P","Strike_P+1","Strike_P","Defend_P","Defend_P+1","Defend_P","Defend_P","Eruption+1","Vigilance","Trip+1","EmptyFist","WaveOfTheHand+1","EmptyBody"],"relics":["PureWater","Smiling Mask","Eternal Feather","InkBottle"],"acts_visited":["Exordium"],"potions_floor_usage":[16],"damage_taken":[{"damage":2,"enemies":"Jaw Worm","floor":1,"turns":3},{"damage":0,"enemies":"Cultist","floor":5,"turns":3},{"damage":29,"enemies":"Gremlin Nob","floor":7,"turns":5},{"damage":33,"enemies":"3 Sentries","floor":10,"turns":11},{"damage":0,"enemies":"2 Louse","floor":11,"turns":2},{"damage":4,"enemies":"Blue Slaver","floor":14,"turns":3},{"damage":24,"enemies":"Slime Boss","floor":16,"turns":10}],"seed_played":"8093736131881342608","potions_obtained":[{"floor":5,"key":"LiquidBronze"},{"floor":14,"key":"StancePotion"}],"is_trial":false,"path_per_floor":["M","?","?","$","M","R","E","R","T","E","M","R","?","M","R","B"],"character_chosen":"WATCHER","items_purchased":[],"campfire_rested":1,"item_purchase_floors":[],"current_hp_per_floor":[70,70,56,56,56,56,27,48,48,15,15,21,21,17,23,0,0],"gold":157,"neow_bonus":"RANDOM_COLORLESS","is_daily":false,"chose_seed":false,"campfire_upgraded":2,"win_rate":0.0,"timestamp":1608688442,"path_taken":["M","?","?","?","M","R","E","R","T","E","?","R","?","M","R","BOSS"],"items_purchased_type":[],"build_version":"2020-12-13","purchased_purges":1,"victory":false,"max_hp_per_floor":[72,72,72,72,72,72,72,72,72,72,72,72,72,72,72,72,72],"relic_stats":{"counters":[7,37],"Eternal Feather":12,"Smiling Mask":0,"obtain_stats":[{"Eternal Feather":9,"PureWater":0,"Smiling Mask":7,"InkBottle":10},{"Eternal Feather":3,"PureWater":0,"Smiling Mask":3,"InkBottle":4},{"Eternal Feather":11,"PureWater":0,"Smiling Mask":11,"InkBottle":22}],"InkBottle":[4]},"card_choices":[{"not_picked":["Finesse","Deep Breath"],"picked":"Trip","floor":0},{"not_picked":["CrushJoints","FlurryOfBlows"],"picked":"EmptyFist","floor":1},{"not_picked":["Consecrate","ClearTheMind"],"picked":"WaveOfTheHand","floor":5},{"not_picked":["Swivel","Collect","WreathOfFlame"],"picked":"SKIP","floor":7},{"not_picked":["SignatureMove","CrushJoints","Meditate"],"picked":"SKIP","floor":10},{"not_picked":["EmptyFist","Vault"],"picked":"EmptyBody","floor":11},{"not_picked":["Tantrum","Evaluate","FlyingSleeves"],"picked":"SKIP","floor":14}],"player_experience":162673,"relics_obtained":[{"floor":7,"key":"Smiling Mask"},{"floor":9,"key":"Eternal Feather"},{"floor":10,"key":"InkBottle"}],"event_choices":[{"damage_healed":0,"gold_gain":0,"player_choice":"Ignored","damage_taken":0,"max_hp_gain":0,"max_hp_loss":0,"event_name":"Liars Game","floor":2,"gold_loss":0},{"damage_healed":0,"gold_gain":0,"player_choice":"Entered Light","damage_taken":14,"max_hp_gain":0,"max_hp_loss":0,"event_name":"Shining Light","floor":3,"gold_loss":0,"cards_upgraded":["Strike_P","Defend_P"]},{"damage_healed":0,"gold_gain":0,"player_choice":"Grow","damage_taken":0,"max_hp_gain":0,"max_hp_loss":0,"event_name":"Living Wall","floor":13,"gold_loss":0,"cards_upgraded":["Trip"]}],"is_beta":false,"boss_relics":[],"items_purged_floors":[4],"is_endless":false,"potions_floor_spawned":[5,14],"killed_by":"Slime Boss","ascension_level":1}}