{"host":"d4jjsas3g8mfo55f","time":1608733996,"event":{"mods":["ATMod(°¢èªMod)","Aspiration","BaseMod","Hermit","LagranYue(À­¸ñÀÊ¡¤ÔÂ)","Luminous","Minty Spire (QoL Compilation)","Replay The Spire","Spicy Shops","StSLib","The Bladedancer","The Bug Knight","The Jungle"],"gold_per_floor":[119,131,131,145,145,145,145,145,145,203,214,10,41,93,93,209,209,257,298,298,298,318,318],"floor_reached":22,"playtime":1252,"items_purged":[],"score":184,"play_id":"0aee172d-8c18-472a-ae0e-474d7d964ad7","local_time":"20201223223316","is_ascension_mode":false,"campfire_choices":[{"data":"AT_FamilyPortrait","floor":6,"key":"SMITH"},{"floor":8,"key":"RECALL"},{"floor":15,"key":"REST"}],"circlet_count":0,"master_deck":["hermit:Strike_Hermit","hermit:Strike_Hermit","hermit:Strike_Hermit","hermit:Strike_Hermit","hermit:Defend_Hermit","hermit:Defend_Hermit","hermit:Defend_Hermit","hermit:Defend_Hermit","hermit:Snapshot","hermit:Covet","AT_FamilyPortrait+1","hermit:ItchyTrigger","hermit:Vantage","Doubt","Sword Boomerang","Injury","hermit:PistolWhip","LagranYue:AttackCellGodCard","hermit:Roulette","LagranYue:PowerDreamCard+1","hermit:Quickdraw","hermit:Ricochet","Decay"],"relics":["hermit:ClaspedLocket","AT_ATBox","LagranYue:RandomDrawCardRelic","PrismaticShard","Frozen Egg 2","Replay:Mystery Machine","Replay:Bandana"],"acts_visited":["Exordium","TheCity"],"potions_floor_usage":[11,13,16,19],"damage_taken":[{"damage":4,"enemies":"Small Slimes","floor":1,"turns":3},{"damage":3,"enemies":"Jaw Worm","floor":2,"turns":3},{"damage":0,"enemies":"2 Louse","floor":4,"turns":1},{"damage":24,"enemies":"Large Slime","floor":11,"turns":8},{"damage":33,"enemies":"Lagavulin","floor":13,"turns":6},{"damage":23,"enemies":"Exordium Thugs","floor":14,"turns":3},{"damage":23,"enemies":"The Guardian","floor":16,"turns":6},{"damage":51,"enemies":"2 Thieves","floor":18,"turns":4},{"damage":23,"enemies":"3 Cultists","floor":19,"turns":4},{"damage":21,"enemies":"Shelled Parasite and Fungi","floor":22,"turns":2}],"seed_played":"-2352209817184644413","potions_obtained":[{"floor":1,"key":"SkillPotion"},{"floor":4,"key":"Energy Potion"},{"floor":13,"key":"Fire Potion"},{"floor":16,"key":"Elixir"},{"floor":18,"key":"SteroidPotion"}],"is_trial":false,"path_per_floor":["M","M","?","M","?","R","?","R","T","?","M","$","E","M","R","B",null,"M","M","?","?","M"],"character_chosen":"HERMIT","items_purchased":["Replay:Mystery Machine","hermit:PistolWhip"],"campfire_rested":1,"item_purchase_floors":[12,12],"current_hp_per_floor":[78,75,75,75,75,75,82,82,82,82,58,58,25,2,26,3,82,31,8,8,8,0,0],"gold":318,"neow_bonus":"TEN_PERCENT_HP_BONUS","is_daily":false,"chose_seed":false,"campfire_upgraded":1,"win_rate":0.0,"timestamp":1608733996,"path_taken":["M","M","?","M","?","R","?","R","T","?","M","$","E","?","R","BOSS","M","M","?","?","M"],"items_purchased_type":["Relic","Card"],"build_version":"2020-12-22","purchased_purges":0,"victory":false,"max_hp_per_floor":[82,82,82,82,82,82,82,82,82,82,82,82,82,82,82,82,82,82,82,82,82,82,82],"card_choices":[{"not_picked":["hermit:SprayPray","hermit:Quickdraw"],"picked":"hermit:ItchyTrigger","floor":1},{"not_picked":["hermit:Roulette","hermit:HighCaliber"],"picked":"hermit:Vantage","floor":2},{"not_picked":["HollowMod:ShadowDash","LagranYue:AttackKillerCard"],"picked":"Sword Boomerang","floor":4},{"not_picked":["Rage","blademaster:BladeCross","blademaster:AwakeningStrike"],"picked":"SKIP","floor":11},{"not_picked":["Bouncing Flask","Pummel"],"picked":"LagranYue:AttackCellGodCard","floor":13},{"not_picked":["Luminous:Hero_Will_Luminous","HollowMod:DungDefenderAura"],"picked":"hermit:Roulette","floor":14},{"not_picked":["Metamorphosis","Devotion+1"],"picked":"LagranYue:PowerDreamCard+1","floor":16},{"not_picked":["LagranYue:FantasyCard","Sweeping Beam"],"picked":"hermit:Quickdraw","floor":18},{"not_picked":["HollowMod:VengefulVoid","Coolheaded"],"picked":"hermit:Ricochet","floor":19}],"player_experience":297684,"relics_obtained":[{"floor":13,"key":"Replay:Bandana"}],"event_choices":[{"damage_healed":0,"gold_gain":58,"player_choice":"Gained Gold","damage_taken":0,"max_hp_gain":0,"max_hp_loss":0,"event_name":"Golden Wing","floor":10,"gold_loss":0},{"damage_healed":0,"gold_gain":0,"player_choice":"Smashed Altar","damage_taken":0,"max_hp_gain":0,"max_hp_loss":0,"event_name":"Forgotten Altar","floor":21,"gold_loss":0,"cards_obtained":["Decay"]}],"is_beta":false,"boss_relics":[{"not_picked":["Astrolabe","Replay:Wanted Poster"],"picked":"hermit:ClaspedLocket"}],"items_purged_floors":[],"is_endless":false,"potions_floor_spawned":[1,4,13,16,18],"killed_by":"Shelled Parasite and Fungi","ascension_level":0}}