{"host":"eez7vtcxu2i37lck","time":1608718451,"event":{"mods":["AchievementEnabler","BaseMod","Colored Map","Colored Powertips","Downfall","Hermit","Highlight Path","Hubris","Infinite Spire","Jorbs\u0027s Wanderer Trilogy","Minty Spire (QoL Compilation)","Quick Restart","Rare Cards Sparkle","Replay The Spire","Shop Mod","StSLib","The IronCluck"],"gold_per_floor":[99,110,129,129,143,143,143,162,162,174,174,193,193,224,234,234,234,234],"floor_reached":16,"playtime":499,"items_purged":[],"score":103,"play_id":"8b9531ac-eb31-425f-85f1-276913f7f305","local_time":"20201223051411","is_ascension_mode":false,"campfire_choices":[{"floor":1.0,"key":"DIG"},{"data":"Slimebound:ViciousTackle","floor":9.0,"key":"SMITH"},{"floor":11.0,"key":"REST"}],"circlet_count":0,"master_deck":["Slimebound:Strike_Slimebound","Slimebound:Strike_Slimebound+1","Slimebound:Strike_Slimebound+1","Slimebound:Tackle","Slimebound:Defend_Slimebound","Slimebound:Defend_Slimebound","Slimebound:Defend_Slimebound","Slimebound:Defend_Slimebound","Slimebound:Split","Slimebound:CorrosiveSpit","Slimebound:RollThrough","Slimebound:ViciousTackle+1","Slimebound:ViciousTackle","Slimebound:Equalize+1","Slimebound:Equalize","Slimebound:FinishingTackle","Slimebound:GoopSpray","Slimebound:Chomp","Slimebound:GoopSpray","Slimebound:AcidTongue"],"relics":["Slimebound:AbsorbEndCombat","Prayer Wheel","Spirit Poop","Bottled Flame","infinitespire:Lucky Rock"],"acts_visited":["Exordium"],"potions_floor_usage":[],"damage_taken":[{"damage":6.0,"enemies":"2 Louse","floor":2.0,"turns":3.0},{"damage":7.0,"enemies":"Cultist","floor":3.0,"turns":4.0},{"damage":14.0,"enemies":"Jaw Worm","floor":5.0,"turns":3.0},{"damage":20.0,"enemies":"Lots of Slimes","floor":8.0,"turns":4.0},{"damage":15.0,"enemies":"Exordium Wildlife","floor":10.0,"turns":3.0},{"damage":0.0,"enemies":"3 Louse","floor":12.0,"turns":1.0},{"damage":34.0,"enemies":"Gremlin Nob","floor":14.0,"turns":4.0},{"damage":16.0,"enemies":"2 Fungi Beasts","floor":15.0,"turns":3.0},{"damage":46,"enemies":"downfall:Ironclad","floor":16,"turns":3}],"seed_played":"6565796482862078980","potions_obtained":[{"floor":5.0,"key":"ColorlessPotion"},{"floor":8.0,"key":"sneckomod:MuddlingPotion"},{"floor":10.0,"key":"Swift Potion"}],"is_trial":false,"path_per_floor":["R_BF","M","M","?","M","?","T","M","R","M","R","M","?","E","M","B"],"character_chosen":"SLIMEBOUND","items_purchased":[],"campfire_rested":1,"item_purchase_floors":[],"current_hp_per_floor":[66,66,66,66,56,56,56,44,44,49,66,66,66,38,30,0,0,0],"gold":234,"neow_bonus":"TEN_PERCENT_HP_BONUS","is_daily":false,"chose_seed":false,"campfire_upgraded":1,"win_rate":0.0,"timestamp":1608718451,"path_taken":["R_BF","M","M","?","M","?","T","M","R","?","R","M","?","E","M","BOSS"],"items_purchased_type":[],"build_version":"2020-12-22","purchased_purges":0,"victory":false,"max_hp_per_floor":[66,66,66,66,66,66,66,66,66,66,66,66,66,66,66,66,66,66],"card_choices":[{"not_picked":["Slimebound:SlimeSpikes","Slimebound:SplitLeeching"],"picked":"Slimebound:RollThrough","floor":2.0},{"not_picked":["Slimebound:SplitBruiser","Slimebound:Overexert"],"picked":"Slimebound:ViciousTackle","floor":2.0},{"not_picked":["Slimebound:SplitBruiser","Slimebound:Replication"],"picked":"Slimebound:ViciousTackle","floor":3.0},{"not_picked":["Slimebound:SplitBruiser","Slimebound:SlimeSpikes"],"picked":"Slimebound:Equalize","floor":3.0},{"not_picked":["Slimebound:SplitLeeching","Slimebound:SplitAcid"],"picked":"Slimebound:Equalize","floor":5.0},{"not_picked":["Slimebound:RollThrough","Slimebound:SplitLeeching"],"picked":"Slimebound:FinishingTackle","floor":5.0},{"not_picked":["Slimebound:SplitMire","Slimebound:ViciousTackle"],"picked":"Slimebound:GoopSpray","floor":8.0},{"not_picked":["Slimebound:SlimeSpikes","Slimebound:PressTheAttack","Slimebound:ComboTackle"],"picked":"SKIP","floor":8.0},{"not_picked":["Slimebound:GrowthPunch","Slimebound:SamplingLick"],"picked":"Slimebound:Chomp","floor":10.0},{"not_picked":["Slimebound:SplitLeeching","Slimebound:TongueLash","Slimebound:GrowthPunch"],"picked":"SKIP","floor":10.0},{"not_picked":["Slimebound:RallyTheTroops","Slimebound:SplitBruiser","Slimebound:LeechEnergy"],"picked":"SKIP","floor":12.0},{"not_picked":["Slimebound:Prepare","Slimebound:Dissolve","Slimebound:FormOfPuddle"],"picked":"SKIP","floor":12.0},{"not_picked":["Slimebound:SplitAcid","Slimebound:Prepare","Slimebound:LeadByExample"],"picked":"SKIP","floor":14.0},{"not_picked":["Slimebound:GrowthPunch","Slimebound:PressTheAttack"],"picked":"Slimebound:GoopSpray","floor":15.0},{"not_picked":["Slimebound:GoopSpray","Slimebound:Gluttony"],"picked":"Slimebound:AcidTongue","floor":15.0}],"player_experience":225432,"relics_obtained":[{"floor":1.0,"key":"Prayer Wheel"},{"floor":7.0,"key":"Bottled Flame"},{"floor":14.0,"key":"infinitespire:Lucky Rock"}],"event_choices":[{"cards_removed":["Regret"],"damage_healed":0.0,"max_hp_gain":0.0,"max_hp_loss":0.0,"gold_gain":0.0,"event_name":"Bonfire Elementals","player_choice":"Offered Curse","floor":6.0,"gold_loss":0.0,"damage_taken":0.0,"relics_obtained":["Spirit Poop"]},{"damage_healed":0.0,"max_hp_gain":0.0,"max_hp_loss":0.0,"gold_gain":0.0,"event_name":"NoteForYourself","player_choice":"Ignored","floor":13.0,"gold_loss":0.0,"damage_taken":0.0}],"is_beta":false,"boss_relics":[],"items_purged_floors":[],"is_endless":false,"potions_floor_spawned":[5,8,10],"killed_by":"downfall:Ironclad","ascension_level":0}}