{"host":"6wux4armhsntp4yb","time":1608727878,"event":{"mods":["BaseMod","Colored Map","DeckTracker","Minty Spire (QoL Compilation)","Relic Stats"],"gold_per_floor":[109,13,13,13,29,29,69,144,144,144,175,196,196,229,229,328,328,346,366,34,84,84,84,125,125,125,156,156,176,226,226,226,320,320,340,360,693,693,693,719,732,748,748,780,552,568,599,617,617,617,617,617,617,140,168,168],"floor_reached":57,"playtime":10108,"items_purged":["Strike_G","Writhe","Defend_G"],"score":3293,"play_id":"3313304f-76e3-4f94-a000-8c415a402f55","local_time":"20201223215118","is_ascension_mode":true,"campfire_choices":[{"data":"Neutralize","floor":6.0,"key":"SMITH"},{"data":"Grand Finale","floor":10.0,"key":"SMITH"},{"data":"Acrobatics","floor":13.0,"key":"SMITH"},{"data":"Well Laid Plans","floor":15.0,"key":"SMITH"},{"data":"Bullet Time","floor":23.0,"key":"SMITH"},{"floor":25.0,"key":"REST"},{"data":"Doppelganger","floor":28.0,"key":"SMITH"},{"data":"Concentrate","floor":32.0,"key":"SMITH"},{"floor":49.0,"key":"RECALL"},{"data":"Secret Technique","floor":53.0,"key":"SMITH"}],"circlet_count":0,"master_deck":["AscendersBane","Defend_G","Defend_G","Defend_G","Survivor","Neutralize+1","Slice","Heel Hook","Leg Sweep","Grand Finale+1","PiercingWail","Acrobatics+1","Well Laid Plans+1","Bullet Time+1","Backflip+1","Reflex+1","Heel Hook+1","Heel Hook+1","Finesse","Doppelganger+1","Choke","Escape Plan+1","Expertise","Concentrate+1","Venomology","PiercingWail","PiercingWail","Blur+1","Venomology","Secret Technique+1","Concentrate","PiercingWail+1","Acrobatics","PiercingWail","Footwork"],"relics":["Ring of the Snake","NeowsBlessing","Paper Crane","Ornamental Fan","Odd Mushroom","Astrolabe","Membership Card","Ancient Tea Set","Juzu Bracelet","Ice Cream","Boot","Cursed Key","Art of War","Unceasing Top","Bird Faced Urn","Orrery","Peace Pipe","Medical Kit","Tingsha","Bronze Scales","Orichalcum"],"acts_visited":["Exordium","TheCity","TheBeyond","TheEnding"],"potions_floor_usage":[55,55,56,56,56],"damage_taken":[{"damage":0.0,"enemies":"Jaw Worm","floor":1.0,"turns":1.0},{"damage":0.0,"enemies":"2 Louse","floor":5.0,"turns":1.0},{"damage":0.0,"enemies":"Lagavulin","floor":7.0,"turns":2.0},{"damage":24.0,"enemies":"Gremlin Nob","floor":11.0,"turns":5.0},{"damage":3.0,"enemies":"Small Slimes","floor":12.0,"turns":5.0},{"damage":13.0,"enemies":"The Mushroom Lair","floor":14.0,"turns":6.0},{"damage":8.0,"enemies":"The Guardian","floor":16.0,"turns":15.0},{"damage":1.0,"enemies":"Shell Parasite","floor":18.0,"turns":4.0},{"damage":0.0,"enemies":"3 Byrds","floor":19.0,"turns":2.0},{"damage":29.0,"enemies":"Slavers","floor":24.0,"turns":5.0},{"damage":0.0,"enemies":"Book of Stabbing","floor":27.0,"turns":4.0},{"damage":0.0,"enemies":"Sentry and Sphere","floor":29.0,"turns":3.0},{"damage":0.0,"enemies":"Champ","floor":33.0,"turns":7.0},{"damage":0.0,"enemies":"Orb Walker","floor":35.0,"turns":4.0},{"damage":4.0,"enemies":"3 Darklings","floor":36.0,"turns":4.0},{"damage":0.0,"enemies":"Nemesis","floor":40.0,"turns":3.0},{"damage":0.0,"enemies":"Maw","floor":41.0,"turns":4.0},{"damage":0.0,"enemies":"Writhing Mass","floor":42.0,"turns":4.0},{"damage":4.0,"enemies":"Reptomancer","floor":44.0,"turns":8.0},{"damage":0.0,"enemies":"3 Darklings","floor":46.0,"turns":3.0},{"damage":0.0,"enemies":"Giant Head","floor":47.0,"turns":5.0},{"damage":0.0,"enemies":"Jaw Worm Horde","floor":48.0,"turns":2.0},{"damage":3.0,"enemies":"Awakened One","floor":50.0,"turns":14.0},{"damage":0.0,"enemies":"Donu and Deca","floor":51.0,"turns":9.0},{"damage":0,"enemies":"Shield and Spear","floor":55,"turns":3},{"damage":46,"enemies":"The Heart","floor":56,"turns":9}],"seed_played":"5239987575887325875","potions_obtained":[{"floor":5.0,"key":"Swift Potion"},{"floor":12.0,"key":"Regen Potion"},{"floor":14.0,"key":"SpeedPotion"},{"floor":24.0,"key":"EntropicBrew"},{"floor":27.0,"key":"EntropicBrew"},{"floor":33.0,"key":"Energy Potion"},{"floor":35.0,"key":"LiquidBronze"},{"floor":36.0,"key":"EssenceOfSteel"},{"floor":38.0,"key":"GhostInAJar"},{"floor":38.0,"key":"Strength Potion"}],"is_trial":false,"path_per_floor":["M","$","?","?","M","R","E","?","T","R","E","M","R","?","R","B",null,"M","M","$","?","?","R","E","R","T","E","R","M","?","?","R","B",null,"M","M","?","?","?","E","M","M","T","E","$","M","E","M","R","B","B",null,"R","$","E","B",null],"character_chosen":"THE_SILENT","items_purchased":["Heel Hook","Poison Potion","Membership Card","Ancient Tea Set","Finesse","Secret Technique","Orrery","Medical Kit","Tingsha","Bronze Scales","Footwork","DuplicationPotion"],"campfire_rested":1,"item_purchase_floors":[2,2,20,20,20,45,45,54,54,54,54,54],"current_hp_per_floor":[59,59,64,64,64,64,64,53,53,53,29,26,26,13,13,20,53,52,52,52,52,52,52,23,42,42,42,42,42,36,36,36,36,57,57,53,53,53,53,53,53,53,53,49,49,51,53,55,55,54,56,62,62,62,64,37],"gold":168,"neow_bonus":"THREE_ENEMY_KILL","is_daily":false,"chose_seed":false,"campfire_upgraded":8,"win_rate":0.0,"timestamp":1608727878,"path_taken":["M","$","?","?","M","R","E","?","T","R","E","M","R","?","R","BOSS","M","M","$","?","?","R","E","R","T","E","R","M","?","?","R","BOSS","M","M","?","?","?","E","M","M","T","E","$","M","E","M","R","BOSS","BOSS","R","$","E","BOSS"],"items_purchased_type":["Card","Potion","Relic","Relic","Card","Card","Relic","Relic","Relic","Relic","Card","Potion"],"build_version":"2020-12-22","purchased_purges":3,"victory":true,"max_hp_per_floor":[66,66,71,64,64,64,64,64,64,64,64,64,64,64,64,64,64,64,64,64,64,64,64,64,64,64,64,64,64,64,64,64,64,64,64,64,64,64,64,64,64,64,64,64,64,64,64,64,64,64,64,64,64,64,64,64],"relic_stats":{"counters":[26,132],"Astrolabe":["Backflip","Reflex","Flying Knee"],"Tingsha":[210],"Juzu Bracelet":2,"Orichalcum":[12],"Boot":[115],"Cursed Key":1,"Medical Kit":[6],"Peace Pipe":0,"Ornamental Fan":[452],"Bird Faced Urn":[16],"Bronze Scales":[156],"Art of War":[7],"obtain_stats":[{"Ice Cream":26,"NeowsBlessing":0,"Golden Idol":4,"Astrolabe":17,"Tingsha":54,"Juzu Bracelet":24,"Paper Crane":7,"Odd Mushroom":14,"Orichalcum":55,"Ancient Tea Set":20,"Boot":27,"Cursed Key":34,"Medical Kit":54,"Peace Pipe":47,"Ornamental Fan":11,"Bird Faced Urn":44,"Bronze Scales":54,"Orrery":45,"Art of War":40,"Membership Card":20,"Unceasing Top":43,"Ring of the Snake":0},{"Ice Cream":10,"NeowsBlessing":0,"Golden Idol":1,"Astrolabe":7,"Tingsha":24,"Juzu Bracelet":10,"Paper Crane":3,"Odd Mushroom":6,"Orichalcum":25,"Ancient Tea Set":9,"Boot":11,"Cursed Key":13,"Medical Kit":24,"Peace Pipe":21,"Ornamental Fan":4,"Bird Faced Urn":19,"Bronze Scales":24,"Orrery":19,"Art of War":16,"Membership Card":9,"Unceasing Top":18,"Ring of the Snake":0},{"Ice Cream":46,"NeowsBlessing":0,"Golden Idol":1,"Astrolabe":35,"Tingsha":120,"Juzu Bracelet":46,"Paper Crane":4,"Odd Mushroom":20,"Orichalcum":123,"Ancient Tea Set":41,"Boot":50,"Cursed Key":60,"Medical Kit":120,"Peace Pipe":95,"Ornamental Fan":9,"Bird Faced Urn":87,"Bronze Scales":120,"Orrery":87,"Art of War":71,"Membership Card":41,"Unceasing Top":79,"Ring of the Snake":0}],"Unceasing Top":[27],"Ring of the Snake":[52]},"card_choices":[{"not_picked":["Flying Knee","Acrobatics"],"picked":"Slice","floor":1.0},{"not_picked":["PiercingWail","Slice"],"picked":"Leg Sweep","floor":5.0},{"not_picked":["Slice","Prepared"],"picked":"Grand Finale","floor":7.0},{"not_picked":["Skewer","All Out Attack"],"picked":"PiercingWail","floor":11.0},{"not_picked":["Slice","Leg Sweep"],"picked":"Acrobatics","floor":12.0},{"not_picked":["Poisoned Stab","Prepared"],"picked":"Well Laid Plans","floor":14.0},{"not_picked":["Night Terror","Malaise"],"picked":"Bullet Time","floor":16.0},{"not_picked":["Bane","Deadly Poison"],"picked":"Heel Hook+1","floor":18.0},{"not_picked":["Flying Knee","Prepared"],"picked":"Heel Hook+1","floor":19.0},{"not_picked":["Terror","Cloak And Dagger","Backstab"],"picked":"SKIP","floor":24.0},{"not_picked":["Infinite Blades+1","Leg Sweep"],"picked":"Escape Plan+1","floor":27.0},{"not_picked":["Dagger Throw","Caltrops+1"],"picked":"Expertise","floor":29.0},{"not_picked":["Bullet Time","Unload"],"picked":"Venomology","floor":33.0},{"not_picked":["Infinite Blades+1","Masterful Stab"],"picked":"PiercingWail","floor":35.0},{"not_picked":["Deadly Poison","Blade Dance+1"],"picked":"PiercingWail","floor":36.0},{"not_picked":["Dagger Spray","Flechettes+1","Expertise"],"picked":"SKIP","floor":40.0},{"not_picked":["Backflip","Eviscerate","Infinite Blades+1"],"picked":"SKIP","floor":41.0},{"not_picked":["Sucker Punch","Venomology"],"picked":"Blur+1","floor":42.0},{"not_picked":["Eviscerate","Sucker Punch"],"picked":"Venomology","floor":44.0},{"not_picked":["Acrobatics+1","Deflect"],"picked":"Concentrate","floor":45.0},{"not_picked":["Bane+1","Flechettes"],"picked":"PiercingWail+1","floor":45.0},{"not_picked":["Sucker Punch","Deadly Poison"],"picked":"Acrobatics","floor":45.0},{"not_picked":["Crippling Poison","Bouncing Flask+1","Backflip+1"],"picked":"SKIP","floor":46.0},{"not_picked":["Leg Sweep","Catalyst"],"picked":"PiercingWail","floor":47.0},{"not_picked":["All Out Attack","Poisoned Stab","Bane+1"],"picked":"SKIP","floor":48.0},{"not_picked":["Glass Knife","Infinite Blades","Dash+1"],"picked":"SKIP","floor":55}],"player_experience":5687004,"relics_obtained":[{"floor":7.0,"key":"Paper Crane"},{"floor":11.0,"key":"Ornamental Fan"},{"floor":14.0,"key":"Odd Mushroom"},{"floor":24.0,"key":"Juzu Bracelet"},{"floor":26.0,"key":"Ice Cream"},{"floor":27.0,"key":"Boot"},{"floor":40.0,"key":"Art of War"},{"floor":43.0,"key":"Unceasing Top"},{"floor":44.0,"key":"Bird Faced Urn"},{"floor":47.0,"key":"Peace Pipe"},{"floor":55,"key":"Orichalcum"}],"event_choices":[{"damage_healed":0.0,"max_hp_gain":5.0,"max_hp_loss":0.0,"gold_gain":0.0,"event_name":"Big Fish","player_choice":"Donut","floor":3.0,"gold_loss":0.0,"damage_taken":0.0},{"damage_healed":0.0,"max_hp_gain":0.0,"max_hp_loss":7.0,"gold_gain":0.0,"event_name":"Golden Idol","player_choice":"Lose Max HP","floor":4.0,"gold_loss":0.0,"damage_taken":0.0,"relics_obtained":["Golden Idol"]},{"damage_healed":0.0,"max_hp_gain":0.0,"max_hp_loss":0.0,"gold_gain":75.0,"event_name":"World of Goop","player_choice":"Gather Gold","floor":8.0,"gold_loss":0.0,"damage_taken":11.0},{"damage_healed":0.0,"max_hp_gain":0.0,"max_hp_loss":0.0,"gold_gain":0.0,"event_name":"Mushrooms","player_choice":"Fought Mushrooms","floor":14.0,"gold_loss":0.0,"damage_taken":0.0},{"damage_healed":0.0,"max_hp_gain":0.0,"max_hp_loss":0.0,"gold_gain":50.0,"event_name":"Nest","player_choice":"Stole From Cult","floor":21.0,"gold_loss":0.0,"damage_taken":0.0},{"damage_healed":0.0,"max_hp_gain":0.0,"max_hp_loss":0.0,"gold_gain":0.0,"cards_transformed":["Strike_G","Defend_G"],"event_name":"Drug Dealer","player_choice":"Became Test Subject","floor":22.0,"gold_loss":0.0,"damage_taken":0.0,"cards_obtained":["Doppelganger","Choke"]},{"damage_healed":0.0,"max_hp_gain":0.0,"max_hp_loss":0.0,"gold_gain":50.0,"event_name":"FaceTrader","player_choice":"Touch","floor":30.0,"gold_loss":0.0,"damage_taken":6.0},{"damage_healed":0.0,"max_hp_gain":0.0,"max_hp_loss":0.0,"gold_gain":0.0,"event_name":"The Library","player_choice":"Read","floor":31.0,"gold_loss":0.0,"damage_taken":0.0,"cards_obtained":["Concentrate"]},{"damage_healed":0.0,"max_hp_gain":0.0,"max_hp_loss":0.0,"gold_gain":333.0,"event_name":"The Moai Head","player_choice":"Gave Idol","floor":37.0,"relics_lost":["Golden Idol"],"gold_loss":0.0,"damage_taken":0.0},{"damage_healed":0.0,"max_hp_gain":0.0,"max_hp_loss":0.0,"gold_gain":0.0,"event_name":"Lab","player_choice":"Got Potions","floor":38.0,"gold_loss":0.0,"damage_taken":0.0},{"cards_removed":["Flying Knee"],"damage_healed":0.0,"max_hp_gain":0.0,"max_hp_loss":0.0,"gold_gain":0.0,"event_name":"Falling","player_choice":"Removed Attack","floor":39.0,"gold_loss":0.0,"damage_taken":0.0}],"is_beta":false,"boss_relics":[{"not_picked":["Ectoplasm","Calling Bell"],"picked":"Astrolabe"},{"not_picked":["Black Star","Snecko Eye"],"picked":"Cursed Key"}],"items_purged_floors":[20,45,54],"is_endless":false,"potions_floor_spawned":[5,12,14,24,27,33,35,36,41,46,55],"ascension_level":20}}