{"host":"cc187","time":1608685231,"event":{"mods":["AchievementEnabler","BaseMod","Bestiary","Colored Map","Colored Powertips","Highlight Path","Keyboard Shortcuts","Minty Spire (QoL Compilation)","Quick Restart","Rare Cards Sparkle","Relic Stats","StSLib","SuperFastMode","Synergy Search","ojb\u0027s Info Mod"],"gold_per_floor":[111,111,125,16,30,65,65,81,107,118,118,43,76,92,92,167,167,178,178,228,200,200,200],"floor_reached":22,"playtime":932,"items_purged":["Strike_G"],"score":372,"play_id":"16b6164e-a558-4da6-9a2d-1740d9389b9d","local_time":"20201223010031","is_ascension_mode":true,"campfire_choices":[{"data":"Envenom","floor":7,"key":"SMITH"},{"floor":11,"key":"REST"},{"floor":15,"key":"REST"}],"circlet_count":0,"master_deck":["AscendersBane","Strike_G","Strike_G","Strike_G","Strike_G","Defend_G","Defend_G","Defend_G","Defend_G","Defend_G","Survivor","Neutralize","Eviscerate+1","Bouncing Flask","Prepared","Envenom+1","Poisoned Stab","Bane","Dodge and Roll","Burst","Bouncing Flask","Necronomicurse","Prepared+1"],"relics":["Ring of the Snake","NeowsBlessing","Oddly Smooth Stone","PreservedInsect","Blood Vial","Eternal Feather","Velvet Choker","Necronomicon"],"acts_visited":["Exordium","TheCity"],"potions_floor_usage":[16],"damage_taken":[{"damage":0,"enemies":"Jaw Worm","floor":1,"turns":1},{"damage":0,"enemies":"Small Slimes","floor":3,"turns":1},{"damage":0,"enemies":"Cultist","floor":5,"turns":1},{"damage":30,"enemies":"Gremlin Nob","floor":6,"turns":4},{"damage":7,"enemies":"Looter","floor":8,"turns":4},{"damage":10,"enemies":"3 Louse","floor":10,"turns":5},{"damage":19,"enemies":"3 Sentries","floor":13,"turns":7},{"damage":34,"enemies":"Exordium Thugs","floor":14,"turns":6},{"damage":15,"enemies":"The Guardian","floor":16,"turns":8},{"damage":9,"enemies":"Chosen","floor":18,"turns":4},{"damage":20,"enemies":"2 Thieves","floor":21,"turns":4},{"damage":17,"enemies":"Centurion and Healer","floor":22,"turns":2}],"seed_played":"-936537675545099636","potions_obtained":[{"floor":8,"key":"BlessingOfTheForge"},{"floor":10,"key":"FairyPotion"},{"floor":18,"key":"SteroidPotion"}],"is_trial":false,"path_per_floor":["M","?","M","?","M","E","R","M","T","M","R","$","E","M","R","B",null,"M","?","?","M","M"],"character_chosen":"THE_SILENT","items_purchased":[],"campfire_rested":2,"item_purchase_floors":[],"current_hp_per_floor":[59,59,59,59,59,29,29,22,22,14,33,33,16,10,38,25,56,49,28,28,10,0,0],"gold":200,"neow_bonus":"THREE_ENEMY_KILL","is_daily":false,"chose_seed":false,"campfire_upgraded":1,"win_rate":0.0,"timestamp":1608685231,"path_taken":["M","?","M","?","M","E","R","?","T","M","R","$","E","M","R","BOSS","M","?","?","M","?"],"items_purchased_type":[],"build_version":"2020-12-18","purchased_purges":1,"victory":false,"max_hp_per_floor":[66,66,66,66,66,66,66,66,66,66,66,66,66,66,66,66,66,66,66,66,66,66,66],"relic_stats":{"Blood Vial":14,"counters":[12,47],"Eternal Feather":9,"PreservedInsect":34,"Necronomicon":[0],"obtain_stats":[{"Blood Vial":9,"NeowsBlessing":0,"Oddly Smooth Stone":4,"Velvet Choker":17,"Eternal Feather":13,"PreservedInsect":6,"Necronomicon":19,"Ring of the Snake":0},{"Blood Vial":5,"NeowsBlessing":0,"Oddly Smooth Stone":2,"Velvet Choker":9,"Eternal Feather":7,"PreservedInsect":4,"Necronomicon":10,"Ring of the Snake":0},{"Blood Vial":11,"NeowsBlessing":0,"Oddly Smooth Stone":2,"Velvet Choker":37,"Eternal Feather":23,"PreservedInsect":7,"Necronomicon":41,"Ring of the Snake":0}],"Ring of the Snake":[24]},"card_choices":[{"not_picked":["Dagger Spray","Flying Knee"],"picked":"Eviscerate","floor":1},{"not_picked":["Accuracy","Cloak And Dagger"],"picked":"Bouncing Flask","floor":3},{"not_picked":["Riddle With Holes","Deadly Poison"],"picked":"Prepared","floor":5},{"not_picked":["Flying Knee","Deadly Poison"],"picked":"Envenom","floor":6},{"not_picked":["Quick Slash","Dodge and Roll"],"picked":"Poisoned Stab","floor":8},{"not_picked":["Quick Slash","Masterful Stab"],"picked":"Bane","floor":10},{"not_picked":["Deflect","Endless Agony","Choke"],"picked":"SKIP","floor":13},{"not_picked":["Dagger Throw","Poisoned Stab"],"picked":"Dodge and Roll","floor":14},{"not_picked":["Phantasmal Killer","Doppelganger"],"picked":"Burst","floor":16},{"not_picked":["Finisher","Slice"],"picked":"Bouncing Flask","floor":18},{"not_picked":["Outmaneuver","Flying Knee"],"picked":"Prepared+1","floor":21}],"player_experience":837564,"relics_obtained":[{"floor":6,"key":"PreservedInsect"},{"floor":9,"key":"Blood Vial"},{"floor":13,"key":"Eternal Feather"},{"floor":19,"key":"Necronomicon"}],"event_choices":[{"damage_healed":0,"gold_gain":0,"player_choice":"Grow","damage_taken":0,"max_hp_gain":0,"max_hp_loss":0,"event_name":"Living Wall","floor":2,"gold_loss":0,"cards_upgraded":["Eviscerate"]},{"damage_healed":0,"gold_gain":0,"player_choice":"Paid Gold","damage_taken":0,"relics_obtained":["Oddly Smooth Stone"],"max_hp_gain":0,"max_hp_loss":0,"event_name":"WeMeetAgain","floor":4,"gold_loss":109},{"damage_healed":0,"gold_gain":0,"player_choice":"Obtained Book","damage_taken":21,"max_hp_gain":0,"max_hp_loss":0,"event_name":"Cursed Tome","floor":19,"gold_loss":0},{"damage_healed":0,"gold_gain":50,"player_choice":"Pray","damage_taken":0,"max_hp_gain":0,"max_hp_loss":0,"event_name":"Golden Shrine","floor":20,"gold_loss":0}],"is_beta":true,"boss_relics":[{"not_picked":["SacredBark","Runic Dome"],"picked":"Velvet Choker"}],"items_purged_floors":[12],"is_endless":false,"potions_floor_spawned":[8,10,18],"killed_by":"Centurion and Healer","ascension_level":18}}