{"host":"bnl7o5cb2omwu7ka","time":1608718813,"event":{"mods":["AchievementEnabler","Alarm Clock","Astrologer","BaseMod","BetterRewards","Block Reminder","Colored Map","Colored Powertips","Conspire","Defective Defect","Downfall","Energized Spire","Googly Eyes","Highlight Path","Infinite Spire","Ironclad Rager","Jedi Mod","Jess\u0027s Bottle","Mimic Mod","Minty Spire (QoL Compilation)","Permanent Neow","Quick Restart","Rare Cards Sparkle","Relic Stats","Replay The Spire","ShortenTheSpire","Spicy Shops","Spikes Relics","Spire Birthday Party","StSLib","The IronCluck","egg","everything is the same but u backflip on backflip","slay the spire mod where everything is the same but ironclad has a cowboy hat","vexMod"],"gold_per_floor":[114,133,145,145,163,195,195,226,252,269,285,285,299,319,319,417,417,432,452,527,546,559,587,46,64,101,101,114,75,106,106,106],"floor_reached":31,"playtime":7609,"items_purged":["astrologer:Defend"],"score":341,"play_id":"49d664b4-4167-4023-94ef-f16f66874221","local_time":"20201223052013","is_ascension_mode":false,"campfire_choices":[{"data":"astrologer:CometStrike","floor":7.0,"key":"SMITH"},{"data":"astrologer:Starfield","floor":12.0,"key":"SMITH"},{"data":"astrologer:StarOfMisfortune","floor":15.0,"key":"SMITH"},{"floor":27.0,"key":"REST"}],"circlet_count":0,"master_deck":["astrologer:Strike","astrologer:Strike","astrologer:Strike","astrologer:Strike","astrologer:Defend","astrologer:Defend","astrologer:Defend","astrologer:NorthStar","astrologer:TheFool","Forethought","astrologer:Moonlight","astrologer:Eclipse","Flash of Steel","astrologer:NorthStar","astrologer:Justice","astrologer:CometStrike+1","astrologer:StarOfMisfortune+1","astrologer:Starfield+1","astrologer:Judgement","astrologer:TheWorld","astrologer:ReadTheStars","astrologer:ShootingStar","astrologer:ReadTheStars","astrologer:CometStrike","astrologer:CometStrike+1","astrologer:Death","astrologer:Nova","astrologer:Moonlight+1","astrologer:NeutronStar","astrologer:Stardust"],"relics":["astrologer:SkyMirror","BlackRope","jedi:shrinkray","SnailShell","Odd Mushroom","CosmicIsotope","jedi:cryingmask","ReplayTheSpireMod:TigerMarble","RoseTintedShades","infinitespire:Golems Mask"],"acts_visited":[],"potions_floor_usage":[],"damage_taken":[{"damage":1.0,"enemies":"Jaw Worm","floor":1.0,"turns":4.0},{"damage":4.0,"enemies":"infinitespire:Voidling","floor":2.0,"turns":4.0},{"damage":0.0,"enemies":"2 Louse","floor":3.0,"turns":3.0},{"damage":4.0,"enemies":"Large Slime","floor":5.0,"turns":8.0},{"damage":1.0,"enemies":"vexMod:Combatant","floor":6.0,"turns":6.0},{"damage":4.0,"enemies":"HollowMod:MossKnight","floor":8.0,"turns":9.0},{"damage":0.0,"enemies":"Red Slaver","floor":10.0,"turns":3.0},{"damage":0.0,"enemies":"Exordium Wildlife","floor":11.0,"turns":5.0},{"damage":0.0,"enemies":"2 Fungi Beasts","floor":13.0,"turns":3.0},{"damage":0.0,"enemies":"The Mushroom Lair","floor":14.0,"turns":4.0},{"damage":31.0,"enemies":"Fading Forest","floor":16.0,"turns":11.0},{"damage":11.0,"enemies":"2 Thieves","floor":18.0,"turns":5.0},{"damage":3.0,"enemies":"Spheric Guardian","floor":19.0,"turns":4.0},{"damage":13.0,"enemies":"3 Cultists","floor":21.0,"turns":5.0},{"damage":0.0,"enemies":"Snake Plant","floor":22.0,"turns":6.0},{"damage":5.0,"enemies":"Nightmare","floor":23.0,"turns":6.0},{"damage":0.0,"enemies":"Snecko","floor":25.0,"turns":3.0},{"damage":6.0,"enemies":"Centurion and Healer","floor":26.0,"turns":6.0},{"damage":4.0,"enemies":"Centurion and Healer","floor":28.0,"turns":5.0},{"damage":0.0,"enemies":"vexMod:InfectionBeast","floor":30.0,"turns":5.0},{"damage":14,"enemies":"Snake Plant","floor":31,"turns":3}],"seed_played":"1200543419124130497","potions_obtained":[{"floor":1.0,"key":"Dexterity Potion"},{"floor":3.0,"key":"SteroidPotion"},{"floor":6.0,"key":"Languid Potion"},{"floor":18.0,"key":"Reflective Coating"}],"is_trial":false,"path_per_floor":["M","M","M","?","M","E","R","E","T","M","M","R","M","?","R","B",null,"M","M","?","M","M","NM","$","M","MIM","R","M","$","E","M"],"character_chosen":"ASTROLOGER","items_purchased":["astrologer:Death","ReplayTheSpireMod:TigerMarble","astrologer:Nova","astrologer:NeutronStar"],"campfire_rested":1,"item_purchase_floors":[24,24,24,29],"current_hp_per_floor":[69,69,69,69,65,64,64,60,60,60,60,60,60,60,60,39,70,59,56,49,36,36,31,31,31,25,46,42,42,42,28,28],"gold":106,"neow_bonus":"RANDOM_COLORLESS","is_daily":false,"chose_seed":false,"campfire_upgraded":3,"win_rate":0.0,"timestamp":1608718813,"path_taken":["M","M","M","?","?","E","R","E","T","M","M","R","M","?","R","BOSS","M","M","?","M","M","NM","$","M","MIM","R","M","$","E","M"],"items_purchased_type":["Card","Relic","Card","Card"],"build_version":"2020-12-22","purchased_purges":1,"victory":false,"max_hp_per_floor":[70,70,70,70,70,70,70,70,70,70,70,70,70,70,70,70,70,70,70,70,70,70,70,70,70,70,70,70,70,70,70,70],"relic_stats":{"counters":[1,3],"obtain_stats":[{"SnailShell":0,"jedi:cryingmask":0,"RoseTintedShades":0,"infinitespire:Golems Mask":30,"astrologer:SkyMirror":0,"CosmicIsotope":0,"ReplayTheSpireMod:TigerMarble":0,"BlackRope":0,"Odd Mushroom":0,"jedi:shrinkray":0},{"SnailShell":0,"jedi:cryingmask":0,"RoseTintedShades":0,"infinitespire:Golems Mask":0,"astrologer:SkyMirror":0,"CosmicIsotope":0,"ReplayTheSpireMod:TigerMarble":0,"BlackRope":0,"Odd Mushroom":0,"jedi:shrinkray":0},{"SnailShell":0,"jedi:cryingmask":0,"RoseTintedShades":0,"infinitespire:Golems Mask":0,"astrologer:SkyMirror":0,"CosmicIsotope":0,"ReplayTheSpireMod:TigerMarble":0,"BlackRope":0,"Odd Mushroom":0,"jedi:shrinkray":0}]},"card_choices":[{"not_picked":["astrologer:FrozenStar","astrologer:Quincunx"],"picked":"astrologer:Moonlight","floor":1.0},{"not_picked":["astrologer:Cataclysm","astrologer:MeteorShower","astrologer:Prestidigitation"],"picked":"SKIP","floor":2.0},{"not_picked":["astrologer:TheDevil","astrologer:SolarFlare"],"picked":"astrologer:Eclipse","floor":3.0},{"not_picked":["astrologer:Quincunx","astrologer:FadingStar"],"picked":"astrologer:CometStrike","floor":5.0},{"not_picked":["astrologer:FrozenStar","astrologer:Retelling"],"picked":"astrologer:StarOfMisfortune","floor":6.0},{"not_picked":["astrologer:TheHermit","astrologer:Still","astrologer:Eclipse"],"picked":"SKIP","floor":8.0},{"not_picked":["astrologer:Eclipse","astrologer:ReadTheStars"],"picked":"astrologer:Starfield","floor":10.0},{"not_picked":["astrologer:Divination","astrologer:MeteorShower","astrologer:Confirmation"],"picked":"SKIP","floor":11.0},{"not_picked":["astrologer:Cataclysm","astrologer:SolarFlare","astrologer:Conjunction"],"picked":"SKIP","floor":13.0},{"not_picked":["astrologer:Radiance","astrologer:Confirmation"],"picked":"astrologer:Judgement","floor":14.0},{"not_picked":["astrologer:WheelofFortune","astrologer:HeatDeath"],"picked":"astrologer:TheWorld","floor":16.0},{"not_picked":["astrologer:TheMagician","astrologer:FrozenStar+1"],"picked":"astrologer:ReadTheStars","floor":18.0},{"not_picked":["astrologer:Eclipse","astrologer:RejectReality"],"picked":"astrologer:ShootingStar","floor":19.0},{"not_picked":["astrologer:Novile","astrologer:TheLovers"],"picked":"astrologer:ReadTheStars","floor":21.0},{"not_picked":["astrologer:Still","astrologer:FrozenStar+1"],"picked":"astrologer:CometStrike","floor":22.0},{"not_picked":["astrologer:Moonlight","astrologer:Conjunction"],"picked":"astrologer:CometStrike+1","floor":23.0},{"not_picked":["astrologer:ReadTheStars+1","astrologer:SolarFlare+1","astrologer:HeatDeath"],"picked":"SKIP","floor":25.0},{"not_picked":["astrologer:ReadTheStars","astrologer:Eclipse"],"picked":"astrologer:Moonlight+1","floor":28.0},{"not_picked":["astrologer:Premeditation","astrologer:StarOfRegret"],"picked":"astrologer:Stardust","floor":30}],"player_experience":175810,"relics_obtained":[{"floor":6.0,"key":"BlackRope"},{"floor":8.0,"key":"jedi:shrinkray"},{"floor":9.0,"key":"SnailShell"},{"floor":14.0,"key":"Odd Mushroom"},{"floor":23.0,"key":"jedi:cryingmask"},{"floor":26.0,"key":"RoseTintedShades"},{"floor":30,"key":"infinitespire:Golems Mask"}],"event_choices":[{"damage_healed":0.0,"max_hp_gain":0.0,"max_hp_loss":0.0,"gold_gain":0.0,"event_name":"Match and Keep!","player_choice":"3 cards matched","floor":4.0,"gold_loss":0.0,"damage_taken":0.0,"cards_obtained":["Flash of Steel","astrologer:NorthStar","astrologer:Justice"]},{"damage_healed":0.0,"max_hp_gain":0.0,"max_hp_loss":0.0,"gold_gain":0.0,"event_name":"Mushrooms","player_choice":"Fought Mushrooms","floor":14.0,"gold_loss":0.0,"damage_taken":0.0},{"damage_healed":0.0,"max_hp_gain":0.0,"max_hp_loss":0.0,"gold_gain":75.0,"event_name":"FaceTrader","player_choice":"Touch","floor":20.0,"gold_loss":0.0,"damage_taken":7.0}],"is_beta":false,"boss_relics":[{"not_picked":["Painkiller Herb","infinitespire:Cupcake"],"picked":"CosmicIsotope"}],"items_purged_floors":[24],"is_endless":false,"potions_floor_spawned":[1,3,6,14,18,23,25,28],"killed_by":"Snake Plant","ascension_level":0}}