{"host":"j204k34h42bd6fas","time":1608700569,"event":{"mods":["Aspiration","BaseMod","Colored Map","Colored Powertips","Conspire","Hubris","Infinite Spire","Mimic Mod","Minty Spire (QoL Compilation)","Rare Cards Sparkle","Relic Stats","Replay The Spire","Say the Spire","StSLib","The Cursed"],"gold_per_floor":[116,32,32,42,55,89,89,89,89],"floor_reached":8,"playtime":250,"items_purged":[],"score":67,"play_id":"35fe6622-82d7-48ed-b22a-52d9fd90f673","local_time":"20201223001609","is_ascension_mode":true,"campfire_choices":[{"data":"hubris:StunningStrike","floor":7,"key":"SMITH"}],"circlet_count":0,"master_deck":["Strike_R","Strike_R","Strike_R","Strike_R","Strike_R","Defend_R","Defend_R","Defend_R","Defend_R","Bash","hubris:ReadiedAction","Defy Death","True Grit","Reaper","conspire:Banana","Intimidate","hubris:ReadiedAction","hubris:StunningStrike+1"],"relics":["Burning Blood","NeowsBlessing","Orichalcum"],"acts_visited":["Exordium"],"potions_floor_usage":[1,6],"damage_taken":[{"damage":0,"enemies":"Cultist","floor":1,"turns":1},{"damage":0,"enemies":"Small Slimes","floor":4,"turns":1},{"damage":0,"enemies":"2 Louse","floor":5,"turns":1},{"damage":48,"enemies":"Gremlin Nob","floor":6,"turns":5},{"damage":56,"enemies":"3 Sentries","floor":8,"turns":10}],"seed_played":"-114032537642333995","potions_obtained":[{"floor":1,"key":"Fruit Juice"},{"floor":5,"key":"DistilledChaos"}],"is_trial":false,"path_per_floor":["M","$","?","M","M","E","R","E"],"character_chosen":"IRONCLAD","items_purchased":["Defy Death","True Grit"],"campfire_rested":0,"item_purchase_floors":[2,2],"current_hp_per_floor":[85,85,85,85,86,51,51,8,8],"gold":89,"neow_bonus":"THREE_ENEMY_KILL","is_daily":false,"chose_seed":false,"campfire_upgraded":1,"win_rate":0.0,"timestamp":1608700569,"path_taken":["M","?","?","M","M","E","R","E"],"items_purchased_type":["Card","Card"],"build_version":"2020-12-22","purchased_purges":0,"victory":false,"max_hp_per_floor":[85,85,85,85,86,87,87,88,88],"relic_stats":{"counters":[5,18],"Orichalcum":[24],"obtain_stats":[{"NeowsBlessing":0,"Orichalcum":6,"Burning Blood":0},{"NeowsBlessing":0,"Orichalcum":4,"Burning Blood":0},{"NeowsBlessing":0,"Orichalcum":8,"Burning Blood":0}],"Burning Blood":6},"card_choices":[{"not_picked":["Replay:Undeath\u0027s Touch","Cleave"],"picked":"hubris:ReadiedAction","floor":1},{"not_picked":["Iron Wave","Sword Boomerang"],"picked":"Intimidate","floor":4},{"not_picked":["Headbutt","Anger"],"picked":"hubris:ReadiedAction","floor":5},{"not_picked":["conspire:ExplosiveBarrier","ReplayTheSpireMod:Strike From Hell"],"picked":"hubris:StunningStrike","floor":6}],"player_experience":283989,"relics_obtained":[{"floor":6,"key":"Orichalcum"}],"event_choices":[{"damage_healed":0,"gold_gain":0,"player_choice":"2 cards matched","damage_taken":0,"max_hp_gain":0,"max_hp_loss":0,"event_name":"Match and Keep!","floor":3,"gold_loss":0,"cards_obtained":["Reaper","conspire:Banana"]}],"is_beta":false,"boss_relics":[],"items_purged_floors":[],"is_endless":false,"potions_floor_spawned":[1,5],"killed_by":"3 Sentries","ascension_level":4}}