{"host":"bg8va46pgqgvtzim","time":1608702856,"event":{"mods":["BaseMod","Minty Spire (QoL Compilation)","Quick Restart","StSLib","SuperFastMode"],"gold_per_floor":[113,113,131,151,166,193,193,223,246,246,280,205,235,249,249,353,353,372,384,243,256,256,289,289,324,324,339,339,370,388,388,388,485,485,497,547,327,327,344,370,386,386,413,448,467,501,501,501,501,501,501,501,266,294,294],"floor_reached":56,"playtime":1550,"items_purged":["Strike_G","Strike_G","Strike_G+1","Riddle With Holes+1"],"score":1818,"play_id":"045833d9-a48a-43a7-93d0-6cccd333bed6","local_time":"20201223135416","is_ascension_mode":true,"campfire_choices":[{"data":"Riddle With Holes","floor":7.0,"key":"SMITH"},{"data":"Prepared","floor":10.0,"key":"SMITH"},{"data":"Prepared","floor":15.0,"key":"SMITH"},{"data":"Eviscerate","floor":24,"key":"SMITH"},{"data":"Reflex","floor":28,"key":"SMITH"},{"data":"Acrobatics","floor":32,"key":"SMITH"},{"data":"Tactician","floor":42,"key":"SMITH"},{"data":"Terror","floor":47,"key":"SMITH"},{"floor":49,"key":"RECALL"},{"data":"Reflex","floor":52,"key":"SMITH"}],"circlet_count":0,"master_deck":["Defend_G","Defend_G","Defend_G","Defend_G","Survivor","Neutralize","Prepared+1","Terror+1","Reflex+1","Eviscerate+1","Prepared+1","Reflex+1","Escape Plan","Concentrate","Acrobatics+1","After Image","Acrobatics+1","Tactician+1","Well Laid Plans"],"relics":["Ring of the Snake","Singing Bowl","PreservedInsect","Vajra","Whetstone","Omamori","WristBlade","Prayer Wheel","Strawberry","Happy Flower","Calipers","Anchor","Coffee Dripper","Gambling Chip","Membership Card","InkBottle","Kunai","Regal Pillow","HornCleat","Ornamental Fan"],"acts_visited":["Exordium","TheCity","TheBeyond","TheEnding"],"potions_floor_usage":[30,55,55],"damage_taken":[{"damage":0.0,"enemies":"2 Louse","floor":1.0,"turns":3.0},{"damage":0.0,"enemies":"Cultist","floor":3.0,"turns":3.0},{"damage":1.0,"enemies":"Jaw Worm","floor":4.0,"turns":4.0},{"damage":2.0,"enemies":"Blue Slaver","floor":5.0,"turns":4.0},{"damage":18.0,"enemies":"Gremlin Nob","floor":6.0,"turns":3.0},{"damage":1.0,"enemies":"3 Sentries","floor":8.0,"turns":12.0},{"damage":0.0,"enemies":"Gremlin Nob","floor":11.0,"turns":2.0},{"damage":9.0,"enemies":"3 Sentries","floor":13.0,"turns":6.0},{"damage":2.0,"enemies":"Looter","floor":14.0,"turns":2.0},{"damage":8.0,"enemies":"The Guardian","floor":16.0,"turns":8.0},{"damage":0.0,"enemies":"Spheric Guardian","floor":18.0,"turns":1.0},{"damage":0.0,"enemies":"Chosen","floor":19.0,"turns":3.0},{"damage":0,"enemies":"Sentry and Sphere","floor":21,"turns":2},{"damage":0,"enemies":"Book of Stabbing","floor":23,"turns":2},{"damage":4,"enemies":"Slavers","floor":25,"turns":2},{"damage":0,"enemies":"Centurion and Healer","floor":27,"turns":2},{"damage":0,"enemies":"Gremlin Leader","floor":29,"turns":2},{"damage":0,"enemies":"Cultist and Chosen","floor":30,"turns":3},{"damage":0,"enemies":"Collector","floor":33,"turns":2},{"damage":0,"enemies":"3 Darklings","floor":35,"turns":3},{"damage":0,"enemies":"Mind Bloom Boss Battle","floor":36,"turns":2},{"damage":0,"enemies":"Orb Walker","floor":39,"turns":1},{"damage":0,"enemies":"Reptomancer","floor":40,"turns":1},{"damage":0,"enemies":"Jaw Worm Horde","floor":41,"turns":1},{"damage":0,"enemies":"Giant Head","floor":44,"turns":1},{"damage":0,"enemies":"Transient","floor":45,"turns":1},{"damage":0,"enemies":"Nemesis","floor":46,"turns":1},{"damage":0,"enemies":"Awakened One","floor":50,"turns":2},{"damage":0,"enemies":"Shield and Spear","floor":54,"turns":1},{"damage":0,"enemies":"The Heart","floor":55,"turns":3}],"seed_played":"-4398599938680627153","potions_obtained":[{"floor":3.0,"key":"EssenceOfSteel"},{"floor":4.0,"key":"SteroidPotion"},{"floor":6.0,"key":"PowerPotion"},{"floor":8.0,"key":"GamblersBrew"},{"floor":19.0,"key":"DistilledChaos"},{"floor":23,"key":"Fire Potion"},{"floor":30,"key":"SpeedPotion"},{"floor":35,"key":"AttackPotion"},{"floor":36,"key":"Dexterity Potion"},{"floor":45,"key":"DuplicationPotion"}],"is_trial":false,"path_per_floor":["M","?","M","M","M","E","R","E","T","R","E","$","E","M","R","B",null,"M","M","$","M","?","E","R","E","T","M","R","E","M","?","R","B",null,"M","?","$","?","M","E","M","R","T","E","M","E","R","?","R","B",null,"R","$","E","B",null],"character_chosen":"THE_SILENT","items_purchased":["Reflex","Membership Card","HornCleat","Well Laid Plans"],"campfire_rested":0,"item_purchase_floors":[20,37,53,53],"current_hp_per_floor":[49,49,49,48,46,30,30,29,29,29,31,31,22,22,22,16,78,80,82,82,84,84,84,84,87,87,91,91,93,95,95,95,95,99,103,103,103,103,105,107,111,111,111,113,117,119,119,119,119,119,119,119,119,121,121],"gold":294,"neow_bonus":"REMOVE_TWO","is_daily":false,"chose_seed":false,"campfire_upgraded":9,"win_rate":0.0,"timestamp":1608702856,"path_taken":["M","?","M","M","M","E","R","E","T","R","E","$","E","M","R","BOSS","M","M","$","M","?","E","R","E","T","M","R","E","M","?","R","BOSS","M","?","$","?","M","E","M","R","T","E","M","E","R","?","R","BOSS","R","$","E","BOSS"],"items_purchased_type":["Card","Relic","Relic","Card"],"build_version":"2020-12-13","purchased_purges":4,"victory":true,"max_hp_per_floor":[70,70,70,70,70,72,72,72,72,72,74,74,74,76,76,78,78,80,82,82,84,84,84,84,91,91,95,95,97,99,99,99,99,99,103,103,103,103,105,107,111,111,111,113,117,119,119,119,119,119,119,119,119,121,121],"card_choices":[{"not_picked":["Outmaneuver","Dagger Spray"],"picked":"Prepared","floor":1.0},{"not_picked":["Dagger Throw","Outmaneuver"],"picked":"Riddle With Holes","floor":3.0},{"not_picked":["Deadly Poison","Bane"],"picked":"Reflex","floor":4.0},{"not_picked":["Flying Knee","Deadly Poison","Deflect"],"picked":"SKIP","floor":5.0},{"not_picked":["Doppelganger","Outmaneuver","Deflect"],"picked":"Singing Bowl","floor":6.0},{"not_picked":["Dash","Blur"],"picked":"Eviscerate","floor":8.0},{"not_picked":["Accuracy","Quick Slash","Night Terror"],"picked":"Singing Bowl","floor":11.0},{"not_picked":["Distraction","Riddle With Holes"],"picked":"Prepared","floor":13.0},{"not_picked":["Deflect","Accuracy","Prepared"],"picked":"Singing Bowl","floor":14.0},{"not_picked":["Bullet Time","Night Terror","Envenom"],"picked":"Singing Bowl","floor":16.0},{"not_picked":["Backflip+1","Slice+1","Bane+1"],"picked":"Singing Bowl","floor":18.0},{"not_picked":["Terror+1","Dagger Throw+1","Flechettes+1"],"picked":"Singing Bowl","floor":19.0},{"not_picked":["Prepared","Poisoned Stab","Dagger Throw"],"picked":"Singing Bowl","floor":21},{"not_picked":["Riddle With Holes","Bouncing Flask+1"],"picked":"Escape Plan","floor":23},{"not_picked":["Burst","Dagger Throw"],"picked":"Concentrate","floor":25},{"not_picked":["Sucker Punch","Crippling Poison","Backstab+1"],"picked":"Singing Bowl","floor":27},{"not_picked":["Quick Slash","Cloak And Dagger","Flying Knee"],"picked":"Singing Bowl","floor":27},{"not_picked":["Blade Dance","Dagger Spray+1","Infinite Blades+1"],"picked":"Singing Bowl","floor":29},{"not_picked":["Leg Sweep+1","Accuracy+1"],"picked":"Acrobatics","floor":30},{"not_picked":["Cloak And Dagger+1","Terror+1","Reflex+1"],"picked":"Singing Bowl","floor":30},{"not_picked":["Phantasmal Killer","Die Die Die"],"picked":"After Image","floor":33},{"not_picked":["Cloak And Dagger+1","Dodge and Roll+1","Poisoned Stab+1"],"picked":"Singing Bowl","floor":35},{"not_picked":["Backflip","Flying Knee","Riddle With Holes"],"picked":"Singing Bowl","floor":35},{"not_picked":["Flying Knee+1","PiercingWail"],"picked":"Acrobatics+1","floor":36},{"not_picked":["Dodge and Roll+1","Outmaneuver"],"picked":"Tactician","floor":39},{"not_picked":["Slice+1","All Out Attack+1","Riddle With Holes"],"picked":"Singing Bowl","floor":39},{"not_picked":["Backflip+1","Cloak And Dagger","Blur+1"],"picked":"Singing Bowl","floor":40},{"not_picked":["Blade Dance","Acrobatics+1","Bane"],"picked":"Singing Bowl","floor":41},{"not_picked":["Eviscerate+1","Deadly Poison","Crippling Poison"],"picked":"Singing Bowl","floor":41},{"not_picked":["Underhanded Strike+1","Bullet Time","Bane"],"picked":"Singing Bowl","floor":44},{"not_picked":["Dodge and Roll","Dagger Throw+1","Acrobatics"],"picked":"Singing Bowl","floor":45},{"not_picked":["Underhanded Strike+1","Night Terror","Infinite Blades+1"],"picked":"Singing Bowl","floor":45},{"not_picked":["Acrobatics+1","Bullet Time","Deflect"],"picked":"Singing Bowl","floor":46},{"not_picked":["PiercingWail+1","Slice+1","Choke"],"picked":"Singing Bowl","floor":54}],"player_experience":2144603,"relics_obtained":[{"floor":6.0,"key":"Singing Bowl"},{"floor":8.0,"key":"PreservedInsect"},{"floor":9.0,"key":"Vajra"},{"floor":11.0,"key":"Whetstone"},{"floor":13.0,"key":"Omamori"},{"floor":23,"key":"Prayer Wheel"},{"floor":25,"key":"Strawberry"},{"floor":26,"key":"Happy Flower"},{"floor":29,"key":"Calipers"},{"floor":36,"key":"Gambling Chip"},{"floor":40,"key":"InkBottle"},{"floor":44,"key":"Kunai"},{"floor":46,"key":"Regal Pillow"},{"floor":54,"key":"Ornamental Fan"}],"event_choices":[{"damage_healed":0.0,"max_hp_gain":0.0,"max_hp_loss":0.0,"gold_gain":0.0,"event_name":"Match and Keep!","player_choice":"1 cards matched","floor":2.0,"gold_loss":0.0,"damage_taken":0.0,"cards_obtained":["Terror"]},{"damage_healed":0,"gold_gain":0,"player_choice":"Ignored","damage_taken":0,"max_hp_gain":0,"max_hp_loss":0,"event_name":"Vampires","floor":22,"gold_loss":0},{"damage_healed":0,"gold_gain":0,"player_choice":"Opened","damage_taken":0,"relics_obtained":["Anchor"],"max_hp_gain":0,"max_hp_loss":0,"event_name":"The Mausoleum","floor":31,"gold_loss":0,"cards_obtained":["Writhe"]},{"damage_healed":0,"gold_gain":0,"player_choice":"Fight","damage_taken":0,"max_hp_gain":0,"max_hp_loss":0,"event_name":"MindBloom","floor":36,"gold_loss":0},{"damage_healed":0,"gold_gain":0,"player_choice":"Ignored","damage_taken":0,"max_hp_gain":0,"max_hp_loss":0,"event_name":"Tomb of Lord Red Mask","floor":38,"gold_loss":0},{"cards_removed":["Strike_G"],"damage_healed":0,"gold_gain":0,"player_choice":"Removed Attack","damage_taken":0,"max_hp_gain":0,"max_hp_loss":0,"event_name":"Falling","floor":48,"gold_loss":0}],"is_beta":false,"boss_relics":[{"not_picked":["Busted Crown","Runic Pyramid"],"picked":"WristBlade"},{"not_picked":["Sozu","Snecko Eye"],"picked":"Coffee Dripper"}],"items_purged_floors":[12,20,37,53],"is_endless":false,"potions_floor_spawned":[3,4,6,8,19,23,25,30,35,36,44,45,46],"ascension_level":1}}