{"host":"9jgb0cghaqjt5w7m","time":1608726441,"event":{"mods":["2.2 Compatiblity","AchievementEnabler","BaseMod","DeckTracker","Keyboard Shortcuts","Koishi","Marisa£¨Ùöéë¡¡Øª×âÞÞ£©","Minty Spire (QoL Compilation)","Permanent Neow","Quick Restart","StSLib","everything is the same but u backflip on backflip"],"gold_per_floor":[119,44,61,81,81,106,106,138,138,158,191,202,217,217,217,320,320,334,349,30,0,0,0,27,27,27,37,37,68,0,0,0,98,98,115,125,125,142,0,0,0,0,0,0,14,14,24,44,44,44,44,44,44,71,71,71],"floor_reached":55,"playtime":3427,"items_purged":["Strike_G","Strike_G"],"score":761,"play_id":"40c78b36-2410-4abd-8559-46c8bb1c0896","local_time":"20201223212721","is_ascension_mode":true,"campfire_choices":[{"data":"Noxious Fumes","floor":7.0,"key":"SMITH"},{"data":"Catalyst","floor":15.0,"key":"SMITH"},{"data":"Crippling Poison","floor":23.0,"key":"SMITH"},{"floor":25.0,"key":"REST"},{"data":"Catalyst","floor":32.0,"key":"SMITH"},{"floor":40,"key":"RECALL"},{"floor":42,"key":"REST"},{"floor":44,"key":"REST"},{"floor":46,"key":"REST"},{"floor":49,"key":"REST"},{"data":"Apotheosis","floor":52,"key":"SMITH"}],"circlet_count":0,"master_deck":["Defend_G","Defend_G","Defend_G","Defend_G","Defend_G","Survivor","Neutralize","Backflip","Dagger Spray","Noxious Fumes+1","All Out Attack","Catalyst+1","Crippling Poison+1","Escape Plan","Noxious Fumes","Predator","Malaise","Bouncing Flask","Bouncing Flask","Distraction","Catalyst+1","Deadly Poison","Blur","Noxious Fumes","Choke","Corpse Explosion","Deadly Poison","Night Terror","Apotheosis+1","Bane+1","Deadly Poison+1","Poisoned Stab"],"relics":["SlaversCollar","MealTicket","InkBottle","Bronze Scales","Velvet Choker","Vajra","Blood Vial","Bottled Tornado","Enchiridion","Gambling Chip","Philosopher\u0027s Stone","Red Mask","Gremlin Horn","HornCleat"],"acts_visited":["Exordium","TheCity","TheBeyond","TheEnding"],"potions_floor_usage":[50,50,55,55],"damage_taken":[{"damage":3.0,"enemies":"Cultist","floor":1.0,"turns":6.0},{"damage":1.0,"enemies":"Jaw Worm","floor":3.0,"turns":8.0},{"damage":0.0,"enemies":"Small Slimes","floor":4.0,"turns":3.0},{"damage":20.0,"enemies":"Lagavulin","floor":6.0,"turns":9.0},{"damage":9.0,"enemies":"3 Sentries","floor":8.0,"turns":5.0},{"damage":2.0,"enemies":"2 Fungi Beasts","floor":10.0,"turns":3.0},{"damage":14.0,"enemies":"Gremlin Nob","floor":11.0,"turns":4.0},{"damage":4.0,"enemies":"Looter","floor":12.0,"turns":3.0},{"damage":9.0,"enemies":"3 Louse","floor":13.0,"turns":2.0},{"damage":19.0,"enemies":"Hexaghost","floor":16.0,"turns":5.0},{"damage":16.0,"enemies":"Chosen","floor":18.0,"turns":6.0},{"damage":10.0,"enemies":"Shell Parasite","floor":19.0,"turns":5.0},{"damage":20.0,"enemies":"Gremlin Leader","floor":24.0,"turns":5.0},{"damage":5.0,"enemies":"Chosen and Byrds","floor":27.0,"turns":4.0},{"damage":0.0,"enemies":"Book of Stabbing","floor":29.0,"turns":3.0},{"damage":8.0,"enemies":"Champ","floor":33.0,"turns":4.0},{"damage":4,"enemies":"3 Darklings","floor":35,"turns":3},{"damage":21,"enemies":"Orb Walker","floor":36,"turns":3},{"damage":39,"enemies":"Sphere and 2 Shapes","floor":38,"turns":4},{"damage":15,"enemies":"Maw","floor":45,"turns":6},{"damage":8,"enemies":"Writhing Mass","floor":47,"turns":4},{"damage":26,"enemies":"3 Darklings","floor":48,"turns":3},{"damage":60,"enemies":"Time Eater","floor":50,"turns":5},{"damage":45,"enemies":"Shield and Spear","floor":54,"turns":4},{"damage":37,"enemies":"The Heart","floor":55,"turns":2}],"seed_played":"9104001083007450949","potions_obtained":[{"floor":3.0,"key":"DuplicationPotion"},{"floor":6.0,"key":"Explosive Potion"},{"floor":11.0,"key":"Dexterity Potion"},{"floor":13.0,"key":"Poison Potion"},{"floor":19.0,"key":"CultistPotion"},{"floor":38,"key":"BlessingOfTheForge"},{"floor":48,"key":"Explosive Potion"},{"floor":54,"key":"Dexterity Potion"}],"is_trial":false,"path_per_floor":["M","$","M","M","?","E","R","E","T","M","E","M","M","?","R","B",null,"M","M","$","?","?","R","E","R","T","M","?","E","$","?","R","B",null,"M","M","?","M","?","R","?","R","T","R","M","R","M","M","R","B",null,"R","$","E","B"],"character_chosen":"THE_SILENT","items_purchased":["Vajra","Bouncing Flask","Blur"],"campfire_rested":5,"item_purchase_floors":[20,20,30],"current_hp_per_floor":[67,67,66,66,59,39,39,30,30,28,14,10,1,70,70,51,70,54,44,59,59,46,46,26,48,48,45,29,31,46,46,46,40,75,71,52,52,15,15,15,15,37,37,59,46,68,62,38,60,2,75,75,75,30,0,0],"gold":71,"neow_bonus":"BOSS_RELIC","is_daily":false,"chose_seed":false,"campfire_upgraded":5,"win_rate":0.0,"timestamp":1608726441,"path_taken":["M","?","M","M","?","E","R","E","T","M","E","M","M","?","R","BOSS","M","?","$","?","?","R","E","R","T","M","?","E","$","?","R","BOSS","M","M","?","M","?","R","?","R","T","R","M","R","M","M","R","BOSS","R","$","E","BOSS"],"items_purchased_type":["Relic","Card","Card"],"build_version":"2020-12-22","purchased_purges":2,"victory":false,"max_hp_per_floor":[70,70,70,70,70,70,70,70,70,70,70,70,70,70,70,70,70,70,70,70,70,75,75,75,75,75,75,75,75,75,75,75,75,75,75,75,75,75,75,75,75,75,75,75,75,75,75,75,75,75,75,75,75,75,75,75],"card_choices":[{"not_picked":["Quick Slash","Prepared"],"picked":"Backflip","floor":1.0},{"not_picked":["Slice","Finisher"],"picked":"Dagger Spray","floor":3.0},{"not_picked":["Leg Sweep","Dagger Throw"],"picked":"Noxious Fumes","floor":4.0},{"not_picked":["Slice","Dagger Throw"],"picked":"All Out Attack","floor":6.0},{"not_picked":["Flechettes","Flying Knee"],"picked":"Catalyst","floor":8.0},{"not_picked":["Deadly Poison","Underhanded Strike"],"picked":"Crippling Poison","floor":10.0},{"not_picked":["Footwork","Deflect"],"picked":"Escape Plan","floor":11.0},{"not_picked":["Underhanded Strike","Burst"],"picked":"Noxious Fumes","floor":12.0},{"not_picked":["Flechettes","Reflex"],"picked":"Predator","floor":13.0},{"not_picked":["Unload","Phantasmal Killer"],"picked":"Malaise","floor":16.0},{"not_picked":["Escape Plan","Blur"],"picked":"Bouncing Flask","floor":18.0},{"not_picked":["Sucker Punch","Endless Agony","Flying Knee"],"picked":"SKIP","floor":19.0},{"not_picked":["Finisher","Quick Slash"],"picked":"Distraction","floor":24.0},{"not_picked":["Masterful Stab+1","Bane"],"picked":"Catalyst","floor":27.0},{"not_picked":["Expertise","Terror"],"picked":"Deadly Poison","floor":29.0},{"not_picked":["Storm of Steel","Grand Finale"],"picked":"Corpse Explosion","floor":33.0},{"not_picked":["Leg Sweep+1","Acrobatics"],"picked":"Deadly Poison","floor":35},{"not_picked":["Predator+1","Quick Slash+1"],"picked":"Night Terror","floor":36},{"not_picked":["Chrysalis","Master of Strategy"],"picked":"Apotheosis","floor":37},{"not_picked":["Dagger Spray+1","Prepared+1"],"picked":"Bane+1","floor":38},{"not_picked":["Distraction","Blade Dance","Dagger Throw+1"],"picked":"SKIP","floor":45},{"not_picked":["Outmaneuver+1","Accuracy+1"],"picked":"Deadly Poison+1","floor":47},{"not_picked":["Quick Slash+1","Cloak And Dagger"],"picked":"Poisoned Stab","floor":48},{"not_picked":["Glass Knife","Leg Sweep+1","Dagger Spray"],"picked":"SKIP","floor":54}],"player_experience":216473,"relics_obtained":[{"floor":6.0,"key":"MealTicket"},{"floor":8.0,"key":"InkBottle"},{"floor":11.0,"key":"Bronze Scales"},{"floor":24.0,"key":"Blood Vial"},{"floor":26.0,"key":"Bottled Tornado"},{"floor":28.0,"key":"Enchiridion"},{"floor":29.0,"key":"Gambling Chip"},{"floor":43,"key":"Gremlin Horn"},{"floor":54,"key":"HornCleat"}],"event_choices":[{"cards_removed":["Strike_G"],"damage_healed":0.0,"max_hp_gain":0.0,"max_hp_loss":0.0,"gold_gain":0.0,"event_name":"Golden Wing","player_choice":"Card Removal","floor":5.0,"gold_loss":0.0,"damage_taken":7.0},{"damage_healed":69.0,"max_hp_gain":0.0,"max_hp_loss":0.0,"gold_gain":0.0,"event_name":"Wheel of Change","player_choice":"Full Heal","floor":14.0,"gold_loss":0.0,"damage_taken":0.0},{"damage_healed":0.0,"max_hp_gain":0.0,"max_hp_loss":0.0,"gold_gain":0.0,"event_name":"Masked Bandits","player_choice":"Paid Fearfully","floor":21.0,"gold_loss":30.0,"damage_taken":0.0},{"damage_healed":0.0,"max_hp_gain":5.0,"max_hp_loss":0.0,"gold_gain":0.0,"event_name":"Forgotten Altar","player_choice":"Shed Blood","floor":22.0,"gold_loss":0.0,"damage_taken":18.0},{"damage_healed":0.0,"max_hp_gain":0.0,"max_hp_loss":0.0,"gold_gain":0.0,"event_name":"Cursed Tome","player_choice":"Obtained Book","floor":28.0,"gold_loss":0.0,"damage_taken":16.0},{"damage_healed":0.0,"max_hp_gain":0.0,"max_hp_loss":0.0,"gold_gain":0.0,"cards_transformed":["Strike_G","Strike_G"],"event_name":"Drug Dealer","player_choice":"Became Test Subject","floor":31.0,"gold_loss":0.0,"damage_taken":0.0,"cards_obtained":["Noxious Fumes","Choke"]},{"damage_healed":0,"gold_gain":0,"player_choice":"Memory 1","damage_taken":0,"max_hp_gain":0,"max_hp_loss":0,"event_name":"SensoryStone","floor":37,"gold_loss":0},{"damage_healed":0,"gold_gain":0,"player_choice":"Paid","damage_taken":0,"relics_obtained":["Red Mask"],"max_hp_gain":0,"max_hp_loss":0,"event_name":"Tomb of Lord Red Mask","floor":39,"gold_loss":142},{"damage_healed":0,"gold_gain":0,"player_choice":"Ignored","damage_taken":0,"max_hp_gain":0,"max_hp_loss":0,"event_name":"Mysterious Sphere","floor":41,"gold_loss":0}],"is_beta":false,"boss_relics":[{"not_picked":["Coffee Dripper","Pandora\u0027s Box"],"picked":"Velvet Choker"},{"not_picked":["Runic Dome","Calling Bell"],"picked":"Philosopher\u0027s Stone"}],"items_purged_floors":[2,20],"is_endless":false,"potions_floor_spawned":[3,6,11,13,19,38,48,54],"killed_by":"The Heart","ascension_level":1}}