{"host":"kh6fvhxn285ncg0o","time":1608762272,"event":{"mods":["Act Like it!","BaseMod","Colored Map","Friendly Minions","Keyboard Shortcuts","Minty Spire (QoL Compilation)","Quick Restart","Relic Stats","StSLib","SuperFastMode"],"gold_per_floor":[365,365,129,146,30,65,65,76,101,101,117,143,143,168,168,246,246,266,166,216,234,246,281,281,307,358,358,358,387,387,105,105,176,176,190,204,40,40,57,92,126,155,155,171,171,171,171,197,197,197,197,197,197,39,73,73],"floor_reached":57,"playtime":2901,"items_purged":["Strike_R","Strike_R","Strike_R"],"score":3184,"play_id":"f90c4faa-f66e-49a2-ba99-24f63e20574d","local_time":"20201224072432","is_ascension_mode":true,"campfire_choices":[{"data":"Uppercut","floor":7.0,"key":"SMITH"},{"data":"Carnage","floor":10.0,"key":"SMITH"},{"data":"Battle Trance","floor":13.0,"key":"SMITH"},{"data":"Body Slam","floor":15.0,"key":"SMITH"},{"floor":24.0,"key":"REST"},{"floor":28.0,"key":"REST"},{"data":"Exhume","floor":30.0,"key":"SMITH"},{"floor":32.0,"key":"RECALL"},{"data":"Evolve","floor":46.0,"key":"SMITH"},{"data":"Fiend Fire","floor":49.0,"key":"SMITH"},{"data":"Transmutation","floor":53.0,"key":"SMITH"}],"circlet_count":0,"master_deck":["AscendersBane","Strike_R","Defend_R","Defend_R","Defend_R","Bash","Battle Trance+1","Power Through+1","Evolve+1","Uppercut+1","Carnage+1","Flame Barrier+1","Body Slam+1","Exhume+1","Warcry","Power Through+1","Fiend Fire+1","Burning Pact","Fiend Fire","Jack Of All Trades","Transmutation+1"],"relics":["Burning Blood","TheAbacus","Happy Flower","MealTicket","Dead Branch","Bronze Scales","Busted Crown","War Paint","Kunai","Nilry\u0027s Codex","WingedGreaves","Medical Kit","HornCleat","Letter Opener","Bag of Preparation","Centennial Puzzle","Torii","Frozen Eye"],"acts_visited":["Exordium","TheCity","TheBeyond","TheEnding"],"potions_floor_usage":[56,56],"damage_taken":[{"damage":10.0,"enemies":"Small Slimes","floor":1.0,"turns":4.0},{"damage":0.0,"enemies":"Cultist","floor":4.0,"turns":4.0},{"damage":11.0,"enemies":"Lagavulin","floor":6.0,"turns":8.0},{"damage":0.0,"enemies":"Jaw Worm","floor":8.0,"turns":4.0},{"damage":5.0,"enemies":"Gremlin Gang","floor":11.0,"turns":4.0},{"damage":10.0,"enemies":"3 Sentries","floor":12.0,"turns":9.0},{"damage":15.0,"enemies":"Gremlin Nob","floor":14.0,"turns":4.0},{"damage":3.0,"enemies":"Hexaghost","floor":16.0,"turns":4.0},{"damage":12.0,"enemies":"2 Thieves","floor":18.0,"turns":3.0},{"damage":6.0,"enemies":"Shell Parasite","floor":21.0,"turns":4.0},{"damage":18.0,"enemies":"Shelled Parasite and Fungi","floor":22.0,"turns":4.0},{"damage":52.0,"enemies":"Gremlin Leader","floor":23.0,"turns":7.0},{"damage":1.0,"enemies":"Book of Stabbing","floor":25.0,"turns":4.0},{"damage":6.0,"enemies":"Gremlin Leader","floor":29.0,"turns":4.0},{"damage":21.0,"enemies":"Champ","floor":33.0,"turns":11.0},{"damage":0.0,"enemies":"Orb Walker","floor":35.0,"turns":2.0},{"damage":6.0,"enemies":"3 Darklings","floor":36.0,"turns":4.0},{"damage":6.0,"enemies":"Writhing Mass","floor":39.0,"turns":5.0},{"damage":3.0,"enemies":"Nemesis","floor":40.0,"turns":5.0},{"damage":21.0,"enemies":"Reptomancer","floor":41.0,"turns":6.0},{"damage":6.0,"enemies":"Nemesis","floor":42.0,"turns":5.0},{"damage":6.0,"enemies":"Transient","floor":44.0,"turns":6.0},{"damage":0.0,"enemies":"Giant Head","floor":48.0,"turns":4.0},{"damage":33.0,"enemies":"Time Eater","floor":50.0,"turns":9.0},{"damage":11.0,"enemies":"Awakened One","floor":51.0,"turns":9.0},{"damage":6.0,"enemies":"Shield and Spear","floor":55.0,"turns":6.0},{"damage":51,"enemies":"The Heart","floor":56,"turns":7}],"seed_played":"-4395528361186488792","potions_obtained":[{"floor":1.0,"key":"Weak Potion"},{"floor":4.0,"key":"ColorlessPotion"},{"floor":12.0,"key":"Dexterity Potion"},{"floor":23.0,"key":"GamblersBrew"},{"floor":25.0,"key":"Fire Potion"},{"floor":29.0,"key":"PowerPotion"},{"floor":33.0,"key":"DuplicationPotion"},{"floor":41.0,"key":"BlessingOfTheForge"},{"floor":55.0,"key":"CultistPotion"}],"is_trial":false,"path_per_floor":["M","?","$","M","$","E","R","M","T","R","M","E","R","E","R","B",null,"M","$","?","M","M","E","R","E","T","?","R","E","R","$","R","B",null,"M","M","$","?","M","E","E","E","T","M","?","R","?","E","R","B","B",null,"R","$","E","B",null],"character_chosen":"IRONCLAD","items_purchased":["TheAbacus","Evolve","Uppercut","Medical Kit","Burning Pact","Fiend Fire","Frozen Eye"],"campfire_rested":2,"item_purchase_floors":[3,5,5,31,37,37,54],"current_hp_per_floor":[46,46,46,52,52,47,47,53,53,53,54,50,50,41,41,44,67,61,75,75,75,63,17,39,44,44,23,45,45,45,60,60,45,68,74,74,75,75,75,75,60,60,60,60,60,60,50,56,56,29,24,62,62,75,75,30],"gold":73,"neow_bonus":"TWO_FIFTY_GOLD","is_daily":false,"chose_seed":false,"campfire_upgraded":8,"win_rate":0.0,"timestamp":1608762272,"path_taken":["M","?","?","?","$","E","R","M","T","R","M","E","R","E","R","BOSS","M","$","?","?","M","E","R","E","T","?","R","E","R","$","R","BOSS","M","M","$","?","M","E","E","E","T","?","?","R","?","E","R","BOSS","BOSS","R","$","E","BOSS"],"items_purchased_type":["Relic","Card","Card","Relic","Card","Card","Relic"],"build_version":"2020-12-22","purchased_purges":3,"victory":true,"max_hp_per_floor":[75,75,75,75,75,75,75,75,75,75,75,75,75,75,75,75,75,75,75,75,75,75,75,75,75,75,75,75,75,75,75,75,75,75,75,75,75,75,75,75,75,75,75,75,75,75,75,75,75,75,75,75,75,75,75,75],"relic_stats":{"Happy Flower":[43],"Torii":11,"counters":[27,146],"Dead Branch":[640],"Bag of Preparation":[12],"Letter Opener":[311],"War Paint":["Flame Barrier","Power Through"],"Medical Kit":[79],"Burning Blood":159,"Centennial Puzzle":[14],"TheAbacus":[252],"Busted Crown":38,"Bronze Scales":[414],"MealTicket":43,"Kunai":[28],"obtain_stats":[{"Happy Flower":6,"Torii":48,"Nilry\u0027s Codex":27,"Dead Branch":12,"Bag of Preparation":42,"Letter Opener":41,"War Paint":23,"Medical Kit":31,"Burning Blood":0,"Frozen Eye":54,"Centennial Puzzle":43,"TheAbacus":3,"Busted Crown":17,"HornCleat":40,"Bronze Scales":14,"MealTicket":9,"WingedGreaves":29,"Kunai":25},{"Happy Flower":3,"Torii":23,"Nilry\u0027s Codex":13,"Dead Branch":6,"Bag of Preparation":21,"Letter Opener":20,"War Paint":12,"Medical Kit":14,"Burning Blood":0,"Frozen Eye":25,"Centennial Puzzle":21,"TheAbacus":1,"Busted Crown":8,"HornCleat":19,"Bronze Scales":7,"MealTicket":4,"WingedGreaves":14,"Kunai":13},{"Happy Flower":16,"Torii":115,"Nilry\u0027s Codex":63,"Dead Branch":33,"Bag of Preparation":105,"Letter Opener":100,"War Paint":59,"Medical Kit":67,"Burning Blood":0,"Frozen Eye":133,"Centennial Puzzle":105,"TheAbacus":4,"Busted Crown":41,"HornCleat":94,"Bronze Scales":37,"MealTicket":20,"WingedGreaves":67,"Kunai":63}]},"card_choices":[{"not_picked":["Ghostly Armor","Rage"],"picked":"Battle Trance","floor":1.0},{"not_picked":["Cleave","Sword Boomerang"],"picked":"Power Through","floor":4.0},{"not_picked":["Rage","Sword Boomerang","Evolve"],"picked":"SKIP","floor":6.0},{"not_picked":["Clash","True Grit"],"picked":"Carnage","floor":8.0},{"not_picked":["Uppercut","Sword Boomerang","True Grit"],"picked":"SKIP","floor":11.0},{"not_picked":["Headbutt","Bloodletting"],"picked":"Flame Barrier","floor":12.0},{"not_picked":["Anger","Blood for Blood"],"picked":"Body Slam","floor":14.0},{"not_picked":["Reaper","Demon Form"],"picked":"Exhume","floor":16.0},{"not_picked":["Metallicize"],"picked":"SKIP","floor":18.0},{"not_picked":[],"picked":"Warcry","floor":21.0},{"not_picked":["Body Slam"],"picked":"SKIP","floor":22.0},{"not_picked":["Wild Strike"],"picked":"SKIP","floor":23.0},{"not_picked":["Spot Weakness"],"picked":"SKIP","floor":25.0},{"not_picked":[],"picked":"Power Through+1","floor":29.0},{"not_picked":[],"picked":"Fiend Fire","floor":33.0},{"not_picked":["Shrug It Off"],"picked":"SKIP","floor":35.0},{"not_picked":["Iron Wave"],"picked":"SKIP","floor":36.0},{"not_picked":["Dropkick"],"picked":"SKIP","floor":39.0},{"not_picked":["Dark Embrace"],"picked":"SKIP","floor":40.0},{"not_picked":["Heavy Blade+1"],"picked":"SKIP","floor":41.0},{"not_picked":["Shrug It Off"],"picked":"SKIP","floor":42.0},{"not_picked":["Anger"],"picked":"SKIP","floor":44.0},{"not_picked":[],"picked":"Jack Of All Trades","floor":47.0},{"not_picked":[],"picked":"Transmutation","floor":47.0},{"not_picked":["Flex"],"picked":"SKIP","floor":48.0},{"not_picked":["True Grit"],"picked":"SKIP","floor":55.0}],"player_experience":3232502,"relics_obtained":[{"floor":6.0,"key":"Happy Flower"},{"floor":9.0,"key":"MealTicket"},{"floor":12.0,"key":"Dead Branch"},{"floor":14.0,"key":"Bronze Scales"},{"floor":23.0,"key":"War Paint"},{"floor":25.0,"key":"Kunai"},{"floor":27.0,"key":"Nilry\u0027s Codex"},{"floor":29.0,"key":"WingedGreaves"},{"floor":40.0,"key":"HornCleat"},{"floor":41.0,"key":"Letter Opener"},{"floor":42.0,"key":"Bag of Preparation"},{"floor":43.0,"key":"Centennial Puzzle"},{"floor":48.0,"key":"Torii"}],"event_choices":[{"cards_removed":["Strike_R"],"damage_healed":0.0,"max_hp_gain":0.0,"max_hp_loss":0.0,"gold_gain":0.0,"event_name":"Bonfire Elementals","player_choice":"Offered Basic","floor":2.0,"gold_loss":0.0,"damage_taken":0.0},{"damage_healed":0.0,"max_hp_gain":0.0,"max_hp_loss":0.0,"gold_gain":100.0,"event_name":"The Joust","player_choice":"Bet on Murderer","floor":20.0,"gold_loss":50.0,"damage_taken":0.0},{"damage_healed":0.0,"max_hp_gain":0.0,"max_hp_loss":0.0,"gold_gain":0.0,"event_name":"Cursed Tome","player_choice":"Obtained Book","floor":27.0,"gold_loss":0.0,"damage_taken":21.0},{"damage_healed":0.0,"max_hp_gain":0.0,"max_hp_loss":0.0,"gold_gain":0.0,"event_name":"Wheel of Change","player_choice":"Full Heal","floor":38.0,"gold_loss":0.0,"damage_taken":0.0},{"cards_removed":["Defend_R"],"damage_healed":0.0,"max_hp_gain":0.0,"max_hp_loss":0.0,"gold_gain":0.0,"event_name":"Falling","player_choice":"Removed Skill","floor":45.0,"gold_loss":0.0,"damage_taken":0.0},{"damage_healed":0.0,"max_hp_gain":0.0,"max_hp_loss":0.0,"gold_gain":0.0,"event_name":"SensoryStone","player_choice":"Memory 3","floor":47.0,"gold_loss":0.0,"damage_taken":10.0}],"is_beta":false,"boss_relics":[{"not_picked":["Calling Bell","Ectoplasm"],"picked":"Busted Crown"},{"not_picked":["Velvet Choker","Snecko Eye","Runic Cube"]}],"items_purged_floors":[3,19,31],"is_endless":false,"potions_floor_spawned":[1,4,12,23,25,29,33,35,41,42,55],"ascension_level":20}}