{"host":"95i1gxnztdrdyvhi","time":1608749374,"event":{"mods":["AchievementEnabler","Act Like it!","BaseMod","Downfall","Minty Spire (QoL Compilation)","Quick Restart","StSLib"],"gold_per_floor":[99,99,99,114,124,124,124,137,147,174,190,202,127,146,160,260,260,260,270,288,116,127,127,152,167,92,9,19,35,67,67,67,67,67],"floor_reached":32,"playtime":2535,"items_purged":["hexamod:Defend"],"score":268,"play_id":"b7be9e03-dacc-4fd0-8beb-5f87dd83595b","local_time":"20201223184934","is_ascension_mode":false,"campfire_choices":[{"data":"hexamod:Float","floor":1.0,"key":"SMITH"},{"floor":13.0,"key":"REST"},{"floor":18.0,"key":"RECALL"},{"data":"hexamod:AdvancingGuard","floor":26.0,"key":"SMITH"}],"circlet_count":0,"master_deck":["hexamod:Strike+1","hexamod:Defend+1","hexamod:Defend","hexamod:Defend+1","hexamod:Sear","hexamod:Float+1","hexamod:GhostOfSpirePresent+1","hexamod:GhostOfSpirePast+1","hexamod:GhostOfSpirePresent+1","hexamod:BacktrackSmack","hexamod:HexaLevel+1","hexamod:AdvancingGuard+1","hexamod:FirstSeal","hexamod:AdvancingGuard","hexamod:ThirdSeal","hexamod:BacktrackSmack","hexamod:TimeWarp","hexamod:VolcanoVisage+1","hexamod:Again","hexamod:GhostOfSpirePresent+1","hexamod:FifthSeal"],"relics":["hexamod:SpiritBrand","Frozen Egg 2","Bag of Preparation","downfall:HeartBlessingGreen","Sozu","hexamod:MatchstickCase","downfall:HeartBlessingRed","Gambling Chip"],"acts_visited":["Exordium","TheCity"],"potions_floor_usage":[],"damage_taken":[{"damage":4.0,"enemies":"Cultist","floor":4.0,"turns":3.0},{"damage":4.0,"enemies":"Small Slimes","floor":5.0,"turns":3.0},{"damage":3.0,"enemies":"2 Louse","floor":8.0,"turns":3.0},{"damage":13.0,"enemies":"Gremlin Gang","floor":9.0,"turns":5.0},{"damage":37.0,"enemies":"Gremlin Nob","floor":10.0,"turns":5.0},{"damage":0.0,"enemies":"Blue Slaver","floor":11.0,"turns":3.0},{"damage":0.0,"enemies":"Large Slime","floor":12.0,"turns":3.0},{"damage":0.0,"enemies":"Exordium Thugs","floor":14.0,"turns":5.0},{"damage":10.0,"enemies":"Gremlin Gang","floor":15.0,"turns":5.0},{"damage":11.0,"enemies":"downfall:Defect","floor":16.0,"turns":6.0},{"damage":0.0,"enemies":"Shell Parasite","floor":19.0,"turns":6.0},{"damage":15.0,"enemies":"3 Byrds","floor":20.0,"turns":5.0},{"damage":1.0,"enemies":"downfall:FleeingMerchant","floor":21.0,"turns":4.0},{"damage":9.0,"enemies":"Snake Plant","floor":22.0,"turns":5.0},{"damage":16.0,"enemies":"Sentry and Sphere","floor":25.0,"turns":9.0},{"damage":0.0,"enemies":"downfall:FleeingMerchant","floor":27.0,"turns":4.0},{"damage":16.0,"enemies":"Shelled Parasite and Fungi","floor":28.0,"turns":5.0},{"damage":6.0,"enemies":"Centurion and Healer","floor":29.0,"turns":6.0},{"damage":21,"enemies":"Book of Stabbing","floor":30,"turns":5},{"damage":10,"enemies":"Cultist and Chosen","floor":32,"turns":4}],"seed_played":"-4131044671611164527","potions_obtained":[{"floor":5.0,"key":"LiquidBronze"},{"floor":8.0,"key":"LiquidMemories"},{"floor":9.0,"key":"Energy Potion"}],"is_trial":false,"path_per_floor":["R","?","?","M","M","?","T","M","M","E","M","M","R","M","M","B",null,"R","M","M","$","M","?","T","M","R","$","M","M","E","?","M"],"character_chosen":"THE_SPIRIT","items_purchased":["hexamod:FirstSeal","hexamod:Again"],"campfire_rested":1,"item_purchase_floors":[21,27],"current_hp_per_floor":[70,70,70,66,62,62,62,59,46,9,9,9,30,30,20,9,70,70,70,55,54,52,52,52,43,43,50,41,42,21,21,11,11,11],"gold":67,"neow_bonus":"REMOVE_CARD","is_daily":false,"chose_seed":false,"campfire_upgraded":2,"win_rate":0.0,"timestamp":1608749374,"path_taken":["R","?","?","M","M","?","T","M","M","E","M","M","R","?","M","BOSS","R","M","M","$","M","?","T","M","R","$","M","M","E","?","M"],"items_purchased_type":["Card","Card"],"build_version":"2020-12-22","purchased_purges":1,"victory":false,"max_hp_per_floor":[70,70,70,70,70,70,70,70,70,70,70,70,70,70,70,70,70,70,70,70,70,70,70,70,70,70,70,70,70,70,70,70,70,70],"card_choices":[{"not_picked":["hexamod:NightmareGuise","hexamod:RainOfEmbers"],"picked":"hexamod:BacktrackSmack","floor":4.0},{"not_picked":["hexamod:Firestarter","hexamod:NightmareGuise","hexamod:ChargedBarrage"],"picked":"SKIP","floor":5.0},{"not_picked":["hexamod:SwordOfDarkness","hexamod:ShieldOfDarkness"],"picked":"hexamod:GhostOfSpirePresent+1","floor":8.0},{"not_picked":["hexamod:GhostShield","hexamod:GhostLash","hexamod:HeatShield"],"picked":"SKIP","floor":9.0},{"not_picked":["hexamod:GhostLash","hexamod:ShieldOfDarkness"],"picked":"hexamod:GhostOfSpirePast+1","floor":10.0},{"not_picked":["hexamod:ParanormalForm+1","hexamod:BurningTouch","hexamod:ExtraCrispy+1"],"picked":"SKIP","floor":11.0},{"not_picked":["hexamod:DynamicBlow","hexamod:InspiringFlames"],"picked":"hexamod:GhostOfSpirePresent+1","floor":12.0},{"not_picked":["hexamod:NecessarySacrifice","hexamod:InspiringFlames","hexamod:BurningTouch"],"picked":"SKIP","floor":14.0},{"not_picked":["hexamod:HauntingEcho","hexamod:EmpoweredFlame+1"],"picked":"hexamod:BacktrackSmack","floor":15.0},{"not_picked":["hexamod:TimeOfNeed","hexamod:GhostflameInferno"],"picked":"hexamod:HexaLevel+1","floor":16.0},{"not_picked":["hexamod:GhostShield","hexamod:NightmareGuise","hexamod:SpectersWail"],"picked":"SKIP","floor":19.0},{"not_picked":["hexamod:GhostShield","hexamod:NightmareGuise","hexamod:SpectersWail"],"picked":"SKIP","floor":19.0},{"not_picked":["hexamod:BacktrackSmack","hexamod:ChargedBarrage"],"picked":"hexamod:AdvancingGuard","floor":20.0},{"not_picked":["hexamod:FlamesFromBeyond","hexamod:SpectralAdrenaline+1","hexamod:ExtraCrispy+1"],"picked":"SKIP","floor":21.0},{"not_picked":["hexamod:Hexaguard","hexamod:SpectralAdrenaline"],"picked":"hexamod:AdvancingGuard","floor":22.0},{"not_picked":["hexamod:RainOfEmbers","hexamod:ShieldOfDarkness"],"picked":"hexamod:BacktrackSmack","floor":25.0},{"not_picked":["hexamod:SwordOfDarkness+1","hexamod:DynamicBlow+1","hexamod:Firestarter"],"picked":"SKIP","floor":25.0},{"not_picked":["hexamod:RainOfEmbers","hexamod:SwordOfDarkness+1"],"picked":"hexamod:TimeWarp","floor":27.0},{"not_picked":["hexamod:SoulSteal","hexamod:InspiringFlames"],"picked":"hexamod:VolcanoVisage+1","floor":27.0},{"not_picked":["hexamod:NightmareGuise","hexamod:Firestarter"],"picked":"hexamod:GhostOfSpirePresent+1","floor":28.0},{"not_picked":["hexamod:GhostflameBarrier+1","hexamod:AdvancingGuard","hexamod:ShieldOfDarkness"],"picked":"SKIP","floor":28.0},{"not_picked":["hexamod:ThermalTransfer","hexamod:SuperheatedStrike","hexamod:HeatCrush"],"picked":"SKIP","floor":29},{"not_picked":["hexamod:ThermalTransfer","hexamod:RainOfEmbers"],"picked":"hexamod:FifthSeal","floor":30},{"not_picked":["hexamod:SpectersWail","hexamod:NightmareStrike","hexamod:CatchUp"],"picked":"SKIP","floor":30}],"player_experience":797670,"relics_obtained":[{"floor":7.0,"key":"Frozen Egg 2"},{"floor":10.0,"key":"Bag of Preparation"},{"floor":24.0,"key":"hexamod:MatchstickCase"},{"floor":30,"key":"Gambling Chip"}],"event_choices":[{"cards_removed":["Regret"],"damage_healed":0.0,"max_hp_gain":0.0,"max_hp_loss":0.0,"gold_gain":0.0,"event_name":"Purifier","player_choice":"Purged","floor":6.0,"gold_loss":0.0,"damage_taken":0.0},{"cards_removed":["hexamod:Strike"],"damage_healed":0,"gold_gain":0,"player_choice":"Elegance","damage_taken":0,"max_hp_gain":0,"max_hp_loss":0,"event_name":"Back to Basics","floor":31,"gold_loss":0}],"is_beta":false,"boss_relics":[{"not_picked":["SlaversCollar","Empty Cage"],"picked":"Sozu"}],"items_purged_floors":[21],"is_endless":false,"potions_floor_spawned":[5,8,9,11,14,22,25,29,30],"killed_by":"Cultist and Chosen","ascension_level":0}}