{"host":"kiauivt48syq9iz6","time":1608717476,"event":{"mods":["BaseMod","Conspire","Downfall","Hermit","Minty Spire (QoL Compilation)","Replay The Spire","SIMod","StSLib","The Animator","The Construct","The Cursed","The Runesmith","The Servant 0.9.4"],"gold_per_floor":[112,34,84,259,259,296,296,27,27,27,38,38,56,81,81,186,186,202,202,215,237,2,2,2],"floor_reached":23,"playtime":902,"items_purged":["hermit:Strike_Hermit","hermit:Showdown"],"score":189,"play_id":"1a27f812-edf4-4fe3-afef-aa440f108dfe","local_time":"20201223025756","is_ascension_mode":false,"campfire_choices":[{"data":"hermit:Combo","floor":7,"key":"SMITH"},{"floor":15,"key":"REST"}],"circlet_count":0,"master_deck":["hermit:Strike_Hermit","hermit:Defend_Hermit","hermit:Defend_Hermit+1","hermit:Defend_Hermit","hermit:Snapshot","hermit:Covet+1","hermit:Combo+1","hermit:Scavenge","Doubt","Regret","hermit:GhostlyPresence","hermit:WideOpen","hermit:Determination","hermit:BodyArmor","hermit:EyeOfTheStorm","hermit:Roulette","Specialist","Metamorphosis+1","hermit:Brawl","hermit:Grudge","hermit:SprayPray","hermit:RoundhouseKick","hermit:LuckOfTheDraw+1","hermit:Magnum+1","hermit:Snipe+1","hermit:TrackingShot+1","J.A.X.","hermit:LowProfile","hermit:Vantage","hermit:PistolWhip"],"relics":["hermit:Momento","conspire:DecoderRing","Gremlin Horn","BargainBundle","Blood Vial","Astrolabe"],"acts_visited":["Exordium","TheCity"],"potions_floor_usage":[6,16,18,18,18,21,23],"damage_taken":[{"damage":1,"enemies":"Cultist","floor":1,"turns":4},{"damage":32,"enemies":"3 Sentries","floor":6,"turns":10},{"damage":1,"enemies":"2 Louse","floor":11,"turns":3},{"damage":0,"enemies":"Small Slimes","floor":13,"turns":3},{"damage":0,"enemies":"3 Louse","floor":14,"turns":5},{"damage":15,"enemies":"Hexaghost","floor":16,"turns":5},{"damage":21,"enemies":"2 Thieves","floor":18,"turns":3},{"damage":22,"enemies":"Shell Parasite","floor":20,"turns":6},{"damage":31,"enemies":"Shelled Parasite and Fungi","floor":21,"turns":5},{"damage":14,"enemies":"Slavers","floor":23,"turns":1}],"seed_played":"-4595820503142956091","potions_obtained":[{"floor":1,"key":"PowerPotion"},{"floor":16,"key":"hermit:Tonic"},{"floor":20,"key":"ColorlessPotion"}],"is_trial":false,"path_per_floor":["M","$","?","?","?","E","R","$","T","?","M","$","M","M","R","B",null,"M","?","M","M","$","E"],"character_chosen":"HERMIT","items_purchased":["hermit:Scavenge","BargainBundle","hermit:WideOpen","hermit:Determination","hermit:BodyArmor","hermit:EyeOfTheStorm","hermit:Roulette","Specialist","Metamorphosis","FearPotion","SteroidPotion","Strength Potion","hermit:Vantage","hermit:PistolWhip","Energy Potion"],"campfire_rested":1,"item_purchase_floors":[2,8,8,8,8,8,8,8,8,8,8,8,22,22,22],"current_hp_per_floor":[74,74,74,74,74,42,42,42,42,27,28,28,30,32,54,41,75,54,54,34,5,5,0,0],"gold":2,"neow_bonus":"RANDOM_EVENT","is_daily":false,"chose_seed":false,"campfire_upgraded":1,"win_rate":0.0,"timestamp":1608717476,"path_taken":["M","$","?","?","?","E","R","$","T","?","M","$","?","M","R","BOSS","M","?","M","M","$","E"],"items_purchased_type":["Card","Relic","Card","Card","Card","Card","Card","Card","Card","Potion","Potion","Potion","Card","Card","Potion"],"build_version":"2020-12-22","purchased_purges":2,"victory":false,"max_hp_per_floor":[75,75,75,75,75,75,75,75,75,75,75,75,75,75,75,75,75,75,75,75,75,75,75,75],"card_choices":[{"not_picked":["hermit:Horror","hermit:Scavenge"],"picked":"hermit:Combo","floor":1},{"not_picked":["hermit:Coalescence","hermit:Grudge"],"picked":"hermit:GhostlyPresence","floor":6},{"not_picked":["hermit:ShadowCloak","hermit:GoldenBullet"],"picked":"hermit:Brawl","floor":11},{"not_picked":["hermit:PistolWhip","hermit:Dive"],"picked":"hermit:Grudge","floor":13},{"not_picked":["hermit:BodyArmor","hermit:WideOpen"],"picked":"hermit:SprayPray","floor":14},{"not_picked":["hermit:Purgatory","hermit:FromBeyond"],"picked":"hermit:RoundhouseKick","floor":16},{"not_picked":["hermit:Maintenance","hermit:PistolWhip+1"],"picked":"hermit:TrackingShot+1","floor":18},{"not_picked":["hermit:Headshot","hermit:Deadeye"],"picked":"hermit:LowProfile","floor":20},{"not_picked":["hermit:GoldenBullet","hermit:SprayPray"],"picked":"hermit:Showdown","floor":21}],"player_experience":13970,"relics_obtained":[{"floor":6,"key":"Gremlin Horn"},{"floor":9,"key":"Blood Vial"}],"event_choices":[{"damage_healed":0,"gold_gain":50,"player_choice":"Gained Gold","damage_taken":0,"max_hp_gain":0,"max_hp_loss":0,"event_name":"Golden Wing","floor":3,"gold_loss":0},{"damage_healed":0,"gold_gain":175,"player_choice":"AGREE","damage_taken":0,"max_hp_gain":0,"max_hp_loss":0,"event_name":"Liars Game","floor":4,"gold_loss":0,"cards_obtained":["Doubt"]},{"damage_healed":0,"gold_gain":0,"player_choice":"Box","damage_taken":0,"relics_obtained":["conspire:DecoderRing"],"max_hp_gain":0,"max_hp_loss":0,"event_name":"Big Fish","floor":5,"gold_loss":0,"cards_obtained":["Regret"]},{"damage_healed":0,"gold_gain":0,"player_choice":"Entered Light","damage_taken":15,"max_hp_gain":0,"max_hp_loss":0,"event_name":"Shining Light","floor":10,"gold_loss":0,"cards_upgraded":["Metamorphosis","hermit:Covet"]},{"damage_healed":0,"gold_gain":0,"player_choice":"Obtain J.A.X.","damage_taken":0,"max_hp_gain":0,"max_hp_loss":0,"event_name":"Drug Dealer","floor":19,"gold_loss":0,"cards_obtained":["J.A.X."]}],"is_beta":false,"boss_relics":[{"not_picked":["conspire:RunicOctahedron","Cursed Key"],"picked":"Astrolabe"}],"items_purged_floors":[8,22],"is_endless":false,"potions_floor_spawned":[1,16,20],"killed_by":"Slavers","ascension_level":0}}