{"host":"6pgtslebjnyv5xmi","time":1608692296,"event":{"mods":["AchievementEnabler","BaseMod","Colored Map","Marisa£¨Ùöéë¡¡Øª×âÞÞ£©","Minty Spire (QoL Compilation)","Rare Cards Sparkle","StSLib","SuperFastMode","everything is the same but u backflip on backflip"],"gold_per_floor":[115,115,134,134,148,148,148,223,223,76,104,118,118,136,136,136,136],"floor_reached":16,"playtime":1423,"items_purged":[],"score":100,"play_id":"8ac411ef-d5e9-4267-b312-034b52c59ace","local_time":"20201223115816","is_ascension_mode":false,"campfire_choices":[{"data":"UpSweep","floor":6,"key":"SMITH"},{"data":"FairyDestructionRay","floor":15,"key":"SMITH"}],"circlet_count":0,"master_deck":["Strike_MRS","Strike_MRS+1","Strike_MRS+1","Defend_MRS","Defend_MRS","Defend_MRS","Defend_MRS","MasterSpark","UpSweep+1","StarlightTyphoon","DarkMatter","MagicAbsorber","FairyDestructionRay+1","PowerUp","Bandage Up","ChargingUp","Defend_R","PulseMagic"],"relics":["MiniHakkero","Mercury Hourglass","Question Card"],"acts_visited":["Exordium"],"potions_floor_usage":[12,16],"damage_taken":[{"damage":8,"enemies":"Small Slimes","floor":1,"turns":3},{"damage":8,"enemies":"Jaw Worm","floor":3,"turns":3},{"damage":2,"enemies":"2 Louse","floor":5,"turns":2},{"damage":21,"enemies":"Gremlin Nob","floor":11,"turns":4},{"damage":7,"enemies":"Exordium Thugs","floor":12,"turns":2},{"damage":2,"enemies":"Blue Slaver","floor":14,"turns":4},{"damage":73,"enemies":"The Guardian","floor":16,"turns":12}],"seed_played":"8544952560396254019","potions_obtained":[{"floor":3,"key":"Explosive Potion"},{"floor":5,"key":"FairyPotion"},{"floor":11,"key":"LiquidBronze"},{"floor":12,"key":"SteroidPotion"}],"is_trial":false,"path_per_floor":["M","?","M","?","M","R","?","?","T","$","E","M","?","M","R","B"],"character_chosen":"MARISA","items_purchased":["PowerUp","Bandage Up"],"campfire_rested":0,"item_purchase_floors":[10,10],"current_hp_per_floor":[74,58,50,77,75,75,75,64,64,64,47,40,40,42,42,0,0],"gold":136,"neow_bonus":"TEN_PERCENT_HP_BONUS","is_daily":false,"chose_seed":false,"campfire_upgraded":2,"win_rate":0.0,"timestamp":1608692296,"path_taken":["M","?","M","?","M","R","?","?","T","$","E","M","?","M","R","BOSS"],"items_purchased_type":["Card","Card"],"build_version":"2020-12-13","purchased_purges":0,"victory":false,"max_hp_per_floor":[82,82,82,82,82,82,82,82,82,82,82,82,82,82,82,82,82],"card_choices":[{"not_picked":["Acceleration","PowerUp"],"picked":"StarlightTyphoon","floor":1},{"not_picked":["ShootTheMoon","ManaConvection"],"picked":"DarkMatter","floor":3},{"not_picked":["NonDirectionalLaser","GravityBeat"],"picked":"MagicAbsorber","floor":5},{"not_picked":["Orbital","DC"],"picked":"SprinkleStarSeal","floor":11},{"not_picked":["UnstableBomb","PowerUp","AsteroidBelt"],"picked":"ChargingUp","floor":12},{"not_picked":["DarkSpark","PowerUp","StarBarrage"],"picked":"PulseMagic","floor":14}],"player_experience":381097,"relics_obtained":[{"floor":9,"key":"Mercury Hourglass"},{"floor":11,"key":"Question Card"}],"event_choices":[{"damage_healed":0,"gold_gain":0,"player_choice":"Entered Light","damage_taken":16,"max_hp_gain":0,"max_hp_loss":0,"event_name":"Shining Light","floor":2,"gold_loss":0,"cards_upgraded":["Strike_MRS","Strike_MRS"]},{"damage_healed":27,"gold_gain":0,"player_choice":"Banana","damage_taken":0,"max_hp_gain":0,"max_hp_loss":0,"event_name":"Big Fish","floor":4,"gold_loss":0},{"damage_healed":0,"gold_gain":0,"cards_transformed":["Strike_MRS"],"player_choice":"Change","damage_taken":0,"max_hp_gain":0,"max_hp_loss":0,"event_name":"Living Wall","floor":7,"gold_loss":0,"cards_obtained":["FairyDestructionRay"]},{"damage_healed":0,"gold_gain":75,"player_choice":"Gather Gold","damage_taken":11,"max_hp_gain":0,"max_hp_loss":0,"event_name":"World of Goop","floor":8,"gold_loss":0},{"cards_removed":["SprinkleStarSeal"],"damage_healed":0,"gold_gain":0,"player_choice":"Took Card","damage_taken":0,"max_hp_gain":0,"max_hp_loss":0,"event_name":"NoteForYourself","floor":13,"gold_loss":0,"cards_obtained":["Defend_R"]}],"is_beta":false,"boss_relics":[],"items_purged_floors":[],"is_endless":false,"potions_floor_spawned":[3,5,11,12],"killed_by":"The Guardian","ascension_level":0}}