{"host":"vc42n08di9czm3e7","time":1608741345,"event":{"mods":["AchievementEnabler","Act Like it!","BaseMod","Colored Powertips","Downfall","Friendly Minions","GifTheSpireLib","Jorbs\u0027s Wanderer Trilogy","Minty Spire (QoL Compilation)","Rare Cards Sparkle","StSLib","The Bug Knight"],"gold_per_floor":[99,99,115,126,126,126,126,126],"floor_reached":6,"playtime":171,"items_purged":[],"score":34,"play_id":"7a52878e-b0ef-487b-ba7d-22ba03a20586","local_time":"20201223113545","is_ascension_mode":false,"campfire_choices":[{"data":"Slimebound:DuplicatedForm","floor":1,"key":"SMITH"}],"circlet_count":0,"master_deck":["Slimebound:Strike_Slimebound","Slimebound:Strike_Slimebound","Slimebound:Strike_Slimebound","Slimebound:Tackle","Slimebound:Defend_Slimebound","Slimebound:Defend_Slimebound","Slimebound:Defend_Slimebound","Slimebound:Defend_Slimebound","Slimebound:Split","Slimebound:CorrosiveSpit","Slimebound:DuplicatedForm+1","Slimebound:RollThrough","Slimebound:Replication","Writhe"],"relics":["Slimebound:AbsorbEndCombat"],"acts_visited":["Exordium"],"potions_floor_usage":[],"damage_taken":[{"damage":11,"enemies":"Small Slimes","floor":3,"turns":5},{"damage":14,"enemies":"Jaw Worm","floor":4,"turns":4},{"damage":46,"enemies":"Gremlin Nob","floor":6,"turns":3}],"seed_played":"-9139452079795793610","potions_obtained":[],"is_trial":false,"path_per_floor":["R","?","M","M","?","E"],"character_chosen":"SLIMEBOUND","items_purchased":[],"campfire_rested":0,"item_purchase_floors":[],"current_hp_per_floor":[60,48,45,41,41,0,0,0],"gold":126,"neow_bonus":"THREE_RARE_CARDS","is_daily":false,"chose_seed":false,"campfire_upgraded":1,"win_rate":0.0,"timestamp":1608741345,"path_taken":["R","?","M","M","?","E"],"items_purchased_type":[],"build_version":"2020-12-13","purchased_purges":0,"victory":false,"max_hp_per_floor":[60,60,60,60,60,60,60,60],"card_choices":[{"not_picked":["Slimebound:RallyTheTroops","Slimebound:WasteNot"],"picked":"Slimebound:DuplicatedForm","floor":0},{"not_picked":["Slimebound:PressTheAttack","Slimebound:SlimeBarrage"],"picked":"Slimebound:RollThrough","floor":3},{"not_picked":["Slimebound:Dissolve","Slimebound:ItLooksTasty"],"picked":"Slimebound:Replication","floor":4}],"player_experience":163690,"relics_obtained":[],"event_choices":[{"damage_healed":0,"gold_gain":0,"player_choice":"Fled","damage_taken":12,"max_hp_gain":0,"max_hp_loss":0,"event_name":"Scrap Ooze","floor":2,"gold_loss":0},{"damage_healed":0,"gold_gain":0,"cards_transformed":["Normality"],"player_choice":"Transformed","damage_taken":0,"max_hp_gain":0,"max_hp_loss":0,"event_name":"Transmorgrifier","floor":5,"gold_loss":0,"cards_obtained":["Writhe"]}],"is_beta":false,"boss_relics":[],"items_purged_floors":[],"is_endless":false,"potions_floor_spawned":[],"killed_by":"Gremlin Nob","ascension_level":0}}