{"host":"bq4pt811tk9yrmjl","time":1608727658,"event":{"mods":["AchievementEnabler","BaseMod","Colored Map","Colored Powertips","Defuse TimeMaze Blight","Minty Spire (QoL Compilation)","StSLib","SuperFastMode","UnlockEverythingMod"],"gold_per_floor":[119,119,119,132,132,167,182,182,182,201,201,201,232,247,247,349,349,369,403,403,403],"floor_reached":20,"playtime":513,"items_purged":[],"score":217,"play_id":"90659e3f-8480-455f-8bac-57463cf7f6c1","local_time":"20201223104738","is_ascension_mode":true,"campfire_choices":[{"data":"Infinite Blades","floor":8,"key":"SMITH"},{"data":"Terror","floor":11,"key":"SMITH"},{"data":"Cloak And Dagger","floor":15,"key":"SMITH"}],"circlet_count":0,"master_deck":["Strike_G","Strike_G","Strike_G","Strike_G","Strike_G","Defend_G","Defend_G","Defend_G","Defend_G","Defend_G","Survivor","Neutralize+1","Terror+1","Blade Dance","Infinite Blades+1","Cloak And Dagger+1","Tools of the Trade+1","Flying Knee"],"relics":["Ring of the Snake","NeowsBlessing","Lizard Tail","Torii","Frozen Egg 2","Busted Crown","Red Mask"],"acts_visited":["Exordium","TheCity"],"potions_floor_usage":[16,16,16,18,18,19,19],"damage_taken":[{"damage":0,"enemies":"2 Louse","floor":1,"turns":1},{"damage":0,"enemies":"Cultist","floor":4,"turns":1},{"damage":0,"enemies":"3 Sentries","floor":6,"turns":2},{"damage":0,"enemies":"Small Slimes","floor":7,"turns":3},{"damage":1,"enemies":"Blue Slaver","floor":10,"turns":4},{"damage":9,"enemies":"Lagavulin","floor":13,"turns":6},{"damage":0,"enemies":"Large Slime","floor":14,"turns":7},{"damage":27,"enemies":"The Guardian","floor":16,"turns":12},{"damage":0,"enemies":"3 Byrds","floor":18,"turns":4},{"damage":30,"enemies":"Masked Bandits","floor":19,"turns":7},{"damage":0,"enemies":"Spheric Guardian","floor":20,"turns":3}],"seed_played":"2829551908109798015","potions_obtained":[{"floor":1,"key":"Regen Potion"},{"floor":6,"key":"Regen Potion"},{"floor":14,"key":"EntropicBrew"},{"floor":18,"key":"Block Potion"}],"is_trial":false,"path_per_floor":["M","?","$","M","$","E","M","R","T","M","R","?","E","M","R","B",null,"M","?","M"],"character_chosen":"THE_SILENT","items_purchased":[],"campfire_rested":0,"item_purchase_floors":[],"current_hp_per_floor":[70,70,70,70,70,70,70,70,70,69,69,69,60,60,60,64,70,70,40,40,40],"gold":403,"neow_bonus":"THREE_ENEMY_KILL","is_daily":false,"chose_seed":false,"campfire_upgraded":3,"win_rate":0.0,"timestamp":1608727658,"path_taken":["M","?","$","M","$","E","M","R","T","?","R","?","E","M","R","BOSS","M","?","M"],"items_purchased_type":[],"build_version":"2020-12-22","purchased_purges":0,"victory":false,"max_hp_per_floor":[70,70,70,70,70,70,70,70,70,70,70,70,70,70,70,70,70,70,70,70,70],"card_choices":[{"not_picked":["Concentrate","Bane"],"picked":"Terror","floor":1},{"not_picked":["Calculated Gamble","Flying Knee"],"picked":"Blade Dance","floor":4},{"not_picked":["Deflect","Sucker Punch"],"picked":"Infinite Blades","floor":6},{"not_picked":["Poisoned Stab","Reflex"],"picked":"Cloak And Dagger","floor":7},{"not_picked":["Crippling Poison","Concentrate","Heel Hook"],"picked":"SKIP","floor":10},{"not_picked":["Corpse Explosion","Deflect"],"picked":"Tools of the Trade+1","floor":13},{"not_picked":["Dagger Spray","Acrobatics"],"picked":"Flying Knee","floor":14},{"not_picked":["Flying Knee"],"picked":"SKIP","floor":18}],"player_experience":104135,"relics_obtained":[{"floor":6,"key":"Lizard Tail"},{"floor":9,"key":"Torii"},{"floor":13,"key":"Frozen Egg 2"},{"floor":19,"key":"Red Mask"}],"event_choices":[{"damage_healed":0,"gold_gain":0,"player_choice":"Forge","damage_taken":0,"max_hp_gain":0,"max_hp_loss":0,"event_name":"Accursed Blacksmith","floor":2,"gold_loss":0,"cards_upgraded":["Neutralize"]},{"damage_healed":0,"gold_gain":0,"player_choice":"Ignored","damage_taken":0,"max_hp_gain":0,"max_hp_loss":0,"event_name":"NoteForYourself","floor":12,"gold_loss":0},{"damage_healed":0,"gold_gain":0,"player_choice":"Fought Bandits","damage_taken":0,"max_hp_gain":0,"max_hp_loss":0,"event_name":"Masked Bandits","floor":19,"gold_loss":0}],"is_beta":false,"boss_relics":[{"not_picked":["Calling Bell","SlaversCollar"],"picked":"Busted Crown"}],"items_purged_floors":[],"is_endless":false,"potions_floor_spawned":[1,6,14,18],"killed_by":"Spheric Guardian","ascension_level":1}}