{"host":"63rwe7p34ct1i0qu","time":1608697468,"event":{"mods":["BaseMod","Colored Map","DeckTracker","Minty Spire (QoL Compilation)","Permanent Neow","Quick Restart","StSLib"],"gold_per_floor":[113,113,63,75,75,75,89,89,89,107,127,141,141,141,141,242,242,262,262,14,113,131,131,96,96,96,27,41,53,68,3,3,102,102,116,116,116,116,116],"floor_reached":38,"playtime":1147,"items_purged":["Parasite"],"score":607,"play_id":"42bb31cd-a843-4d79-bad4-4aee52269588","local_time":"20201223132428","is_ascension_mode":true,"campfire_choices":[{"floor":6.0,"key":"REST"},{"floor":15.0,"key":"REST"},{"data":"Apotheosis","floor":23.0,"key":"SMITH"},{"floor":25.0,"key":"REST"},{"floor":32.0,"key":"REST"}],"circlet_count":0,"master_deck":["AscendersBane","Strike_B","Strike_B","Strike_B","Defend_B","Defend_B","Defend_B","Defend_B","Zap+1","Dualcast","Thunder Strike","Hologram","Hologram","Hologram","Tempest","All For One","Apotheosis+1","Skim","Self Repair","Electrodynamics","Doom and Gloom","Biased Cognition","Madness","Madness"],"relics":["Cracked Core","Blood Vial","Snecko Eye","Nloth\u0027s Gift","Blue Candle","Pantograph","Sozu"],"acts_visited":["Exordium","TheCity","TheBeyond"],"potions_floor_usage":[],"damage_taken":[{"damage":6.0,"enemies":"Cultist","floor":1.0,"turns":4.0},{"damage":13.0,"enemies":"2 Louse","floor":4.0,"turns":3.0},{"damage":7.0,"enemies":"Jaw Worm","floor":7.0,"turns":4.0},{"damage":4.0,"enemies":"Blue Slaver","floor":10.0,"turns":4.0},{"damage":9.0,"enemies":"Looter","floor":11.0,"turns":4.0},{"damage":28.0,"enemies":"Exordium Wildlife","floor":12.0,"turns":5.0},{"damage":52.0,"enemies":"Slime Boss","floor":16.0,"turns":10.0},{"damage":28.0,"enemies":"Chosen","floor":18.0,"turns":5.0},{"damage":5.0,"enemies":"3 Byrds","floor":22.0,"turns":3.0},{"damage":29.0,"enemies":"Snake Plant","floor":28.0,"turns":4.0},{"damage":10.0,"enemies":"Snecko","floor":29.0,"turns":5.0},{"damage":18.0,"enemies":"Centurion and Healer","floor":30.0,"turns":5.0},{"damage":52.0,"enemies":"Collector","floor":33.0,"turns":8.0},{"damage":29,"enemies":"3 Darklings","floor":35,"turns":4},{"damage":21,"enemies":"Orb Walker","floor":38,"turns":3}],"seed_played":"7642696097805508503","potions_obtained":[{"floor":4.0,"key":"AttackPotion"},{"floor":10.0,"key":"DuplicationPotion"},{"floor":11.0,"key":"LiquidMemories"},{"floor":18.0,"key":"PowerPotion"},{"floor":28.0,"key":"SkillPotion"},{"floor":30.0,"key":"Energy Potion"}],"is_trial":false,"path_per_floor":["M","?","?","M","?","R","M","?","T","M","M","M","$","?","R","B",null,"M","?","$","?","M","R","$","R","T","$","M","M","M","?","R","B",null,"M","?","?","M"],"character_chosen":"DEFECT","items_purchased":["Apotheosis","Skim","Self Repair"],"campfire_rested":4,"item_purchase_floors":[20,24,27],"current_hp_per_floor":[62,67,67,54,36,60,53,53,53,51,44,18,18,38,62,12,63,37,37,37,37,34,34,34,57,57,57,37,29,23,23,46,28,65,48,38,38,19,19],"gold":116,"neow_bonus":"ONE_RANDOM_RARE_CARD","is_daily":false,"chose_seed":false,"campfire_upgraded":1,"win_rate":0.0,"timestamp":1608697468,"path_taken":["M","?","?","M","?","R","?","?","T","M","M","M","$","?","R","BOSS","M","?","?","?","M","R","$","R","T","?","M","M","?","?","R","BOSS","M","?","?","?"],"items_purchased_type":["Card","Card","Card"],"build_version":"2020-12-22","purchased_purges":1,"victory":false,"max_hp_per_floor":[75,80,80,80,80,80,80,80,80,80,80,80,80,80,80,80,80,80,80,77,77,77,77,77,77,77,77,77,77,77,77,77,77,77,77,77,77,77,77],"card_choices":[{"not_picked":["Sweeping Beam","Go for the Eyes","Cold Snap"],"picked":"SKIP","floor":1.0},{"not_picked":["Coolheaded","Sweeping Beam"],"picked":"Hologram","floor":4.0},{"not_picked":["Scrape","Stack"],"picked":"Hologram","floor":7.0},{"not_picked":["Loop","Beam Cell","Hello World"],"picked":"SKIP","floor":10.0},{"not_picked":["Gash","Conserve Battery"],"picked":"Hologram","floor":11.0},{"not_picked":["White Noise","Darkness"],"picked":"Tempest","floor":12.0},{"not_picked":["Amplify","Buffer"],"picked":"All For One","floor":16.0},{"not_picked":["Redo","Steam","Compile Driver"],"picked":"SKIP","floor":18.0},{"not_picked":["Ball Lightning","Conserve Battery","Beam Cell"],"picked":"SKIP","floor":22.0},{"not_picked":["Gash","Hologram"],"picked":"Electrodynamics","floor":28.0},{"not_picked":["Chaos","All For One"],"picked":"Doom and Gloom","floor":29.0},{"not_picked":["Sweeping Beam","BootSequence","Hello World"],"picked":"SKIP","floor":30.0},{"not_picked":["Multi-Cast","Buffer"],"picked":"Biased Cognition","floor":33.0},{"not_picked":["Sweeping Beam","Sunder","Compile Driver"],"picked":"SKIP","floor":35}],"player_experience":806778,"relics_obtained":[{"floor":9.0,"key":"Blood Vial"},{"floor":26.0,"key":"Blue Candle"}],"event_choices":[{"damage_healed":0.0,"max_hp_gain":5.0,"max_hp_loss":0.0,"gold_gain":0.0,"event_name":"Big Fish","player_choice":"Donut","floor":2.0,"gold_loss":0.0,"damage_taken":0.0},{"cards_removed":["Strike_B"],"damage_healed":0.0,"max_hp_gain":0.0,"max_hp_loss":0.0,"gold_gain":0.0,"event_name":"The Cleric","player_choice":"Card Removal","floor":3.0,"gold_loss":50.0,"damage_taken":0.0},{"damage_healed":0.0,"max_hp_gain":0.0,"max_hp_loss":0.0,"gold_gain":0.0,"event_name":"Scrap Ooze","player_choice":"Success","floor":5.0,"gold_loss":0.0,"damage_taken":18.0,"relics_obtained":["Orichalcum"]},{"damage_healed":0.0,"max_hp_gain":0.0,"max_hp_loss":0.0,"gold_gain":0.0,"event_name":"Living Wall","player_choice":"Grow","floor":8.0,"gold_loss":0.0,"damage_taken":0.0,"cards_upgraded":["Zap"]},{"damage_healed":20.0,"max_hp_gain":0.0,"max_hp_loss":0.0,"gold_gain":0.0,"event_name":"Mushrooms","player_choice":"Healed and dodged fight","floor":14.0,"gold_loss":0.0,"damage_taken":0.0,"cards_obtained":["Parasite"]},{"damage_healed":0.0,"max_hp_gain":0.0,"max_hp_loss":0.0,"gold_gain":0.0,"event_name":"N\u0027loth","player_choice":"Traded Relic","floor":19.0,"relics_lost":["Orichalcum"],"gold_loss":0.0,"damage_taken":0.0,"relics_obtained":["Nloth\u0027s Gift"]},{"damage_healed":0.0,"max_hp_gain":0.0,"max_hp_loss":0.0,"gold_gain":99.0,"event_name":"Nest","player_choice":"Stole From Cult","floor":21.0,"gold_loss":0.0,"damage_taken":0.0},{"damage_healed":0.0,"max_hp_gain":0.0,"max_hp_loss":0.0,"gold_gain":0.0,"event_name":"WeMeetAgain","player_choice":"Paid Gold","floor":31.0,"gold_loss":65.0,"damage_taken":0.0,"relics_obtained":["Pantograph"]},{"damage_healed":0,"gold_gain":0,"player_choice":"Embrace Madness","damage_taken":10,"max_hp_gain":0,"max_hp_loss":0,"event_name":"Winding Halls","floor":36,"gold_loss":0,"cards_obtained":["Madness","Madness"]},{"damage_healed":0,"gold_gain":0,"player_choice":"Ignored","damage_taken":0,"max_hp_gain":0,"max_hp_loss":0,"event_name":"SecretPortal","floor":37,"gold_loss":0}],"is_beta":false,"boss_relics":[{"not_picked":["Velvet Choker","Busted Crown"],"picked":"Snecko Eye"},{"not_picked":["Runic Pyramid","Coffee Dripper"],"picked":"Sozu"}],"items_purged_floors":[20],"is_endless":false,"potions_floor_spawned":[4,10,11,18,28,30,35],"killed_by":"Orb Walker","ascension_level":12}}