{"host":"xodzlm10r37577ou","time":1608686899,"event":{"mods":["Act Like it!","BaseMod","Gensokyo","Koishi","Marisa（F雨　魔理沙）","Minty Spire (QoL Compilation)","Reimu（博丽灵梦）","Replay The Spire","StSLib","【东方二次创作】八云紫mod"],"gold_per_floor":[119,36,36,46,146,146,146,0,0,0,0,0,16,176,176,280,280,300,10,10,24,24,24,24,24],"floor_reached":24,"playtime":940,"items_purged":[],"score":191,"play_id":"7a335844-b9a4-4d59-b2a5-fac29f40aec2","local_time":"20201223092819","is_ascension_mode":true,"campfire_choices":[{"data":"ManaGlint:ReiMu","floor":6.0,"key":"SMITH"},{"data":"InherentArray:ReiMu","floor":12.0,"key":"SMITH"},{"data":"AirManeuver:ReiMu","floor":15.0,"key":"SMITH"},{"data":"PrayRite:ReiMu","floor":23,"key":"SMITH"}],"circlet_count":0,"master_deck":["Strike_Lin:ReiMu","Strike_Lin:ReiMu","Strike_Lin:ReiMu","Strike_Lin:ReiMu","Defend_Lin:ReiMu","Defend_Lin:ReiMu","Defend_Lin:ReiMu","Defend_Lin:ReiMu","NB:ReiMu","Stagnation:ReiMu","Gensokyo:CrescentMoonSlash","InherentArray:ReiMu+1","ManaGlint:ReiMu+1","YinYangSange:ReiMu","AirManeuver:ReiMu+1","PrayRite:ReiMu+1","Sickly","Replay:Sluggish","CommonCold","YinYangSange:ReiMu","SpreadBorder2:ReiMu"],"relics":["FlyPower:ReiMu","Simple Rune","Replay:Mystery Machine","Gremlin Horn","Orichalcum","Replay:Ancient Bell","Anchor","BodyOfKamiR:ReiMu","Ice Cream","FossilizedHelix","Frozen Eye"],"acts_visited":["Gensokyo:Gensokyo","Gensokyo:Gensokyoer"],"potions_floor_usage":[],"damage_taken":[{"damage":0.0,"enemies":"Gensokyo:Gryphon","floor":1.0,"turns":5.0},{"damage":6.0,"enemies":"Gensokyo:Python","floor":4.0,"turns":5.0},{"damage":0.0,"enemies":"Gensokyo:3_Fairies","floor":13.0,"turns":2.0},{"damage":10.0,"enemies":"Gensokyo:Python_and_Kodama","floor":14.0,"turns":5.0},{"damage":35.0,"enemies":"Gensokyo:Kokoro","floor":16.0,"turns":17.0},{"damage":21.0,"enemies":"Gensokyo:Chomper","floor":18.0,"turns":6.0},{"damage":25,"enemies":"Gensokyo:AngelMirror","floor":21,"turns":10},{"damage":32,"enemies":"Gensokyo:Koishi","floor":24,"turns":10}],"seed_played":"5129869247806348486","potions_obtained":[{"floor":1.0,"key":"AttackPotion"},{"floor":14.0,"key":"BottledKami:ReiMu"}],"is_trial":false,"path_per_floor":["M","COS","?","M","?","R","?","$","T","?","T","R","M","M","R","B",null,"M","$","?","M","$","R","E"],"character_chosen":"REIMU","items_purchased":["Simple Rune","FossilizedHelix"],"campfire_rested":0,"item_purchase_floors":[8,19],"current_hp_per_floor":[59,59,65,59,59,59,52,52,52,52,52,52,52,42,42,7,71,50,50,50,25,25,25,0,0],"gold":24,"neow_bonus":"RANDOM_EVENT","is_daily":false,"chose_seed":false,"campfire_upgraded":4,"win_rate":0.0,"timestamp":1608686899,"path_taken":["M","COS","?","M","?","R","?","$","T","?","?","R","?","M","R","BOSS","M","$","?","M","$","R","E"],"items_purchased_type":["Relic","Relic"],"build_version":"2020-12-13","purchased_purges":0,"victory":false,"max_hp_per_floor":[65,65,71,71,71,71,71,71,71,71,71,71,71,71,71,71,71,71,71,71,71,71,71,71,71],"card_choices":[{"not_picked":["LovePray:ReiMu","YinYangSign:ReiMu"],"picked":"InherentArray:ReiMu","floor":1.0},{"not_picked":["AlertArray:ReiMu","OrbThrow:ReiMu"],"picked":"ManaGlint:ReiMu","floor":4.0},{"not_picked":["TightArray:ReiMu","Meditation:ReiMu"],"picked":"YinYangSange:ReiMu","floor":13.0},{"not_picked":["Enchanting:ReiMu","SpreadBorder2:ReiMu"],"picked":"AirManeuver:ReiMu","floor":14.0},{"not_picked":["CeremonyResonance:ReiMu","OctopathSalyBorderN:ReiMu"],"picked":"PrayRite:ReiMu","floor":16.0},{"not_picked":["Writhe","ReplayTheSpireMod:Faulty Equipment"],"picked":"Sickly","floor":17.0},{"not_picked":["Writhe","ReplayTheSpireMod:Restless Dread"],"picked":"Replay:Sluggish","floor":17.0},{"not_picked":["Decay","Overencumbered"],"picked":"CommonCold","floor":17.0},{"not_picked":["ForcedLanding:ReiMu+1","Meditation:ReiMu+1"],"picked":"YinYangSange:ReiMu","floor":18.0},{"not_picked":["CareerPray:ReiMu","AirStrike:ReiMu"],"picked":"SpreadBorder2:ReiMu","floor":21}],"player_experience":580755,"relics_obtained":[{"floor":9.0,"key":"Replay:Mystery Machine"},{"floor":11.0,"key":"Gremlin Horn"}],"event_choices":[],"is_beta":false,"boss_relics":[{"not_picked":["ReplayTheSpireMod:DimensionalGlitch","CrownOfHeavens:ReiMu"],"picked":"Replay:Ancient Bell"},{"not_picked":["Centennial Puzzle","Replay:Bandana"],"picked":"Anchor"},{"not_picked":["Replay:Ringing Soul","Chameleon Ring"],"picked":"BodyOfKamiR:ReiMu"},{"not_picked":["TungstenRod","Salt:ReiMu"],"picked":"Ice Cream"}],"items_purged_floors":[],"is_endless":false,"potions_floor_spawned":[1,14],"killed_by":"Gensokyo:Koishi","ascension_level":1}}