{"host":"nptej036rrbiurf5","time":1608692224,"event":{"mods":["BaseMod","Colored Map","Colored Powertips","DeckTracker","Minty Spire (QoL Compilation)","StSLib","SuperFastMode"],"gold_per_floor":[112,37,37,37,37,37,76,76,76,97,118,15,28,28,28,122,122,140,140,158,83,83,83,83],"floor_reached":23,"playtime":464,"items_purged":["Strike_G"],"score":424,"play_id":"e2b42787-da9d-410e-afb3-c4f2e9b0e7b6","local_time":"20201223115704","is_ascension_mode":true,"campfire_choices":[{"floor":6,"key":"REST"},{"data":"Poisoned Stab","floor":8,"key":"SMITH"},{"data":"Bullet Time","floor":15,"key":"SMITH"}],"circlet_count":0,"master_deck":["AscendersBane","Strike_G","Strike_G","Defend_G","Defend_G","Defend_G","Defend_G","Survivor","Neutralize","Poisoned Stab+1","Backflip","Bane","Bullet Time+1","Caltrops","Acrobatics","A Thousand Cuts","Riddle With Holes","Crippling Poison"],"relics":["Ring of the Snake","NeowsBlessing","Golden Idol","Bronze Scales","Snake Skull","Meat on the Bone","Empty Cage"],"acts_visited":["Exordium","TheCity"],"potions_floor_usage":[16,16],"damage_taken":[{"damage":0,"enemies":"Cultist","floor":1,"turns":1},{"damage":0,"enemies":"Gremlin Nob","floor":7,"turns":1},{"damage":0,"enemies":"Small Slimes","floor":10,"turns":1},{"damage":2,"enemies":"2 Louse","floor":11,"turns":2},{"damage":30,"enemies":"Exordium Thugs","floor":13,"turns":5},{"damage":14,"enemies":"Hexaghost","floor":16,"turns":9},{"damage":27,"enemies":"Shell Parasite","floor":18,"turns":7},{"damage":7,"enemies":"Chosen","floor":20,"turns":5},{"damage":45,"enemies":"Book of Stabbing","floor":23,"turns":4}],"seed_played":"2288415576176869420","potions_obtained":[{"floor":7,"key":"Fire Potion"},{"floor":10,"key":"Swift Potion"},{"floor":13,"key":"SkillPotion"}],"is_trial":false,"path_per_floor":["M","$","?","?","?","R","E","R","T","M","M","$","M","$","R","B",null,"M","?","M","?","$","E"],"character_chosen":"THE_SILENT","items_purchased":["Caltrops","Acrobatics"],"campfire_rested":1,"item_purchase_floors":[12,12],"current_hp_per_floor":[59,59,59,59,24,42,42,42,42,42,40,40,22,22,22,20,50,35,35,40,40,40,0,0],"gold":83,"neow_bonus":"THREE_ENEMY_KILL","is_daily":false,"chose_seed":false,"campfire_upgraded":2,"win_rate":0.0,"timestamp":1608692224,"path_taken":["M","?","?","?","?","R","E","R","T","?","M","?","M","$","R","BOSS","M","?","M","?","?","E"],"items_purchased_type":["Card","Card"],"build_version":"2020-12-13","purchased_purges":1,"victory":false,"max_hp_per_floor":[66,66,60,60,60,60,60,60,60,60,60,60,60,60,60,60,60,60,60,60,60,60,60,60],"card_choices":[{"not_picked":["Dodge and Roll","Underhanded Strike"],"picked":"Poisoned Stab","floor":1},{"not_picked":["Concentrate","Underhanded Strike"],"picked":"Backflip","floor":7},{"not_picked":["Endless Agony","Flying Knee"],"picked":"Bane","floor":10},{"not_picked":["Dodge and Roll","Slice"],"picked":"Bullet Time","floor":11},{"not_picked":["Terror","Quick Slash","Prepared"],"picked":"SKIP","floor":13},{"not_picked":["Doppelganger","Night Terror"],"picked":"A Thousand Cuts","floor":16},{"not_picked":["Cloak And Dagger","Calculated Gamble"],"picked":"Riddle With Holes","floor":18},{"not_picked":["Outmaneuver","Underhanded Strike","Backflip"],"picked":"SKIP","floor":20}],"player_experience":844672,"relics_obtained":[{"floor":7,"key":"Snake Skull"},{"floor":9,"key":"Meat on the Bone"}],"event_choices":[{"damage_healed":0,"gold_gain":0,"player_choice":"Lose Max HP","damage_taken":0,"relics_obtained":["Golden Idol"],"max_hp_gain":0,"max_hp_loss":6,"event_name":"Golden Idol","floor":3,"gold_loss":0},{"damage_healed":0,"gold_gain":0,"player_choice":"Leave","damage_taken":0,"max_hp_gain":0,"max_hp_loss":0,"event_name":"The Cleric","floor":4,"gold_loss":0},{"damage_healed":0,"gold_gain":0,"player_choice":"Success","damage_taken":35,"relics_obtained":["Bronze Scales"],"max_hp_gain":0,"max_hp_loss":0,"event_name":"Scrap Ooze","floor":5,"gold_loss":0},{"damage_healed":0,"gold_gain":0,"player_choice":"Read","damage_taken":0,"max_hp_gain":0,"max_hp_loss":0,"event_name":"The Library","floor":19,"gold_loss":0,"cards_obtained":["Crippling Poison"]},{"cards_removed":["Defend_G"],"damage_healed":0,"gold_gain":0,"player_choice":"Gave Gold","damage_taken":0,"max_hp_gain":0,"max_hp_loss":0,"event_name":"Beggar","floor":21,"gold_loss":75}],"is_beta":false,"boss_relics":[{"not_picked":["Cursed Key","Fusion Hammer"],"picked":"Empty Cage"}],"items_purged_floors":[2],"is_endless":false,"potions_floor_spawned":[7,10,13],"killed_by":"Book of Stabbing","ascension_level":20}}