{"host":"9d83omykrosjn1d3","time":1608723439,"event":{"mods":["AchievementEnabler","BaseMod","BetterRewards","Card Forge","Hubris","MarisaÅiñ∂âJÅ@ñÇóùçπÅj","Minty Spire (QoL Compilation)","Permanent Neow","Shop Mod","StSLib","SuperFastMode","The Animator","The Cursed"],"gold_per_floor":[263,263,109,109,109,138,138,179,179,205,235,265,292,323,323,323,422,422,440,440,49,78,78,78],"floor_reached":23,"playtime":2217,"items_purged":[],"score":361,"play_id":"d2a1db47-57d7-4b45-8e08-7fefce703eca","local_time":"20201223203719","daily_mods":["SealedDeck","Heirloom","Flight","DeadlyEvents","Elite Swarm"],"is_ascension_mode":false,"campfire_choices":[{"data":"animator:Ainz","floor":7,"key":"SMITH"}],"circlet_count":0,"master_deck":["animator:Darkness","animator:KrulTepes+1","animator:Ainz+1","animator:Sora","animator:Ainz","Recycle+1","animator:Shiro","animator:Shiro","animator:Megumin+1"],"relics":["animator:LivingPicture","animator:TheMissingPiece","Hammer of Thor","Seething Fire","Anvil of the Gods","animator:HeavyHalberd","hubris:Towel","OrangePellets","Bag of Marbles","Thread and Needle","Singing Bowl","hubris:FunFungus","Happy Flower","animator:BattleDrones","hubris:Reverence","animator:ExquisiteBloodVial","Boot","Coffee Dripper","MerchantsRug","PreservedInsect","TwistedFunnel","Philosopher\u0027s Stone","animator:WizardHat"],"acts_visited":["Exordium","TheCity"],"potions_floor_usage":[],"damage_taken":[{"damage":6,"enemies":"Jaw Worm","floor":1,"turns":2},{"damage":26,"enemies":"3 Sentries","floor":6,"turns":5},{"damage":6,"enemies":"Gremlin Nob","floor":8,"turns":3},{"damage":4,"enemies":"3 Sentries","floor":10,"turns":5},{"damage":0,"enemies":"Gremlin Nob","floor":11,"turns":3},{"damage":7,"enemies":"Lagavulin","floor":12,"turns":5},{"damage":0,"enemies":"Gremlin Nob","floor":13,"turns":2},{"damage":4,"enemies":"3 Sentries","floor":14,"turns":5},{"damage":74,"enemies":"animator:KrulTepes","floor":16,"turns":11},{"damage":0,"enemies":"Hexaghost","floor":17,"turns":7},{"damage":0,"enemies":"3 Byrds","floor":19,"turns":3},{"damage":19,"enemies":"animator:HornedBat","floor":22,"turns":7},{"damage":0,"enemies":"Slavers","floor":23,"turns":1}],"seed_played":"-1008108614749228609","potions_obtained":[{"floor":8,"key":"Regen Potion"},{"floor":10,"key":"LiquidMemories"},{"floor":12,"key":"DistilledChaos"},{"floor":20,"key":"DistilledChaos"},{"floor":22,"key":"SneckoOil"}],"is_trial":true,"path_per_floor":["M","?","$","?","?","E","R","E","T","E","E","E","E","E","R","M","B",null,"M","?","$","E","E"],"character_chosen":"THE_ANIMATOR","items_purchased":["OrangePellets","MerchantsRug","PreservedInsect","TwistedFunnel"],"campfire_rested":0,"item_purchase_floors":[3,21,21,21],"current_hp_per_floor":[60,60,60,60,60,34,34,30,30,30,36,46,58,69,69,9,28,73,76,76,76,40,43,43],"gold":78,"neow_bonus":"","is_daily":false,"chose_seed":false,"campfire_upgraded":1,"win_rate":0.0,"timestamp":1608723439,"path_taken":["M","?","$","?","?","E","R","E","T","E","E","E","E","E","R","BOSS","M","?","$","?","?"],"items_purchased_type":["Relic","Relic","Relic","Relic"],"build_version":"2020-12-22","purchased_purges":0,"victory":false,"max_hp_per_floor":[66,66,66,66,66,66,66,66,66,66,66,68,70,71,71,71,73,73,76,76,76,41,44,44],"card_choices":[{"not_picked":["animator:DolaCouronne","animator:KyokoSakura","animator:HiiragiShinya"],"picked":"SKIP","floor":1},{"not_picked":["animator:Kyubey","animator:Wiz"],"picked":"animator:Ainz","floor":6},{"not_picked":["animator:Wiz","animator:SwordMaiden"],"picked":"animator:Sora","floor":8},{"not_picked":["animator:PinaCoLada","animator:HomuraAkemi"],"picked":"animator:Kyubey","floor":10},{"not_picked":["animator:Guren","animator:Sora"],"picked":"animator:Ainz","floor":11},{"not_picked":["animator:Hans","animator:ItamiYouji","animator:FeridBathory"],"picked":"Singing Bowl","floor":12},{"not_picked":["animator:Eris","animator:Albedo","animator:HomuraAkemi"],"picked":"Singing Bowl","floor":13},{"not_picked":["animator:Hans","animator:Kyubey"],"picked":"animator:Shiro","floor":14},{"not_picked":["animator:Sora","animator:Guren"],"picked":"animator:Shiro","floor":17},{"not_picked":["animator:OrikoMikuni","animator:DolaCouronne"],"picked":"animator:Megumin","floor":19},{"not_picked":["animator:SwordMaiden","animator:Guren","animator:GoblinSlayer"],"picked":"Singing Bowl","floor":22}],"player_experience":742448,"relics_obtained":[{"floor":6,"key":"Blood Vial"},{"floor":6,"key":"Thread and Needle"},{"floor":8,"key":"Blood Vial"},{"floor":8,"key":"Singing Bowl"},{"floor":10,"key":"Blood Vial"},{"floor":10,"key":"hubris:FunFungus"},{"floor":11,"key":"Blood Vial"},{"floor":11,"key":"Happy Flower"},{"floor":12,"key":"animator:BattleDrones"},{"floor":13,"key":"Blood Vial"},{"floor":13,"key":"hubris:Reverence"},{"floor":14,"key":"animator:ExquisiteBloodVial"},{"floor":14,"key":"Boot"},{"floor":17,"key":"Blood Vial"},{"floor":22,"key":"Blood Vial"},{"floor":22,"key":"animator:WizardHat"}],"event_choices":[{"cards_removed":["animator:YuiTsuruno"],"damage_healed":0,"gold_gain":0,"player_choice":"Gave Card","damage_taken":0,"relics_obtained":["Bag of Marbles"],"max_hp_gain":0,"max_hp_loss":0,"event_name":"WeMeetAgain","floor":5,"gold_loss":0},{"damage_healed":0,"gold_gain":0,"player_choice":"Got Potions","damage_taken":0,"max_hp_gain":0,"max_hp_loss":0,"event_name":"Lab","floor":20,"gold_loss":0}],"is_beta":false,"boss_relics":[{"not_picked":["animator:RacePiece","Velvet Choker"],"picked":"Coffee Dripper"}],"items_purged_floors":[],"is_endless":false,"potions_floor_spawned":[8,10,12,13,22],"killed_by":"Slavers","ascension_level":0}}