{"host":"c59zqhrgluvxuu0k","time":1608754582,"event":{"mods":["BaseMod","Better Altar","Better Third Choice","BetterRewards","Colored Map","Colored Powertips","Curses Come First","Downfall","Duelist Mod","Friendly Minions","Hermit","Hubris","Minty Spire (QoL Compilation)","Replay The Spire","Shop Mod","Spicy Shops","StSLib","The Administrix","The Blackbeard","The Cursed","The Death Knight","The Dragon Tamer","The Druid","The Jungle","The Runesmith","The Wild Card"],"gold_per_floor":[113,126,126,143,143,175,175,187,187,187,197,217,217,217,217,317,367,380,380,380,380,26,57,57,12,12,23,23,37,64,64,64,168,168,184,184,197,210,210,242,242,242],"floor_reached":41,"playtime":4723,"items_purged":["Regret","Guardian:Aged"],"score":559,"play_id":"9ef9e926-42a5-4db6-83cc-62119a67d8fb","local_time":"20201223131622","is_ascension_mode":false,"campfire_choices":[{"data":"theWildCard:PowerOfTheArcana","floor":7,"key":"SMITH"},{"data":"theWildCard:Providence","floor":13,"key":"SMITH"},{"floor":15,"key":"RECALL"},{"data":"RitualDagger","floor":28,"key":"SMITH"},{"floor":32,"key":"DIG"}],"circlet_count":0,"master_deck":["theWildCard:BasicStrike","theWildCard:BasicStrike","theWildCard:BasicStrike","theWildCard:BasicStrike","theWildCard:BasicDefend+1","theWildCard:BasicDefend","theWildCard:BasicDefend","theWildCard:BasicDefend","theWildCard:CallToAdventure","theWildCard:Arsene","theWildCard:Michael","theWildCard:PowerOfTheArcana+1","theWildCard:Michael+1","theWildCard:MagicalMight+1","theWildCard:Sakuya","theWildCard:Providence+1","theWildCard:Metatron+1","theWildCard:FinalHour","theWildCard:SeveringSlash","theWildCard:ShieldOfMany+1","RitualDagger+1","theWildCard:PowerOfTheArcana","theWildCard:MagicMettle+1","theWildCard:Thanatos","expansioncontent:ChargeUp","theWildCard:PowerOfTheArcana","theWildCard:UnderLockAndKey","theWildCard:ManOfManyFaces","theWildCard:ArchaicAssault","theWildCard:TheArcanaUnleashed+1","theWildCard:PowerOfTheArcana+1","theWildCard:BladeOfGenerations","Parasite","theWildCard:MagicalMight","theWildCard:PaleRider"],"relics":["theWildCard:VelvetContract","NeowsBlessing","Ring of Fangs","hubris:TinFlute","Tiny House","hubris:Icosahedron","Membership Card","Replay:Baseball","Oddly Smooth Stone","Lee\u0027s Waffle","ReplayTheSpireMod:Shallot","ReplayTheSpireMod:CursedCoin","Strange Spoon","War Paint","Blue Candle","Shuriken","hubris:Towel","DeathKnight:SindragosasSkull","expansioncontent:StudyCardRelic","Juzu Bracelet"],"acts_visited":["Exordium","TheCity","TheBeyond"],"potions_floor_usage":[8,16,27,29,33,38],"damage_taken":[{"damage":0,"enemies":"Cultist","floor":1,"turns":1},{"damage":0,"enemies":"Jaw Worm","floor":2,"turns":1},{"damage":0,"enemies":"Small Slimes","floor":4,"turns":1},{"damage":23,"enemies":"Gremlin Nob","floor":6,"turns":4},{"damage":18,"enemies":"Exordium Thugs","floor":8,"turns":3},{"damage":0,"enemies":"Large Slime","floor":11,"turns":4},{"damage":0,"enemies":"Looter","floor":12,"turns":3},{"damage":16,"enemies":"The Guardian","floor":16,"turns":12},{"damage":0,"enemies":"3 Byrds","floor":18,"turns":2},{"damage":9,"enemies":"theDuelist:KaibaA2","floor":23,"turns":8},{"damage":8,"enemies":"2 Thieves","floor":27,"turns":4},{"damage":0,"enemies":"Snecko","floor":29,"turns":7},{"damage":2,"enemies":"Replay:Snechameleon","floor":30,"turns":6},{"damage":26,"enemies":"hubris:MusketHawk","floor":33,"turns":10},{"damage":9,"enemies":"3 Darklings","floor":35,"turns":4},{"damage":2,"enemies":"Orb Walker","floor":37,"turns":3},{"damage":8,"enemies":"Writhing Mass","floor":38,"turns":5},{"damage":16,"enemies":"Reptomancer","floor":40,"turns":6},{"damage":0,"enemies":"Transient","floor":41,"turns":1}],"seed_played":"-359108620326283644","potions_obtained":[{"floor":6,"key":"hexamod:EctoCoolerPotion"},{"floor":11,"key":"Elixir"},{"floor":12,"key":"hexamod:EctoCoolerPotion"},{"floor":16,"key":"DeathKnight:RimePotion"},{"floor":17,"key":"SmokeBomb"},{"floor":18,"key":"EssenceOfSteel"},{"floor":23,"key":"SteroidPotion"},{"floor":30,"key":"Swift Potion"},{"floor":35,"key":"EssenceOfSteel"},{"floor":40,"key":"Energy Potion"}],"is_trial":false,"path_per_floor":["M","M","?","M","?","E","R","M","T","?","M","M","R","?","R","B",null,"M","?","?","?","$","E","?","$","T","M","R","M","E","?","R_BF","B",null,"M","?","M","M","?","E","M"],"character_chosen":"THE_WILD_CARD","items_purchased":["Membership Card","theWildCard:PowerOfTheArcana","Replay:Baseball","Oddly Smooth Stone","Lee\u0027s Waffle","ReplayTheSpireMod:CursedCoin","Strange Spoon","War Paint","theWildCard:PowerOfTheArcana"],"campfire_rested":0,"item_purchase_floors":[22,22,22,22,22,25,25,25,25],"current_hp_per_floor":[60,60,60,60,60,37,37,19,19,19,19,21,21,21,21,13,65,65,65,65,59,72,65,65,65,65,57,57,63,61,61,61,45,72,63,63,61,55,55,41,41,41],"gold":242,"neow_bonus":"THREE_ENEMY_KILL","is_daily":false,"chose_seed":false,"campfire_upgraded":3,"win_rate":0.0,"timestamp":1608754582,"path_taken":["M","M","?","M","?","E","R","M","T","?","M","M","R","?","R","BOSS","M","?","?","?","$","E","?","$","T","?","R","M","E","?","R_BF","BOSS","M","?","M","?","?","E","M"],"items_purchased_type":["Relic","Card","Relic","Relic","Relic","Relic","Relic","Relic","Card"],"build_version":"2020-12-22","purchased_purges":2,"victory":false,"max_hp_per_floor":[60,60,60,60,60,60,60,60,60,60,60,60,60,60,60,60,65,65,65,65,65,72,72,72,72,72,72,72,72,72,72,72,72,72,72,72,72,72,72,72,72,72],"card_choices":[{"not_picked":["theWildCard:PaleRider","theWildCard:Unburden"],"picked":"theWildCard:Michael","floor":1},{"not_picked":["theWildCard:BladeOfGenerations","theWildCard:EnergyTheft"],"picked":"theWildCard:PowerOfTheArcana","floor":2},{"not_picked":["theWildCard:EnergizedStroke","theWildCard:UnendingRitual"],"picked":"theWildCard:Michael","floor":4},{"not_picked":["theWildCard:SeveringSlash","theWildCard:ArcanaArtistry"],"picked":"theWildCard:MagicalMight","floor":6},{"not_picked":["theWildCard:Proficiency","theWildCard:StingingStrike"],"picked":"theWildCard:Sakuya","floor":8},{"not_picked":["theWildCard:Polydeuces","theWildCard:Patience"],"picked":"theWildCard:Providence","floor":11},{"not_picked":["theWildCard:ShieldOfMany","theWildCard:Patience"],"picked":"theWildCard:Metatron","floor":12},{"not_picked":["theWildCard:Satanael","theWildCard:Ruination"],"picked":"theWildCard:FinalHour","floor":16},{"not_picked":["theWildCard:MagicMettle","theWildCard:StingingStrike"],"picked":"theWildCard:SeveringSlash","floor":17},{"not_picked":["theWildCard:SeveringSlash","theWildCard:Salvation"],"picked":"theWildCard:ShieldOfMany+1","floor":18},{"not_picked":["theWildCard:StingingStrike","theWildCard:Proficiency"],"picked":"theWildCard:MagicMettle+1","floor":23},{"not_picked":["theWildCard:Scathach","theWildCard:MaskChange"],"picked":"theWildCard:UnderLockAndKey","floor":27},{"not_picked":["theWildCard:ShieldOfMany","theWildCard:MagicMettle"],"picked":"theWildCard:ManOfManyFaces","floor":29},{"not_picked":["theWildCard:SeveringSlash","theWildCard:MagicalMight"],"picked":"theWildCard:ArchaicAssault","floor":30},{"not_picked":["theWildCard:Ruination","theWildCard:Lucifer"],"picked":"theWildCard:TheArcanaUnleashed","floor":33},{"not_picked":["theWildCard:Proficiency+1","theWildCard:MaskChange"],"picked":"theWildCard:PowerOfTheArcana+1","floor":35},{"not_picked":["theWildCard:MaskChange","theWildCard:Michael+1"],"picked":"theWildCard:BladeOfGenerations","floor":37},{"not_picked":["theWildCard:Attunement+1","theWildCard:MasterPlan"],"picked":"theWildCard:MagicalMight","floor":38},{"not_picked":["theWildCard:Michael+1","theWildCard:BladeOfGenerations+1"],"picked":"theWildCard:PaleRider","floor":40}],"player_experience":2163671,"relics_obtained":[{"floor":5,"key":"Ring of Fangs"},{"floor":6,"key":"hubris:TinFlute"},{"floor":23,"key":"ReplayTheSpireMod:Shallot"},{"floor":26,"key":"Blue Candle"},{"floor":30,"key":"Shuriken"},{"floor":32,"key":"DeathKnight:SindragosasSkull"},{"floor":40,"key":"Juzu Bracelet"}],"event_choices":[{"damage_healed":0,"gold_gain":0,"player_choice":"Leave","damage_taken":0,"max_hp_gain":0,"max_hp_loss":0,"event_name":"The Cleric","floor":3,"gold_loss":0},{"cards_removed":["Amnesia"],"damage_healed":0,"gold_gain":0,"player_choice":"Removed Curses","damage_taken":0,"max_hp_gain":0,"max_hp_loss":0,"event_name":"Fountain of Cleansing","floor":14,"gold_loss":0},{"damage_healed":0,"gold_gain":0,"player_choice":"Ignored","damage_taken":0,"max_hp_gain":0,"max_hp_loss":0,"event_name":"Beggar","floor":20,"gold_loss":0},{"damage_healed":0,"gold_gain":0,"player_choice":"Dagger","damage_taken":6,"max_hp_gain":0,"max_hp_loss":0,"event_name":"betterThird:BetterNest","floor":21,"gold_loss":0,"cards_obtained":["RitualDagger"]},{"damage_healed":0,"gold_gain":0,"player_choice":"2 cards matched","damage_taken":0,"max_hp_gain":0,"max_hp_loss":0,"event_name":"Match and Keep!","floor":24,"gold_loss":0,"cards_obtained":["theWildCard:Thanatos","expansioncontent:ChargeUp"]},{"damage_healed":0,"gold_gain":0,"player_choice":"Forge","damage_taken":0,"max_hp_gain":0,"max_hp_loss":0,"event_name":"Accursed Blacksmith","floor":36,"gold_loss":0,"cards_upgraded":["theWildCard:TheArcanaUnleashed"]},{"damage_healed":0,"gold_gain":0,"player_choice":"Ignored","damage_taken":0,"max_hp_gain":0,"max_hp_loss":0,"event_name":"NoteForYourself","floor":39,"gold_loss":0}],"is_beta":false,"boss_relics":[{"not_picked":["SacredBark","ChewingGum"],"picked":"Tiny House"},{"not_picked":["Replay:Drink Me","Fusion Hammer"],"picked":"expansioncontent:StudyCardRelic"}],"items_purged_floors":[22,25],"is_endless":false,"potions_floor_spawned":[6,11,12,16,18,23,30,35,40],"killed_by":"Transient","ascension_level":0}}