{"host":"udzsrhbqdxqtlypj","time":1608683184,"event":{"mods":["BaseMod","Minty Spire (QoL Compilation)","Relic Stats"],"gold_per_floor":[110,110,10,26,45,75,6,31,31,52,52,82,130,160,160,255,255,271,271,291,140,140,170,184,199,199,228,228,261,261,275,275,376,376,392,85,97,97,107,141,141,166,166,186,86,86,145,171,171,171,171,171,69,94,94],"floor_reached":56,"playtime":5715,"items_purged":["Pain","Strike_R+1"],"score":1812,"play_id":"1f71d506-522b-4f43-a489-7b8176c0e3b4","local_time":"20201222182624","is_ascension_mode":true,"campfire_choices":[{"data":"Berserk","floor":11.0,"key":"SMITH"},{"data":"Combust","floor":15.0,"key":"SMITH"},{"data":"Dark Embrace","floor":28,"key":"SMITH"},{"data":"Ghostly","floor":30,"key":"SMITH"},{"data":"Ghostly","floor":32,"key":"SMITH"},{"data":"Feed","floor":41,"key":"SMITH"},{"data":"Limit Break","floor":46,"key":"SMITH"},{"floor":49,"key":"RECALL"},{"data":"Offering","floor":52,"key":"SMITH"}],"circlet_count":0,"master_deck":["AscendersBane","Strike_R+1","Strike_R+1","Defend_R+1","Defend_R+1","Defend_R+1","Defend_R+1","Bash","Twin Strike+1","Sword Boomerang","Berserk+1","Wild Strike","Dark Embrace+1","Combust+1","Whirlwind","Shrug It Off","Exhume","Spot Weakness","Offering+1","Inflame+1","Limit Break+1","Ghostly+1","Ghostly+1","Ghostly","Ghostly","Ghostly","Brutality+1","Headbutt","Heavy Blade+1","Feed+1","Dual Wield+1","Madness","Madness","Offering","Sword Boomerang+1","Spot Weakness","Shrug It Off"],"relics":["Burning Blood","WarpedTongs","Self Forming Clay","Ancient Tea Set","Singing Bowl","Odd Mushroom","Whetstone","MealTicket","Frozen Egg 2","Empty Cage","Akabeko","StrikeDummy","Juzu Bracelet","Bronze Scales","Philosopher\u0027s Stone","Bag of Preparation","ClockworkSouvenir","Ornamental Fan","CeramicFish","Torii","InkBottle"],"acts_visited":["Exordium","TheCity","TheBeyond","TheEnding"],"potions_floor_usage":[24,25,31,39,42,50,50,55,55],"damage_taken":[{"damage":3.0,"enemies":"2 Louse","floor":1.0,"turns":4.0},{"damage":0.0,"enemies":"Cultist","floor":4.0,"turns":2.0},{"damage":0.0,"enemies":"Small Slimes","floor":5.0,"turns":3.0},{"damage":16.0,"enemies":"Gremlin Nob","floor":6.0,"turns":3.0},{"damage":32.0,"enemies":"3 Sentries","floor":8.0,"turns":5.0},{"damage":7.0,"enemies":"The Mushroom Lair","floor":10.0,"turns":4.0},{"damage":16.0,"enemies":"Gremlin Nob","floor":12.0,"turns":3.0},{"damage":18.0,"enemies":"Lagavulin","floor":14.0,"turns":7.0},{"damage":22.0,"enemies":"The Guardian","floor":16.0,"turns":9.0},{"damage":3,"enemies":"3 Byrds","floor":18,"turns":5},{"damage":30,"enemies":"2 Thieves","floor":20,"turns":3},{"damage":11,"enemies":"Book of Stabbing","floor":23,"turns":5},{"damage":4,"enemies":"3 Cultists","floor":24,"turns":4},{"damage":6,"enemies":"Cultist and Chosen","floor":25,"turns":6},{"damage":29,"enemies":"Slavers","floor":27,"turns":4},{"damage":9,"enemies":"Book of Stabbing","floor":29,"turns":5},{"damage":3,"enemies":"Centurion and Healer","floor":31,"turns":3},{"damage":19,"enemies":"Automaton","floor":33,"turns":7},{"damage":7,"enemies":"3 Shapes","floor":35,"turns":4},{"damage":21,"enemies":"Orb Walker","floor":37,"turns":2},{"damage":5,"enemies":"Transient","floor":39,"turns":5},{"damage":7,"enemies":"Reptomancer","floor":40,"turns":5},{"damage":16,"enemies":"Giant Head","floor":42,"turns":6},{"damage":13,"enemies":"4 Shapes","floor":44,"turns":6},{"damage":5,"enemies":"Mind Bloom Boss Battle","floor":47,"turns":5},{"damage":12,"enemies":"Maw","floor":48,"turns":5},{"damage":56,"enemies":"Time Eater","floor":50,"turns":6},{"damage":44,"enemies":"Shield and Spear","floor":54,"turns":6},{"damage":36,"enemies":"The Heart","floor":55,"turns":7}],"seed_played":"-4687399695075635981","potions_obtained":[{"floor":0.0,"key":"ElixirPotion"},{"floor":0.0,"key":"Fruit Juice"},{"floor":0.0,"key":"Swift Potion"},{"floor":1.0,"key":"Ancient Potion"},{"floor":5.0,"key":"Fruit Juice"},{"floor":8.0,"key":"ColorlessPotion"},{"floor":10.0,"key":"BlessingOfTheForge"},{"floor":16.0,"key":"PowerPotion"},{"floor":20,"key":"ElixirPotion"},{"floor":31,"key":"AttackPotion"},{"floor":33,"key":"BlessingOfTheForge"},{"floor":35,"key":"FearPotion"},{"floor":44,"key":"BlessingOfTheForge"},{"floor":47,"key":"PowerPotion"},{"floor":48,"key":"BloodPotion"},{"floor":54,"key":"Ancient Potion"}],"is_trial":false,"path_per_floor":["M","?","$","M","M","E","$","E","T","?","R","E","T","E","R","B",null,"M","?","M","$","?","E","M","M","T","E","R","E","R","M","R","B",null,"M","$","M","?","M","E","R","E","T","M","$","R","?","M","R","B",null,"R","$","E","B",null],"character_chosen":"IRONCLAD","items_purchased":["Sword Boomerang","Combust","Limit Break","Bag of Preparation","ClockworkSouvenir","Spot Weakness","Shrug It Off"],"campfire_rested":0,"item_purchase_floors":[3,7,21,36,36,53,53],"current_hp_per_floor":[80,80,80,85,85,75,75,49,49,48,48,38,38,26,26,15,71,74,74,52,67,46,43,47,49,49,26,26,23,23,26,26,13,42,45,56,43,36,39,43,43,39,39,46,61,61,66,60,60,27,74,74,89,57,27],"gold":94,"neow_bonus":"THREE_SMALL_POTIONS","is_daily":false,"chose_seed":false,"campfire_upgraded":8,"win_rate":0.0,"timestamp":1608683184,"path_taken":["M","?","$","M","M","E","?","E","T","?","R","E","?","E","R","BOSS","M","?","M","$","?","E","M","M","T","E","R","E","R","M","R","BOSS","M","$","M","?","M","E","R","E","T","M","$","R","?","M","R","BOSS","R","$","E","BOSS"],"items_purchased_type":["Card","Card","Card","Relic","Relic","Card","Card"],"build_version":"2020-12-13","purchased_purges":2,"victory":true,"max_hp_per_floor":[85,85,85,85,85,85,85,85,85,85,85,85,85,85,85,90,90,90,90,92,92,46,48,50,52,52,52,52,52,52,52,52,52,52,56,56,58,58,60,65,65,71,71,85,85,85,89,89,89,89,89,89,89,95,95],"relic_stats":{"Singing Bowl":20,"Torii":0,"counters":[29,139],"Self Forming Clay":[543],"CeramicFish":36,"Juzu Bracelet":0,"Bag of Preparation":[20],"Whetstone":["Strike_R","Twin Strike"],"Burning Blood":167,"WarpedTongs":[130],"Ornamental Fan":[32],"Bronze Scales":[264],"MealTicket":56,"obtain_stats":[{"Singing Bowl":9,"Torii":47,"Self Forming Clay":6,"CeramicFish":42,"Juzu Bracelet":27,"Bag of Preparation":36,"Whetstone":12,"Odd Mushroom":10,"Frozen Egg 2":14,"Ancient Tea Set":8,"Empty Cage":17,"Burning Blood":0,"Akabeko":23,"WarpedTongs":2,"ClockworkSouvenir":36,"Ornamental Fan":40,"Bronze Scales":29,"MealTicket":13,"Philosopher\u0027s Stone":34,"StrikeDummy":26,"InkBottle":54},{"Singing Bowl":5,"Torii":25,"Self Forming Clay":4,"CeramicFish":23,"Juzu Bracelet":15,"Bag of Preparation":19,"Whetstone":7,"Odd Mushroom":6,"Frozen Egg 2":8,"Ancient Tea Set":5,"Empty Cage":9,"Burning Blood":0,"Akabeko":12,"WarpedTongs":1,"ClockworkSouvenir":19,"Ornamental Fan":22,"Bronze Scales":16,"MealTicket":7,"Philosopher\u0027s Stone":18,"StrikeDummy":14,"InkBottle":28},{"Singing Bowl":17,"Torii":115,"Self Forming Clay":12,"CeramicFish":104,"Juzu Bracelet":67,"Bag of Preparation":86,"Whetstone":24,"Odd Mushroom":21,"Frozen Egg 2":31,"Ancient Tea Set":17,"Empty Cage":40,"Burning Blood":0,"Akabeko":53,"WarpedTongs":4,"ClockworkSouvenir":86,"Ornamental Fan":98,"Bronze Scales":72,"MealTicket":24,"Philosopher\u0027s Stone":82,"StrikeDummy":63,"InkBottle":132}],"InkBottle":[3]},"card_choices":[{"not_picked":["Battle Trance","Metallicize"],"picked":"Twin Strike","floor":1.0},{"not_picked":["Wild Strike","Warcry"],"picked":"Berserk","floor":4.0},{"not_picked":["Flex","Metallicize"],"picked":"Wild Strike","floor":5.0},{"not_picked":["Armaments","Dual Wield"],"picked":"Dark Embrace","floor":6.0},{"not_picked":["Power Through","Headbutt"],"picked":"Whirlwind","floor":8.0},{"not_picked":["Searing Blow","Havoc"],"picked":"Shrug It Off","floor":10.0},{"not_picked":["Battle Trance","True Grit"],"picked":"Exhume","floor":12.0},{"not_picked":["Juggernaut+1","Double Tap"],"picked":"Spot Weakness","floor":14.0},{"not_picked":["Berserk+1","Immolate"],"picked":"Offering","floor":16.0},{"not_picked":["Sword Boomerang","Iron Wave"],"picked":"Inflame+1","floor":18},{"not_picked":["Twin Strike+1","Iron Wave","Pommel Strike+1"],"picked":"Singing Bowl","floor":20},{"not_picked":["Uppercut+1","Bludgeon","Pommel Strike"],"picked":"Singing Bowl","floor":23},{"not_picked":["Clothesline+1","Carnage","Iron Wave"],"picked":"Singing Bowl","floor":24},{"not_picked":["Evolve+1","Perfected Strike","Thunderclap"],"picked":"Singing Bowl","floor":25},{"not_picked":["Bloodletting","Reckless Charge"],"picked":"Brutality+1","floor":27},{"not_picked":["Wild Strike","Carnage"],"picked":"Headbutt","floor":29},{"not_picked":["Sword Boomerang","Perfected Strike+1"],"picked":"Heavy Blade+1","floor":31},{"not_picked":["Berserk+1","Fiend Fire"],"picked":"Feed","floor":33},{"not_picked":["Twin Strike+1","Whirlwind"],"picked":"Dual Wield+1","floor":35},{"not_picked":["Body Slam+1","Sword Boomerang","Cleave"],"picked":"Singing Bowl","floor":37},{"not_picked":["Thunderclap+1","Body Slam","Dual Wield"],"picked":"Singing Bowl","floor":39},{"not_picked":["Clash","Pummel","Armaments"],"picked":"Singing Bowl","floor":40},{"not_picked":["Body Slam","Anger","Infernal Blade"],"picked":"Singing Bowl","floor":42},{"not_picked":["Flex","Bloodletting","Perfected Strike"],"picked":"Singing Bowl","floor":44},{"not_picked":["Wild Strike","Sword Boomerang"],"picked":"Offering","floor":47},{"not_picked":["Combust+1","Body Slam+1"],"picked":"Sword Boomerang+1","floor":48},{"not_picked":["Evolve+1","Whirlwind","Twin Strike+1"],"picked":"Singing Bowl","floor":54}],"player_experience":2716406,"relics_obtained":[{"floor":6.0,"key":"Self Forming Clay"},{"floor":8.0,"key":"Ancient Tea Set"},{"floor":9.0,"key":"Singing Bowl"},{"floor":10.0,"key":"Odd Mushroom"},{"floor":12.0,"key":"Whetstone"},{"floor":13.0,"key":"MealTicket"},{"floor":14.0,"key":"Frozen Egg 2"},{"floor":23,"key":"Akabeko"},{"floor":26,"key":"StrikeDummy"},{"floor":27,"key":"Juzu Bracelet"},{"floor":29,"key":"Bronze Scales"},{"floor":40,"key":"Ornamental Fan"},{"floor":42,"key":"CeramicFish"},{"floor":47,"key":"Torii"},{"floor":54,"key":"InkBottle"}],"event_choices":[{"damage_healed":0.0,"max_hp_gain":0.0,"max_hp_loss":0.0,"gold_gain":0.0,"event_name":"Accursed Blacksmith","player_choice":"Rummage","floor":2.0,"gold_loss":0.0,"damage_taken":0.0,"relics_obtained":["WarpedTongs"],"cards_obtained":["Pain"]},{"damage_healed":0.0,"max_hp_gain":0.0,"max_hp_loss":0.0,"gold_gain":0.0,"event_name":"Mushrooms","player_choice":"Fought Mushrooms","floor":10.0,"gold_loss":0.0,"damage_taken":0.0},{"damage_healed":0,"gold_gain":0,"player_choice":"Simplicity","damage_taken":0,"max_hp_gain":0,"max_hp_loss":0,"event_name":"Back to Basics","floor":19,"gold_loss":0,"cards_upgraded":["Strike_R","Strike_R","Defend_R","Defend_R","Defend_R","Defend_R"]},{"damage_healed":0,"gold_gain":0,"player_choice":"Became a Ghost","damage_taken":0,"max_hp_gain":0,"max_hp_loss":46,"event_name":"Ghosts","floor":22,"gold_loss":0,"cards_obtained":["Ghostly","Ghostly","Ghostly","Ghostly","Ghostly"]},{"damage_healed":0,"gold_gain":0,"player_choice":"Embrace Madness","damage_taken":7,"max_hp_gain":0,"max_hp_loss":0,"event_name":"Winding Halls","floor":38,"gold_loss":0,"cards_obtained":["Madness","Madness"]},{"damage_healed":0,"gold_gain":0,"player_choice":"Fight","damage_taken":0,"max_hp_gain":0,"max_hp_loss":0,"event_name":"MindBloom","floor":47,"gold_loss":0}],"is_beta":false,"boss_relics":[{"not_picked":["Velvet Choker","Busted Crown"],"picked":"Empty Cage"},{"not_picked":["Black Blood","Mark of Pain"],"picked":"Philosopher\u0027s Stone"}],"items_purged_floors":[3,45],"is_endless":false,"potions_floor_spawned":[1,5,8,10,16,20,23,31,33,35,44,47,48,54],"ascension_level":10}}