{"host":"3olzf542l24t7rz7","time":1608695371,"event":{"mods":["Aspiration","BaseMod","BetterRewards","Colored Map","Colored Powertips","Conspire","Halation","Hubris","Infinite Spire","Luminous","Minty Spire (QoL Compilation)","Replay The Spire","Shop Mod","StSLib","The Blue Laboratory","The Runesmith","TheSwordswoman","Waifu the Spire","WarShipGirlsR/????R mod","vexMod"],"gold_per_floor":[109,109,122,136,136,136,162,162,235,262,273,51,78,90,90,193,193,213,313,332,198,198,229,240,240,240,256,281,281,281,281,281,379,379,379,379,379,379,150,150,183,210,255,268,143,158,158,174,174,174,174],"floor_reached":50,"playtime":3782,"items_purged":["Strike_B","Defend_B","Strike_B"],"score":602,"play_id":"4e52608a-fd7c-4338-a270-11b2c1c48856","local_time":"20201222224931","is_ascension_mode":true,"campfire_choices":[{"data":"Zap","floor":6.0,"key":"SMITH"},{"floor":8.0,"key":"REST"},{"floor":15.0,"key":"REST"},{"floor":29,"key":"REST"},{"floor":32,"key":"REST"},{"data":"Capacitor","floor":40,"key":"SMITH"},{"floor":49,"key":"REST"}],"circlet_count":0,"master_deck":["Strike_B","Strike_B","Defend_B","Defend_B","Zap+1","Dualcast","hubris:Ukulele","Conserve Battery","Sweeping Beam","Reinforced Body","Beam Cell","BootSequence","Redo+1","Capacitor+1","hubris:Ukulele","Ball Lightning","aspiration:Polymerization+1","ReplayTheSpireMod:Calculation Training"],"relics":["Cracked Core","aspiration:ChemicalBlood","FaceOfCleric","halation:LettersToHer","Mirror","Runesmith:AutoHammer","Replay:Antivirus Software","Omamori","Ring of Chaos","Pantograph","Replay:Rubber Ducky","hubris:Reverence","Replay:Wax Seal","infinitespire:Cupcake","hubris:Towel","halation:EternalFortune","infinitespire:Broken Mirror","infinitespire:Freezer","ReplayFunnel","Toy Ornithopter","Prayer Wheel"],"acts_visited":["Exordium","TheCity","TheBeyond"],"potions_floor_usage":[28,28,28,33,33,33,35,41,41,44,50,50,50,50,50,50,50],"damage_taken":[{"damage":0.0,"enemies":"2 Louse","floor":1.0,"turns":2.0},{"damage":0.0,"enemies":"Cultist","floor":3.0,"turns":2.0},{"damage":6.0,"enemies":"Jaw Worm","floor":4.0,"turns":2.0},{"damage":26.0,"enemies":"Lagavulin","floor":7.0,"turns":7.0},{"damage":27.0,"enemies":"Gremlin Nob","floor":10.0,"turns":4.0},{"damage":11.0,"enemies":"Lots of Slimes","floor":11.0,"turns":3.0},{"damage":2.0,"enemies":"3 Sentries","floor":13.0,"turns":3.0},{"damage":0.0,"enemies":"Red Slaver","floor":14.0,"turns":4.0},{"damage":24.0,"enemies":"The Guardian","floor":16.0,"turns":10.0},{"damage":0.0,"enemies":"Spheric Guardian","floor":18.0,"turns":3.0},{"damage":22.0,"enemies":"Shell Parasite","floor":20.0,"turns":9.0},{"damage":18.0,"enemies":"conspire:SneckoGhost","floor":23.0,"turns":5.0},{"damage":8.0,"enemies":"Centurion and Healer","floor":24.0,"turns":6.0},{"damage":14,"enemies":"Shelled Parasite and Fungi","floor":27,"turns":7},{"damage":26,"enemies":"Slavers","floor":28,"turns":5},{"damage":52,"enemies":"Champ","floor":33,"turns":11},{"damage":0,"enemies":"3 Darklings","floor":35,"turns":1},{"damage":61,"enemies":"R_Hoarder","floor":41,"turns":10},{"damage":0,"enemies":"3 Shapes","floor":44,"turns":2},{"damage":3,"enemies":"Maw","floor":46,"turns":7},{"damage":1,"enemies":"Sphere and 2 Shapes","floor":48,"turns":6},{"damage":153,"enemies":"hubris:GrandSnecko","floor":50,"turns":17}],"seed_played":"2763622387236542620","potions_obtained":[{"floor":1.0,"key":"GamblersBrew"},{"floor":7.0,"key":"LiquidMemories"},{"floor":10.0,"key":"blueLaboratory:BottleOfRum"},{"floor":11.0,"key":"Explosive Potion"},{"floor":18.0,"key":"ColorlessPotion"},{"floor":20.0,"key":"Dexterity Potion"},{"floor":24.0,"key":"blueLaboratory:BubblePotion"},{"floor":27,"key":"Explosive Potion"},{"floor":28,"key":"Weak Potion"},{"floor":41,"key":"blueLaboratory:BottleOfRum"},{"floor":46,"key":"ColorlessPotion"},{"floor":48,"key":"SneckoOil"}],"is_trial":false,"path_per_floor":["M","?","M","M","?","R","E","R","T","E","M","$","E","M","R","B",null,"M","?","M","$","AVR","E","M","?","T","M","E","R","?","?","R","B",null,"M","?","?","?","$","R","E","T","T","M","$","M","?","M","R","B"],"character_chosen":"DEFECT","items_purchased":["Replay:Antivirus Software","BootSequence","Capacitor","hubris:Ukulele","DistilledChaos"],"campfire_rested":5,"item_purchase_floors":[12,21,39,39,39],"current_hp_per_floor":[82,82,82,76,76,76,51,75,75,49,39,39,38,39,65,42,88,89,89,68,68,68,51,44,44,44,31,6,34,34,34,62,36,95,96,96,99,99,99,99,39,39,39,45,45,43,43,43,73,0,0],"gold":174,"neow_bonus":"TEN_PERCENT_HP_BONUS","is_daily":false,"chose_seed":false,"campfire_upgraded":2,"win_rate":0.0,"timestamp":1608695371,"path_taken":["M","?","M","?","?","R","E","R","T","E","?","?","E","M","R","BOSS","M","?","?","?","AVR","E","M","?","T","M","E","R","?","?","R","BOSS","M","?","?","?","$","R","E","?","T","M","?","?","?","M","R","BOSS"],"items_purchased_type":["Relic","Card","Card","Card","Potion"],"build_version":"2020-12-13","purchased_purges":3,"victory":false,"max_hp_per_floor":[82,82,82,82,82,82,83,83,83,84,85,85,86,87,87,88,88,89,89,90,90,90,91,92,92,92,93,94,94,94,94,94,95,95,96,96,99,99,99,99,100,100,100,101,101,102,102,103,103,103,103],"card_choices":[{"not_picked":["Rip and Tear","ReplaySort"],"picked":"hubris:Ukulele","floor":1.0},{"not_picked":["ReplaySort","Skim","Streamline"],"picked":"SKIP","floor":3.0},{"not_picked":["Panic Button","Stack"],"picked":"Conserve Battery","floor":4.0},{"not_picked":["Darkness","Fusion","Compile Driver"],"picked":"SKIP","floor":7.0},{"not_picked":["Steam Power","ReplayRNGCard"],"picked":"Sweeping Beam","floor":10.0},{"not_picked":["Hologram","Skim"],"picked":"Reinforced Body","floor":11.0},{"not_picked":["Streamline","Compile Driver","Sunder"],"picked":"SKIP","floor":13.0},{"not_picked":["conspire:SharedLibrary","Rebound","Stack"],"picked":"SKIP","floor":14.0},{"not_picked":["hubris:Ukulele","Turbo"],"picked":"Beam Cell","floor":18.0},{"not_picked":["Recycle","Beam Cell","Rainbow"],"picked":"SKIP","floor":20.0},{"not_picked":["Coolheaded","Panic Button","hubris:PowerSurge+1"],"picked":"SKIP","floor":23.0},{"not_picked":["Turbo","Reprogram","Stack+1"],"picked":"SKIP","floor":24.0},{"not_picked":["Turbo","Panic Button"],"picked":"Redo+1","floor":27},{"not_picked":["Rainbow","Turbo+1","Coolheaded"],"picked":"SKIP","floor":28},{"not_picked":["ReplayRNGCard","Conserve Battery+1","Beam Cell+1"],"picked":"SKIP","floor":41},{"not_picked":["ReplayTheSpireMod:GoodbyeWorld+1","Aggregate+1"],"picked":"Ball Lightning","floor":44},{"not_picked":["hubris:Ukulele","Barrage"],"picked":"aspiration:Polymerization+1","floor":46},{"not_picked":["Sweeping Beam+1","Stack+1"],"picked":"ReplayTheSpireMod:Calculation Training","floor":48}],"player_experience":422577,"relics_obtained":[{"floor":7.0,"key":"halation:LettersToHer"},{"floor":9.0,"key":"halation:LettersToHer"},{"floor":9.0,"key":"Mirror"},{"floor":10.0,"key":"Runesmith:AutoHammer"},{"floor":13.0,"key":"Omamori"},{"floor":23.0,"key":"Pantograph"},{"floor":26.0,"key":"halation:LettersToHer"},{"floor":26.0,"key":"hubris:Reverence"},{"floor":28,"key":"Replay:Wax Seal"},{"floor":41,"key":"infinitespire:Broken Mirror"},{"floor":42,"key":"halation:LettersToHer"},{"floor":42,"key":"infinitespire:Freezer"},{"floor":43,"key":"ReplayFunnel"},{"floor":43,"key":"Toy Ornithopter"}],"event_choices":[{"damage_healed":0.0,"max_hp_gain":0.0,"max_hp_loss":0.0,"gold_gain":0.0,"event_name":"WeMeetAgain","player_choice":"Gave Potion","floor":2.0,"gold_loss":0.0,"damage_taken":0.0,"relics_obtained":["aspiration:ChemicalBlood"]},{"damage_healed":0.0,"max_hp_gain":0.0,"max_hp_loss":0.0,"gold_gain":0.0,"event_name":"FaceTrader","player_choice":"Trade","floor":5.0,"gold_loss":0.0,"damage_taken":0.0,"relics_obtained":["FaceOfCleric"]},{"damage_healed":0.0,"max_hp_gain":0.0,"max_hp_loss":0.0,"gold_gain":100.0,"event_name":"Golden Shrine","player_choice":"Pray","floor":19.0,"gold_loss":0.0,"damage_taken":0.0},{"damage_healed":0.0,"max_hp_gain":0.0,"max_hp_loss":0.0,"gold_gain":0.0,"event_name":"The Mausoleum","player_choice":"Opened","floor":25.0,"gold_loss":0.0,"damage_taken":0.0,"relics_obtained":["Replay:Rubber Ducky"]},{"damage_healed":0,"gold_gain":0,"player_choice":"Ignored","damage_taken":0,"max_hp_gain":0,"max_hp_loss":0,"event_name":"Transmorgrifier","floor":31,"gold_loss":0},{"cards_removed":["Defend_B"],"damage_healed":0,"gold_gain":0,"player_choice":"Removed Skill","damage_taken":0,"max_hp_gain":0,"max_hp_loss":0,"event_name":"Falling","floor":47,"gold_loss":0}],"is_beta":false,"boss_relics":[{"not_picked":["conspire:RunicOctahedron","vexMod:MegatonBomb","conspire:SeveredTorchhead"]},{"not_picked":["Coffee Dripper","Sozu"],"picked":"infinitespire:Cupcake"}],"items_purged_floors":[12,21,45],"is_endless":false,"potions_floor_spawned":[1,7,10,11,18,20,24,27,28,41,46,48],"killed_by":"hubris:GrandSnecko","ascension_level":1}}