{"host":"mg3e76uznu9x14du","time":1608703819,"event":{"mods":["BaseMod","Colored Map","Minty Spire (QoL Compilation)","Permanent Neow","Relic Stats","StSLib"],"gold_per_floor":[20,20,43,218,293,334,334,367,367,367,347,370,370,395,395,518,518,539,395,408,507,540,584,282,282,306,340,340,255,255,255,255,383,383,407,210,225,6,6,6,44,44,44,44,64,397,416,129,129,129,129,129,1,1,1],"floor_reached":54,"playtime":2873,"items_purged":["Doubt","Defend_P","Defend_P"],"score":896,"play_id":"2bc98e40-434b-4e37-8bdc-0282a71a0ff6","local_time":"20201223011019","is_ascension_mode":true,"campfire_choices":[{"floor":7,"key":"REST"},{"floor":10,"key":"REST"},{"data":"Eruption","floor":13,"key":"SMITH"},{"data":"SandsOfTime","floor":15,"key":"SMITH"},{"floor":25,"key":"REST"},{"floor":28,"key":"REST"},{"floor":32,"key":"REST"},{"floor":40,"key":"REST"},{"floor":42,"key":"RECALL"},{"floor":49,"key":"REST"},{"floor":52,"key":"REST"}],"circlet_count":0,"master_deck":["Defend_P+1","Eruption+1","Vigilance","EmptyFist","SandsOfTime+1","Worship+1","Protect","EmptyMind","Devotion","Wireheading","Evaluate+1","Nirvana","FlurryOfBlows+1","Establishment","Protect","Worship","CarveReality+1","ForeignInfluence","Adaptation","Bite","Bite","Bite","Bite","Bite","Devotion","SandsOfTime","Evaluate+1","Apotheosis","Calculated Gamble","Finesse","Establishment","WindmillStrike"],"relics":["PureWater","Bird Faced Urn","Pocketwatch","Akabeko","Ornamental Fan","Fusion Hammer","Red Mask","Incense Burner","Damaru","Orrery","Thread and Needle","Toy Ornithopter","Runic Pyramid","Membership Card","PrismaticShard","PreservedInsect","TeardropLocket","Orichalcum","War Paint","Melange"],"acts_visited":["Exordium","TheCity","TheBeyond","TheEnding"],"potions_floor_usage":[12,12,20,22,22,23,33,37,47,50,50,54,54],"damage_taken":[{"damage":2,"enemies":"Jaw Worm","floor":1,"turns":3},{"damage":0,"enemies":"2 Louse","floor":3,"turns":2},{"damage":36,"enemies":"Lagavulin","floor":6,"turns":8},{"damage":16,"enemies":"Gremlin Nob","floor":8,"turns":3},{"damage":0,"enemies":"Cultist","floor":12,"turns":3},{"damage":0,"enemies":"2 Fungi Beasts","floor":14,"turns":2},{"damage":6,"enemies":"Hexaghost","floor":16,"turns":8},{"damage":2,"enemies":"3 Byrds","floor":18,"turns":6},{"damage":0,"enemies":"Spheric Guardian","floor":20,"turns":3},{"damage":32,"enemies":"Masked Bandits","floor":22,"turns":5},{"damage":4,"enemies":"Book of Stabbing","floor":23,"turns":4},{"damage":51,"enemies":"Slavers","floor":27,"turns":5},{"damage":66,"enemies":"Automaton","floor":33,"turns":8},{"damage":15,"enemies":"Orb Walker","floor":35,"turns":5},{"damage":17,"enemies":"3 Darklings","floor":37,"turns":4},{"damage":18,"enemies":"Nemesis","floor":41,"turns":7},{"damage":16,"enemies":"Sphere and 2 Shapes","floor":45,"turns":6},{"damage":0,"enemies":"Transient","floor":47,"turns":5},{"damage":32,"enemies":"Time Eater","floor":50,"turns":7},{"damage":74,"enemies":"Shield and Spear","floor":54,"turns":3}],"seed_played":"-5667526515978381224","potions_obtained":[{"floor":1,"key":"EssenceOfSteel"},{"floor":8,"key":"EntropicBrew"},{"floor":11,"key":"DuplicationPotion"},{"floor":12,"key":"Ambrosia"},{"floor":23,"key":"Strength Potion"},{"floor":27,"key":"PowerPotion"},{"floor":35,"key":"Block Potion"},{"floor":45,"key":"AttackPotion"},{"floor":47,"key":"PowerPotion"}],"is_trial":false,"path_per_floor":["M","?","M","?","?","E","R","E","T","R","?","M","R","M","R","B",null,"M","$","M","?","?","E","$","R","T","E","R","?","?","?","R","B",null,"M","$","M","$","?","R","E","R","T","?","M","?","M","$","R","B",null,"R","$","E"],"character_chosen":"WATCHER","items_purchased":["Wireheading","Damaru","Orrery","Membership Card","SandsOfTime","Apotheosis","PrismaticShard","Orichalcum","War Paint","DuplicationPotion","WindmillStrike","Melange","Swift Potion","Fire Potion"],"campfire_rested":8,"item_purchase_floors":[19,24,24,36,36,38,38,48,48,48,48,53,53,53],"current_hp_per_floor":[70,52,52,52,41,5,26,10,10,31,31,31,31,31,31,25,72,70,70,72,72,40,42,42,63,63,18,39,39,39,39,50,9,50,39,39,39,39,39,50,48,48,48,48,48,48,50,50,50,45,50,50,50,0,0],"gold":1,"neow_bonus":"ONE_RARE_RELIC","is_daily":false,"chose_seed":false,"campfire_upgraded":2,"win_rate":0.0,"timestamp":1608703819,"path_taken":["M","?","M","?","?","E","R","E","T","R","?","?","R","M","R","BOSS","M","$","M","?","?","E","$","R","T","E","R","?","?","?","R","BOSS","M","$","M","$","?","R","E","R","T","?","M","?","M","$","R","BOSS","R","$","E"],"items_purchased_type":["Card","Relic","Relic","Relic","Card","Card","Relic","Relic","Relic","Potion","Card","Relic","Potion","Potion"],"build_version":"2020-12-22","purchased_purges":3,"victory":false,"max_hp_per_floor":[72,72,72,72,72,72,72,72,72,72,72,72,72,72,72,72,72,72,72,72,72,72,72,72,72,72,72,72,72,50,50,50,50,50,50,50,50,50,50,50,50,50,50,50,50,50,50,50,50,50,50,50,50,50,50],"relic_stats":{"counters":[20,97],"Ornamental Fan":[148],"Bird Faced Urn":[48],"Melange":[0],"PreservedInsect":68,"Orichalcum":[12],"War Paint":["Defend_P","Worship"],"obtain_stats":[{"Golden Idol":2,"Damaru":24,"Melange":53,"Thread and Needle":27,"PreservedInsect":41,"Incense Burner":23,"TeardropLocket":43,"Orichalcum":48,"War Paint":48,"PrismaticShard":38,"Akabeko":8,"Ornamental Fan":9,"Bird Faced Urn":0,"Orrery":24,"Fusion Hammer":17,"Red Mask":22,"Membership Card":36,"PureWater":0,"Toy Ornithopter":29,"Pocketwatch":6,"Runic Pyramid":34},{"Golden Idol":1,"Damaru":11,"Melange":19,"Thread and Needle":12,"PreservedInsect":16,"Incense Burner":11,"TeardropLocket":16,"Orichalcum":18,"War Paint":18,"PrismaticShard":15,"Akabeko":4,"Ornamental Fan":4,"Bird Faced Urn":0,"Orrery":11,"Fusion Hammer":7,"Red Mask":10,"Membership Card":14,"PureWater":0,"Toy Ornithopter":12,"Pocketwatch":3,"Runic Pyramid":13},{"Golden Idol":3,"Damaru":47,"Melange":94,"Thread and Needle":52,"PreservedInsect":76,"Incense Burner":47,"TeardropLocket":76,"Orichalcum":87,"War Paint":87,"PrismaticShard":69,"Akabeko":16,"Ornamental Fan":16,"Bird Faced Urn":0,"Orrery":47,"Fusion Hammer":29,"Red Mask":43,"Membership Card":65,"PureWater":0,"Toy Ornithopter":52,"Pocketwatch":13,"Runic Pyramid":60}],"Toy Ornithopter":26,"Pocketwatch":[50]},"card_choices":[{"not_picked":["Perseverance","FollowUp"],"picked":"EmptyFist","floor":1},{"not_picked":["Meditate","PathToVictory"],"picked":"SandsOfTime","floor":3},{"not_picked":["DeceiveReality","Study"],"picked":"Worship","floor":6},{"not_picked":["Wallop","Perseverance"],"picked":"Protect","floor":8},{"not_picked":["CarveReality","Weave"],"picked":"EmptyMind","floor":12},{"not_picked":["PathToVictory","ThirdEye"],"picked":"Collect","floor":14},{"not_picked":["Blasphemy","Vault"],"picked":"Devotion","floor":16},{"not_picked":["Evaluate","JustLucky","Halt"],"picked":"SKIP","floor":18},{"not_picked":["CutThroughFate","JustLucky"],"picked":"Evaluate+1","floor":20},{"not_picked":["InnerPeace","EmptyBody"],"picked":"Nirvana","floor":22},{"not_picked":["Fasting2","JustLucky"],"picked":"FlurryOfBlows+1","floor":23},{"not_picked":["Worship","Perseverance"],"picked":"Establishment","floor":24},{"not_picked":["Crescendo","FollowUp"],"picked":"Protect","floor":24},{"not_picked":["JustLucky","SashWhip"],"picked":"Worship","floor":24},{"not_picked":["CrushJoints","Tantrum+1"],"picked":"CarveReality+1","floor":24},{"not_picked":["Vault","EmptyFist+1"],"picked":"ForeignInfluence","floor":24},{"not_picked":["Evaluate","ClearTheMind"],"picked":"Adaptation","floor":27},{"not_picked":["Establishment","DeusExMachina"],"picked":"Devotion","floor":33},{"not_picked":["BowlingBash","MentalFortress","ForeignInfluence"],"picked":"SKIP","floor":35},{"not_picked":["ClearTheMind+1","SignatureMove+1"],"picked":"Evaluate+1","floor":37},{"not_picked":["Dash+1","Spot Weakness"],"picked":"Calculated Gamble","floor":41},{"not_picked":["Dark Shackles","Trip"],"picked":"Finesse","floor":44},{"not_picked":["Leap+1","Hemokinesis+1","Sucker Punch"],"picked":"SKIP","floor":45},{"not_picked":["Purity+1","Poisoned Stab+1"],"picked":"Establishment","floor":47}],"player_experience":239285,"relics_obtained":[{"floor":6,"key":"Pocketwatch"},{"floor":8,"key":"Akabeko"},{"floor":9,"key":"Ornamental Fan"},{"floor":22,"key":"Red Mask"},{"floor":23,"key":"Incense Burner"},{"floor":27,"key":"Thread and Needle"},{"floor":41,"key":"PreservedInsect"},{"floor":43,"key":"TeardropLocket"}],"event_choices":[{"damage_healed":0,"gold_gain":0,"player_choice":"Take Damage","damage_taken":18,"relics_obtained":["Golden Idol"],"max_hp_gain":0,"max_hp_loss":0,"event_name":"Golden Idol","floor":2,"gold_loss":0},{"damage_healed":0,"gold_gain":175,"player_choice":"AGREE","damage_taken":0,"max_hp_gain":0,"max_hp_loss":0,"event_name":"Liars Game","floor":4,"gold_loss":0,"cards_obtained":["Doubt"]},{"damage_healed":0,"gold_gain":75,"player_choice":"Gather Gold","damage_taken":11,"max_hp_gain":0,"max_hp_loss":0,"event_name":"World of Goop","floor":5,"gold_loss":0},{"damage_healed":0,"gold_gain":0,"player_choice":"Bought 1 Potion","damage_taken":0,"max_hp_gain":0,"max_hp_loss":0,"event_name":"The Woman in Blue","floor":11,"gold_loss":0},{"damage_healed":0,"gold_gain":99,"player_choice":"Stole From Cult","damage_taken":0,"max_hp_gain":0,"max_hp_loss":0,"event_name":"Nest","floor":21,"gold_loss":0},{"damage_healed":0,"gold_gain":0,"player_choice":"Fought Bandits","damage_taken":0,"max_hp_gain":0,"max_hp_loss":0,"event_name":"Masked Bandits","floor":22,"gold_loss":0},{"damage_healed":0,"gold_gain":0,"player_choice":"Obtained Relic","damage_taken":0,"relics_obtained":["Toy Ornithopter"],"max_hp_gain":0,"max_hp_loss":0,"event_name":"Addict","floor":29,"gold_loss":85},{"damage_healed":0,"gold_gain":0,"player_choice":"Became a vampire","damage_taken":0,"max_hp_gain":0,"max_hp_loss":22,"event_name":"Vampires","floor":30,"gold_loss":0,"cards_obtained":["Bite","Bite","Bite","Bite","Bite"]},{"cards_removed":["Collect"],"damage_healed":0,"gold_gain":0,"player_choice":"Purged","damage_taken":0,"max_hp_gain":0,"max_hp_loss":0,"event_name":"Purifier","floor":31,"gold_loss":0},{"cards_removed":["Defend_P"],"damage_healed":0,"gold_gain":0,"player_choice":"Removed Skill","damage_taken":0,"max_hp_gain":0,"max_hp_loss":0,"event_name":"Falling","floor":39,"gold_loss":0},{"damage_healed":0,"gold_gain":0,"player_choice":"Memory 1","damage_taken":0,"max_hp_gain":0,"max_hp_loss":0,"event_name":"SensoryStone","floor":44,"gold_loss":0},{"damage_healed":0,"gold_gain":333,"player_choice":"Gave Idol","damage_taken":0,"max_hp_gain":0,"max_hp_loss":0,"event_name":"The Moai Head","floor":46,"relics_lost":["Golden Idol"],"gold_loss":0}],"is_beta":false,"boss_relics":[{"not_picked":["SlaversCollar","Busted Crown"],"picked":"Fusion Hammer"},{"not_picked":["Empty Cage","Coffee Dripper"],"picked":"Runic Pyramid"}],"items_purged_floors":[19,38,48],"is_endless":false,"potions_floor_spawned":[1,8,12,23,27,35,45,47],"killed_by":"Shield and Spear","ascension_level":4}}