{"host":"mqhvlr3kpxebko0t","time":1608730152,"event":{"mods":["AchievementEnabler","BaseMod","Colored Map","Keyboard Shortcuts","Minty Spire (QoL Compilation)","StSLib","SuperFastMode"],"gold_per_floor":[116,191,31,31,56,89,89,114,165,165,190,209,244,144,144,144,144],"floor_reached":16,"playtime":217,"items_purged":["Strike_G","Strike_G"],"score":243,"play_id":"472da875-7281-429a-822f-1d0fc7fb06ad","local_time":"20201223222912","is_ascension_mode":true,"campfire_choices":[{"data":"Noxious Fumes","floor":7,"key":"SMITH"},{"data":"Dagger Spray","floor":10,"key":"SMITH"},{"data":"Neutralize","floor":15,"key":"SMITH"}],"circlet_count":0,"master_deck":["AscendersBane","Strike_G","Strike_G","Strike_G","Defend_G+1","Defend_G","Defend_G","Defend_G","Defend_G","Survivor+1","Neutralize+1","Noxious Fumes+1","Dagger Spray+1","Backflip","Escape Plan","Bane","Reflex"],"relics":["Ring of the Snake","NeowsBlessing","Golden Idol","War Paint","PreservedInsect","Darkstone Periapt"],"acts_visited":["Exordium"],"potions_floor_usage":[13],"damage_taken":[{"damage":0,"enemies":"Jaw Worm","floor":1,"turns":1},{"damage":0,"enemies":"Small Slimes","floor":5,"turns":1},{"damage":0,"enemies":"Lagavulin","floor":6,"turns":1},{"damage":4,"enemies":"2 Louse","floor":8,"turns":2},{"damage":5,"enemies":"Large Slime","floor":11,"turns":6},{"damage":4,"enemies":"Looter","floor":12,"turns":4},{"damage":12,"enemies":"Gremlin Nob","floor":13,"turns":4},{"damage":36,"enemies":"Hexaghost","floor":16,"turns":12}],"seed_played":"-6758157868147885145","potions_obtained":[{"floor":6,"key":"Regen Potion"}],"is_trial":false,"path_per_floor":["M","?","$","?","M","E","R","M","T","R","M","M","E","$","R","B"],"character_chosen":"THE_SILENT","items_purchased":["Noxious Fumes"],"campfire_rested":0,"item_purchase_floors":[3],"current_hp_per_floor":[59,48,48,48,48,48,48,44,44,44,39,35,35,35,35,0,0],"gold":144,"neow_bonus":"THREE_ENEMY_KILL","is_daily":false,"chose_seed":false,"campfire_upgraded":3,"win_rate":0.0,"timestamp":1608730152,"path_taken":["M","?","$","?","M","E","R","M","T","R","M","M","E","$","R","BOSS"],"items_purchased_type":["Card"],"build_version":"2020-12-22","purchased_purges":2,"victory":false,"max_hp_per_floor":[66,66,66,60,60,60,60,60,60,60,60,60,60,60,60,60,60],"card_choices":[{"not_picked":["Dodge and Roll","Predator","Prepared"],"picked":"SKIP","floor":1},{"not_picked":["PiercingWail","Catalyst"],"picked":"Dagger Spray","floor":5},{"not_picked":["Sucker Punch","Riddle With Holes"],"picked":"Backflip","floor":6},{"not_picked":["Prepared","Blade Dance"],"picked":"Escape Plan","floor":8},{"not_picked":["Concentrate","Eviscerate","Blur"],"picked":"SKIP","floor":11},{"not_picked":["Prepared","Flying Knee"],"picked":"Bane","floor":12},{"not_picked":["Dagger Throw","Eviscerate"],"picked":"Reflex","floor":13}],"player_experience":678876,"relics_obtained":[{"floor":6,"key":"War Paint"},{"floor":9,"key":"PreservedInsect"},{"floor":13,"key":"Darkstone Periapt"}],"event_choices":[{"damage_healed":0,"gold_gain":75,"player_choice":"Gather Gold","damage_taken":11,"max_hp_gain":0,"max_hp_loss":0,"event_name":"World of Goop","floor":2,"gold_loss":0},{"damage_healed":0,"gold_gain":0,"player_choice":"Lose Max HP","damage_taken":0,"relics_obtained":["Golden Idol"],"max_hp_gain":0,"max_hp_loss":6,"event_name":"Golden Idol","floor":4,"gold_loss":0}],"is_beta":false,"boss_relics":[],"items_purged_floors":[3,14],"is_endless":false,"potions_floor_spawned":[6],"killed_by":"Hexaghost","ascension_level":16}}