{"host":"fbjkyf8096sobcph","time":1608736554,"event":{"mods":["AchievementEnabler","Aspiration","Bard","BaseMod","Better Altar","Better Note","Better Sensory Stone","Better Skull","Better Third Choice","BetterRewards","CCEM","Clawfect","Colored Map","Conspire","Downfall","GifTheSpireLib","Halation","Highlight Path","Hubris","Infinite Spire","Jedi Mod","Jorbs\u0027s Wanderer Trilogy","Mimic Mod","Minty Spire (QoL Compilation)","Replay The Spire","Shop Mod","StSLib","Stuff the Spire","everything is the same but u backflip on backflip"],"gold_per_floor":[99,99,99,99,99,113,139,139,139,139,149,149,162,196,206,310,310,35,35,52,37,52,2,75,75,90,0,0,27,27,27,44,149,149,99,111,111,111,96,108,108,58,76,26,40,54,4,155,175,175,175,175],"floor_reached":50,"playtime":4979,"items_purged":["Pain"],"score":508,"play_id":"e1e3dbe3-285b-44af-8432-da4f00fd7b20","local_time":"20201223161554","is_ascension_mode":false,"campfire_choices":[{"floor":1,"key":"RECALL"},{"data":"Slimebound:DuplicatedForm","floor":18,"key":"SMITH"},{"data":"Slimebound:MassRepurpose","floor":23,"key":"SMITH"},{"data":"Slimebound:PrepareCrush","floor":30,"key":"SMITH"},{"data":"Slimebound:Grow","floor":35,"key":"SMITH"},{"data":"Slimebound:Replication","floor":42,"key":"SMITH"},{"data":"expansioncontent:DefensiveStance","floor":44,"key":"SMITH"},{"data":"Slimebound:CorrosiveSpit","floor":47,"key":"SMITH"}],"circlet_count":0,"master_deck":["Slimebound:Tackle","Slimebound:Defend_Slimebound","Slimebound:Defend_Slimebound","Slimebound:Defend_Slimebound","Slimebound:Defend_Slimebound","Slimebound:Split","Slimebound:CorrosiveSpit+1","Slimebound:ProtectTheBoss+1","Slimebound:LeadByExample","Slimebound:Replication+1","Slimebound:LevelUp","Slimebound:SlimeSpikes","Slimebound:SpikyOuterGoop","Slimebound:MassRepurpose+1","Slimebound:SpikyOuterGoop","Slimebound:DuplicatedForm+1","Slimebound:LevelUp","Slimebound:RejuvenatingLick","Slimebound:SplitBruiser","Slimebound:PrepareCrush+1","Slimebound:Prepare","Slimebound:Tackle+1","Slimebound:Tackle+1","Slimebound:Tackle+1","Slimebound:Gluttony","infinitespire:DeathsTouch","Slimebound:Grow+1","Slimebound:MinionMaster","Slimebound:LeechEnergy+1","expansioncontent:DefensiveStance+1","Replay:SS_forest_6","Slimebound:LeechingTouch","expansioncontent:DarkVoid+1","Slimebound:MassFeed","Slimebound:SamplingLick+1","expansioncontent:DonusPower+1","Slimebound:AcidTongue+1","Slimebound:SplitMire+1","Slimebound:Teamwork"],"relics":["Slimebound:AbsorbEndCombat","downfall:HeartsMalice","WarpedTongs","aspiration:Lifesprig","Slimebound:GreedOozeRelic","Singing Bowl","jedi:firstaidkit","aspiration:SecretTechniqueScroll","downfall:HeartBlessingGreen","downfall:HeartBlessingRed","downfall:HeartBlessingBlue","Quantum Egg","hubris:SphereOfDissonance","jedi:bottledfury","conspire:SeveredTorchhead","CCEMRelics:FestiveHat","StuffTheSpire:NeowsTribute"],"acts_visited":["Exordium","TheCity","TheBeyond"],"potions_floor_usage":[16,16,33,49,49,50],"damage_taken":[{"damage":0,"enemies":"Cultist","floor":2,"turns":1},{"damage":0,"enemies":"2 Louse","floor":3,"turns":1},{"damage":0,"enemies":"Small Slimes","floor":5,"turns":1},{"damage":11,"enemies":"3 Louse","floor":6,"turns":3},{"damage":27,"enemies":"Exordium Thugs","floor":11,"turns":4},{"damage":15,"enemies":"conspire:2 RoseBushes","floor":13,"turns":4},{"damage":26,"enemies":"Lagavulin","floor":14,"turns":6},{"damage":10,"enemies":"Blue Slaver","floor":15,"turns":3},{"damage":29,"enemies":"downfall:Ironclad","floor":16,"turns":7},{"damage":30,"enemies":"conspire:FuzzyDice","floor":20,"turns":5},{"damage":36,"enemies":"downfall:FleeingMerchant","floor":21,"turns":4},{"damage":54,"enemies":"3 Byrds","floor":22,"turns":4},{"damage":35,"enemies":"Sentry and Sphere","floor":26,"turns":5},{"damage":20,"enemies":"downfall:FleeingMerchant","floor":27,"turns":4},{"damage":40,"enemies":"conspire:SneckoGhost","floor":29,"turns":5},{"damage":16,"enemies":"Centurion and Healer","floor":32,"turns":2},{"damage":70,"enemies":"downfall:Watcher","floor":33,"turns":7},{"damage":57,"enemies":"3 Shapes","floor":36,"turns":4},{"damage":15,"enemies":"downfall:FleeingMerchant","floor":39,"turns":4},{"damage":29,"enemies":"3 Darklings","floor":40,"turns":4},{"damage":30,"enemies":"Maw","floor":43,"turns":7},{"damage":62,"enemies":"Jaw Worm Horde","floor":45,"turns":3},{"damage":51,"enemies":"Sphere and 2 Shapes","floor":46,"turns":6},{"damage":0,"enemies":"downfall:FleeingMerchant","floor":48,"turns":2},{"damage":64,"enemies":"Writhing Mass","floor":49,"turns":5},{"damage":106,"enemies":"downfall:Silent","floor":50,"turns":8}],"seed_played":"-5846483788083867730","potions_obtained":[{"floor":6,"key":"DuplicationPotion"},{"floor":11,"key":"Dexterity Potion"},{"floor":14,"key":"SkillPotion"},{"floor":16,"key":"jedi:wingpotion"},{"floor":22,"key":"champ:CounterPotion"},{"floor":29,"key":"Slimebound:SpawnSlimePotion"},{"floor":40,"key":"GamblersBrew"},{"floor":49,"key":"Explosive Potion"}],"is_trial":false,"path_per_floor":["R_BF","M","M","?","M","M","T","?","?","?","M","T","M","E","M","B",null,"R","?","M","$","M","R","T","?","M","$","?","E","R","AVR","M","B",null,"R","M","?","?","$","M","T","R","M","R","M","M","R","$","M","B"],"character_chosen":"SLIMEBOUND","items_purchased":["Slimebound:SplitMire+1","Slimebound:Teamwork"],"campfire_rested":0,"item_purchase_floors":[48,48],"current_hp_per_floor":[60,60,60,60,60,57,57,57,54,54,35,35,32,26,30,34,60,70,70,70,70,61,61,61,53,40,55,55,54,54,54,58,31,72,72,45,45,45,59,63,63,63,74,74,47,53,53,59,53,0,0,0],"gold":175,"neow_bonus":"THREE_ENEMY_KILL","is_daily":false,"chose_seed":false,"campfire_upgraded":7,"win_rate":0.0,"timestamp":1608736554,"path_taken":["R_BF","M","M","?","?","M","T","?","?","?","M","?","M","E","M","BOSS","R","?","M","$","M","R","T","?","M","?","?","E","R","AVR","M","BOSS","R","M","?","?","$","M","T","R","M","R","?","M","R","?","M","BOSS"],"items_purchased_type":["Card","Card"],"build_version":"2020-12-22","purchased_purges":1,"victory":false,"max_hp_per_floor":[60,60,60,60,60,60,60,60,60,60,60,60,60,60,60,60,60,70,70,70,70,70,70,70,70,70,72,72,72,72,72,72,72,72,72,72,72,72,72,72,72,72,74,74,82,82,82,84,86,86,86,86],"card_choices":[{"not_picked":["Slimebound:GoopTackle","Slimebound:Repurpose"],"picked":"Slimebound:ProtectTheBoss","floor":2},{"not_picked":["Slimebound:SplitMire","Slimebound:LeechingTouch"],"picked":"Slimebound:LeadByExample","floor":3},{"not_picked":["Slimebound:LeadByExample","Slimebound:RollThrough"],"picked":"Slimebound:Replication","floor":5},{"not_picked":["Slimebound:SplitLeeching","Slimebound:ItLooksTasty"],"picked":"Slimebound:LevelUp","floor":6},{"not_picked":["Slimebound:GoopSpray","Slimebound:SamplingLick"],"picked":"Slimebound:SlimeSpikes","floor":11},{"not_picked":["Slimebound:SamplingLick","Slimebound:ComboTackle"],"picked":"Slimebound:SpikyOuterGoop","floor":13},{"not_picked":["Slimebound:SplitBruiser","Slimebound:SlimeBrawl"],"picked":"Slimebound:MassRepurpose","floor":14},{"not_picked":["Slimebound:RollThrough","Slimebound:Schlurp"],"picked":"Slimebound:SpikyOuterGoop","floor":15},{"not_picked":["Slimebound:MinionMaster","Slimebound:MassRepurpose"],"picked":"Slimebound:DuplicatedForm","floor":16},{"not_picked":["Slimebound:SplitLeeching","Slimebound:FinishingTackle"],"picked":"Slimebound:LevelUp","floor":20},{"not_picked":["Slimebound:LeechEnergy","Slimebound:RollThrough"],"picked":"Slimebound:RejuvenatingLick","floor":21},{"not_picked":["Slimebound:TongueLash","Slimebound:Dissolve+1"],"picked":"Slimebound:SplitBruiser","floor":22},{"not_picked":["Slimebound:SamplingLick","Slimebound:SplitAcid"],"picked":"Slimebound:PrepareCrush","floor":25},{"not_picked":["Slimebound:FinishingTackle","Slimebound:BestDefense"],"picked":"Slimebound:Prepare","floor":26},{"not_picked":["Slimebound:SlimeBarrage","Slimebound:ComboTackle","Slimebound:SplitMire"],"picked":"Singing Bowl","floor":27},{"not_picked":["Slimebound:FinishingTackle","Slimebound:ForwardTackle"],"picked":"Slimebound:Gluttony","floor":29},{"not_picked":["Slimebound:FormOfPuddle+1","Slimebound:FinishingTackle+1"],"picked":"Slimebound:Grow","floor":32},{"not_picked":["Slimebound:MassRepurpose","Slimebound:MassFeed"],"picked":"Slimebound:MinionMaster","floor":33},{"not_picked":["Slimebound:ProtectTheBoss+1","Slimebound:LeechingTouch+1"],"picked":"Slimebound:LeechEnergy+1","floor":36},{"not_picked":["expansioncontent:LastStand","expansioncontent:Sear"],"picked":"expansioncontent:DefensiveStance","floor":37},{"not_picked":["Blind","Violence"],"picked":"Replay:SS_forest_6","floor":37},{"not_picked":["Slimebound:SplitBruiser+1","Slimebound:ViciousTackle+1"],"picked":"Slimebound:LeechingTouch","floor":39},{"not_picked":["Swift Strike+1","jedi:forcepush+1"],"picked":"expansioncontent:DarkVoid+1","floor":40},{"not_picked":["Slimebound:GrowthPunch+1","Slimebound:LevelUp"],"picked":"Slimebound:MassFeed","floor":40},{"not_picked":["The Bomb+1","Replay:BasicMightCard+1","jedi:LeechingStrike"],"picked":"Singing Bowl","floor":43},{"not_picked":["Slimebound:Repurpose+1","Slimebound:FirmFortitude"],"picked":"Slimebound:SamplingLick+1","floor":43},{"not_picked":["Trip+1","StuffTheSpire:FreeRealEstate+1"],"picked":"expansioncontent:DonusPower+1","floor":45},{"not_picked":["Slimebound:Schlurp+1","Slimebound:GoopSpray","Slimebound:SamplingLick"],"picked":"Singing Bowl","floor":45},{"not_picked":["Slimebound:SlimeSpikes+1","Slimebound:ItLooksTasty"],"picked":"Slimebound:AcidTongue+1","floor":46},{"not_picked":["Slimebound:GrowthPunch+1","Slimebound:ProtectTheBoss+1","Slimebound:ComboTackle+1"],"picked":"Singing Bowl","floor":48},{"not_picked":["Slimebound:LevelUp","Slimebound:SlimeBarrage+1","Slimebound:LeechEnergy+1"],"picked":"Singing Bowl","floor":49}],"player_experience":167687,"relics_obtained":[{"floor":7,"key":"aspiration:Lifesprig"},{"floor":14,"key":"jedi:firstaidkit"},{"floor":24,"key":"Quantum Egg"},{"floor":29,"key":"hubris:SphereOfDissonance"},{"floor":38,"key":"CCEMRelics:FestiveHat"},{"floor":41,"key":"StuffTheSpire:NeowsTribute"}],"event_choices":[{"damage_healed":0,"gold_gain":0,"player_choice":"Rummage","damage_taken":0,"relics_obtained":["WarpedTongs"],"max_hp_gain":0,"max_hp_loss":0,"event_name":"Accursed Blacksmith","floor":4,"gold_loss":0,"cards_obtained":["Pain"]},{"damage_healed":0,"gold_gain":0,"player_choice":"Success","damage_taken":3,"relics_obtained":["Singing Bowl"],"max_hp_gain":0,"max_hp_loss":0,"event_name":"Scrap Ooze","floor":9,"gold_loss":0},{"cards_removed":["Slimebound:Defend_Slimebound"],"damage_healed":0,"gold_gain":0,"player_choice":"Give","damage_taken":0,"max_hp_gain":0,"max_hp_loss":0,"event_name":"betterNote:BetterNote","floor":19,"gold_loss":0,"cards_obtained":["None"]},{"damage_healed":0,"gold_gain":3,"player_choice":"1","damage_taken":0,"max_hp_gain":0,"max_hp_loss":0,"event_name":"betterStone:BetterStone","floor":37,"gold_loss":0}],"is_beta":false,"boss_relics":[{"not_picked":["infinitespire:Cupcake","Astrolabe"],"picked":"aspiration:SecretTechniqueScroll"},{"not_picked":["halation:CatFaceCupcake","Replay:Drink Me"],"picked":"conspire:SeveredTorchhead"}],"items_purged_floors":[27],"is_endless":false,"potions_floor_spawned":[6,11,14,16,22,26,29,40,46,49],"killed_by":"downfall:Silent","ascension_level":0}}