{"host":"t4vqa88y94iqzvf0","time":1608761843,"event":{"mods":["Aspiration","BaseMod","Colored Map","Conspire","Downfall","Hermit","Hubris","Jorbs\u0027s Wanderer Trilogy","Koishi","Marisa????????","Minty Spire (QoL Compilation)","StSLib","Td1madao Mod","The Bug Knight","The Cursed","The Disciple","The Hierophant","The Necromancer","The Servant 0.9.4","slay the spire mod where everything is the same but ironclad has a cowboy hat"],"gold_per_floor":[114,40,40,61,77,77,108,108,108,108,148,217,217,58,58,189,189,205,245,265,364,387,387,410,428,451,451,464,464,464],"floor_reached":29,"playtime":3328,"items_purged":[],"score":233,"play_id":"9b63fc6d-5b41-4438-b2d9-13c3940550b1","local_time":"20201223171723","is_ascension_mode":false,"campfire_choices":[{"data":"White Noise","floor":6,"key":"SMITH"},{"floor":8,"key":"REST"},{"floor":13,"key":"REST"},{"floor":15,"key":"REST"},{"data":"Genetic Algorithm","floor":23,"key":"SMITH"},{"floor":27,"key":"REST"}],"circlet_count":0,"master_deck":["Strike_B","Strike_B","Strike_B","Strike_B","Defend_B","Defend_B","Defend_B","Defend_B","Zap","Dualcast","Go for the Eyes","White Noise+1","Beam Cell","Conserve Battery","All For One","conspire:Rain","Genetic Algorithm+1","Hello World","Coolheaded","Rip and Tear","Electrodynamics","Streamline","Redo","Barrage","Cold Snap","Gash","Barrage","Capacitor"],"relics":["Cracked Core","Golden Idol","conspire:DeflatedDodgeball","aspiration:HummingbirdHeart","StoneCalendar","hubris:TenFootPole","Inserter","aspiration:EnhancedActuators","Oddly Smooth Stone"],"acts_visited":["Exordium","TheCity"],"potions_floor_usage":[],"damage_taken":[{"damage":1,"enemies":"Cultist","floor":1,"turns":3},{"damage":0,"enemies":"Jaw Worm","floor":4,"turns":3},{"damage":6,"enemies":"2 Louse","floor":5,"turns":3},{"damage":45,"enemies":"3 Sentries","floor":7,"turns":9},{"damage":20,"enemies":"Lagavulin","floor":11,"turns":6},{"damage":21,"enemies":"3 Sentries","floor":12,"turns":7},{"damage":11,"enemies":"Hexaghost","floor":16,"turns":10},{"damage":0,"enemies":"Chosen","floor":18,"turns":5},{"damage":9,"enemies":"conspire:MimicChest","floor":19,"turns":7},{"damage":3,"enemies":"Shell Parasite","floor":20,"turns":6},{"damage":0,"enemies":"Snecko","floor":22,"turns":4},{"damage":19,"enemies":"Cultist and Chosen","floor":24,"turns":7},{"damage":31,"enemies":"3 Cultists","floor":25,"turns":7},{"damage":10,"enemies":"Centurion and Healer","floor":28,"turns":7},{"damage":32,"enemies":"Chosen and Byrds","floor":29,"turns":4}],"seed_played":"4904926678351905267","potions_obtained":[{"floor":1,"key":"AttackPotion"},{"floor":4,"key":"sneckomod:MuddlingPotion"},{"floor":12,"key":"EssenceOfSteel"},{"floor":20,"key":"Explosive Potion"}],"is_trial":false,"path_per_floor":["M","$","?","M","M","R","E","R","T","?","E","?","R","$","R","B",null,"M","?","M","?","M","R","M","M","T","R","M","M"],"character_chosen":"DEFECT","items_purchased":["White Noise","Hello World","Coolheaded","Rip and Tear"],"campfire_rested":4,"item_purchase_floors":[2,14,14,14],"current_hp_per_floor":[81,81,76,76,70,70,25,47,47,47,27,6,28,28,50,39,76,76,67,64,64,64,64,45,14,14,36,26,0,0],"gold":464,"neow_bonus":"TEN_PERCENT_HP_BONUS","is_daily":false,"chose_seed":false,"campfire_upgraded":2,"win_rate":0.0,"timestamp":1608761843,"path_taken":["M","?","?","M","M","R","E","R","T","?","E","?","R","$","R","BOSS","M","?","M","?","M","R","M","M","T","R","M","M"],"items_purchased_type":["Card","Card","Card","Card"],"build_version":"2020-12-22","purchased_purges":0,"victory":false,"max_hp_per_floor":[82,82,76,76,76,76,76,76,76,76,76,76,76,76,76,76,76,76,76,76,76,76,76,76,76,76,76,76,76,76],"card_choices":[{"not_picked":["Reprogram","Steam"],"picked":"Go for the Eyes","floor":1},{"not_picked":["Compile Driver","Redo"],"picked":"Beam Cell","floor":4},{"not_picked":["Sweeping Beam","Redo"],"picked":"Conserve Battery","floor":5},{"not_picked":["aspiration:Polymerization","Coolheaded"],"picked":"All For One","floor":7},{"not_picked":["Gash","Streamline"],"picked":"conspire:Rain","floor":11},{"not_picked":["Coolheaded","hubris:PowerSurge"],"picked":"Genetic Algorithm","floor":12},{"not_picked":["Seek","Biased Cognition"],"picked":"Electrodynamics","floor":16},{"not_picked":["hubris:PowerSurge","Capacitor"],"picked":"Streamline","floor":18},{"not_picked":["Ball Lightning","Cold Snap"],"picked":"Redo","floor":19},{"not_picked":["Static Discharge+1","Auto Shields+1"],"picked":"Barrage","floor":20},{"not_picked":["Hologram","Gash"],"picked":"Cold Snap","floor":22},{"not_picked":["White Noise","Chill"],"picked":"Gash","floor":24},{"not_picked":["conspire:Rain+1","Ball Lightning"],"picked":"Barrage","floor":25},{"not_picked":["Sweeping Beam","Steam"],"picked":"Capacitor","floor":28}],"player_experience":13603,"relics_obtained":[{"floor":7,"key":"conspire:DeflatedDodgeball"},{"floor":9,"key":"aspiration:HummingbirdHeart"},{"floor":11,"key":"StoneCalendar"},{"floor":12,"key":"hubris:TenFootPole"},{"floor":19,"key":"aspiration:EnhancedActuators"},{"floor":26,"key":"Oddly Smooth Stone"}],"event_choices":[{"damage_healed":0,"gold_gain":0,"player_choice":"Lose Max HP","damage_taken":0,"relics_obtained":["Golden Idol"],"max_hp_gain":0,"max_hp_loss":6,"event_name":"Golden Idol","floor":3,"gold_loss":0},{"damage_healed":0,"gold_gain":0,"player_choice":"Ignored","damage_taken":0,"max_hp_gain":0,"max_hp_loss":0,"event_name":"Liars Game","floor":10,"gold_loss":0},{"damage_healed":0,"gold_gain":30,"player_choice":"Searched \u00273\u0027 times","damage_taken":0,"max_hp_gain":0,"max_hp_loss":0,"event_name":"Dead Adventurer","floor":12,"gold_loss":0},{"damage_healed":0,"gold_gain":99,"player_choice":"Stole From Cult","damage_taken":0,"max_hp_gain":0,"max_hp_loss":0,"event_name":"Nest","floor":21,"gold_loss":0}],"is_beta":false,"boss_relics":[{"not_picked":["aspiration:Stellarator","Fusion Hammer"],"picked":"Inserter"}],"items_purged_floors":[],"is_endless":false,"potions_floor_spawned":[1,4,12,20,22,24,28],"killed_by":"Chosen and Byrds","ascension_level":0}}