{"host":"o7j6aatxjwpw1421","time":1608711477,"event":{"mods":["2.2 Compatiblity","BaseMod","Colored Map","DeckTracker","Highlight Path","Keyboard Shortcuts","Minty Spire (QoL Compilation)","Permanent Neow","Quick Restart","StSLib","SuperFastMode","everything is the same but u backflip on backflip"],"gold_per_floor":[15,15,26,39,49,49,59,73,96,108,142,160,160,180,180,285,285,300,300,314,326,326,326],"floor_reached":22,"playtime":1018,"items_purged":[],"score":291,"play_id":"f76bc5d8-eb3f-41ba-9d0d-7eb70e0bd7db","local_time":"20201223171757","is_ascension_mode":true,"campfire_choices":[{"data":"Pommel Strike","floor":6.0,"key":"SMITH"},{"data":"Fiend Fire","floor":15.0,"key":"SMITH"}],"circlet_count":0,"master_deck":["AscendersBane","Strike_R","Strike_R","Strike_R","Strike_R","Defend_R","Defend_R","Defend_R","Defend_R","Bash","Battle Trance","Shrug It Off","Pommel Strike+1","Fiend Fire+1","Wild Strike","Second Wind","Fire Breathing","Exhume","Shockwave","Sentinel+1"],"relics":["Burning Blood","Calipers","Red Skull","Blood Vial","Philosopher\u0027s Stone"],"acts_visited":["Exordium","TheCity"],"potions_floor_usage":[21],"damage_taken":[{"damage":7.0,"enemies":"Small Slimes","floor":1.0,"turns":4.0},{"damage":6.0,"enemies":"Cultist","floor":3.0,"turns":4.0},{"damage":6.0,"enemies":"Jaw Worm","floor":4.0,"turns":6.0},{"damage":9.0,"enemies":"Large Slime","floor":5.0,"turns":8.0},{"damage":5.0,"enemies":"Blue Slaver","floor":7.0,"turns":4.0},{"damage":0.0,"enemies":"Exordium Thugs","floor":8.0,"turns":3.0},{"damage":0.0,"enemies":"Looter","floor":10.0,"turns":2.0},{"damage":22.0,"enemies":"Gremlin Nob","floor":11.0,"turns":4.0},{"damage":0.0,"enemies":"Large Slime","floor":12.0,"turns":4.0},{"damage":15.0,"enemies":"Gremlin Gang","floor":14.0,"turns":4.0},{"damage":26.0,"enemies":"The Guardian","floor":16.0,"turns":9.0},{"damage":26,"enemies":"2 Thieves","floor":18,"turns":3},{"damage":8,"enemies":"Shell Parasite","floor":20,"turns":5},{"damage":10,"enemies":"Centurion and Healer","floor":21,"turns":5},{"damage":34,"enemies":"Sentry and Sphere","floor":22,"turns":5}],"seed_played":"5593307582501389900","potions_obtained":[{"floor":1.0,"key":"Block Potion"},{"floor":3.0,"key":"Weak Potion"},{"floor":7.0,"key":"ColorlessPotion"}],"is_trial":false,"path_per_floor":["M","?","M","M","M","R","M","M","T","M","E","M","?","M","R","B",null,"M","?","M","M","M"],"character_chosen":"IRONCLAD","items_purchased":[],"campfire_rested":0,"item_purchase_floors":[],"current_hp_per_floor":[71,71,71,71,68,68,69,75,75,80,64,72,77,70,70,52,77,59,59,59,57,25,25],"gold":326,"neow_bonus":"ONE_RARE_RELIC","is_daily":false,"chose_seed":false,"campfire_upgraded":2,"win_rate":0.0,"timestamp":1608711477,"path_taken":["M","?","M","M","M","R","M","?","T","M","E","M","?","M","R","BOSS","M","?","M","M","M"],"items_purchased_type":[],"build_version":"2020-12-22","purchased_purges":0,"victory":false,"max_hp_per_floor":[80,80,80,80,80,80,80,80,80,80,80,80,85,85,85,85,85,85,85,85,85,85,85],"card_choices":[{"not_picked":["Blood for Blood","Rampage","Burning Pact"],"picked":"SKIP","floor":1.0},{"not_picked":["Clash","Thunderclap"],"picked":"Battle Trance","floor":3.0},{"not_picked":["Body Slam","Headbutt"],"picked":"Shrug It Off","floor":4.0},{"not_picked":["Havoc","Heavy Blade"],"picked":"Pommel Strike","floor":5.0},{"not_picked":["Pummel","Warcry"],"picked":"Fiend Fire","floor":7.0},{"not_picked":["Warcry","Ghostly Armor"],"picked":"Wild Strike","floor":8.0},{"not_picked":["Searing Blow","Flame Barrier","Body Slam"],"picked":"SKIP","floor":10.0},{"not_picked":["Headbutt","Demon Form"],"picked":"Second Wind","floor":11.0},{"not_picked":["Searing Blow","Flex"],"picked":"Fire Breathing","floor":12.0},{"not_picked":["Dropkick","Armaments","Shrug It Off"],"picked":"SKIP","floor":14.0},{"not_picked":["Fiend Fire","Berserk"],"picked":"Exhume","floor":16.0},{"not_picked":["Body Slam","Infernal Blade+1"],"picked":"Shockwave","floor":18},{"not_picked":["Blood for Blood+1","Pommel Strike","Whirlwind"],"picked":"SKIP","floor":20},{"not_picked":["Headbutt+1","Body Slam"],"picked":"Sentinel+1","floor":21}],"player_experience":329321,"relics_obtained":[{"floor":9.0,"key":"Red Skull"},{"floor":11.0,"key":"Blood Vial"}],"event_choices":[{"cards_removed":["Strike_R"],"damage_healed":0.0,"max_hp_gain":0.0,"max_hp_loss":0.0,"gold_gain":0.0,"event_name":"Purifier","player_choice":"Purged","floor":2.0,"gold_loss":0.0,"damage_taken":0.0},{"damage_healed":0.0,"max_hp_gain":5.0,"max_hp_loss":0.0,"gold_gain":0.0,"event_name":"Big Fish","player_choice":"Donut","floor":13.0,"gold_loss":0.0,"damage_taken":0.0},{"damage_healed":0,"gold_gain":0,"player_choice":"Ignored","damage_taken":0,"max_hp_gain":0,"max_hp_loss":0,"event_name":"Vampires","floor":19,"gold_loss":0}],"is_beta":false,"boss_relics":[{"not_picked":["Runic Dome","Busted Crown"],"picked":"Philosopher\u0027s Stone"}],"items_purged_floors":[],"is_endless":false,"potions_floor_spawned":[1,3,7,11],"killed_by":"Sentry and Sphere","ascension_level":10}}