{"host":"Fun","time":1608733345,"event":{"mods":["BaseMod","Colored Map","Filter the Spire","Minty Spire (QoL Compilation)","Relic Stats","StSLib"],"gold_per_floor":[114,114,39,54,54,54,83,83,110,129,142,142,176,186,186,258,258,277,277,291,306,306,306,337,356,356,356,374,374,406,129,129,202,202,219,232,252,252,263,263,288,288,336,361,361,361,381,103,103,103],"floor_reached":51,"playtime":1945,"items_purged":["Strike_G","Strike_G","Masterful Stab+1"],"score":1265,"play_id":"5bb7283e-fe68-4a7b-b20d-e10726b2d7df","local_time":"20201223092225","is_ascension_mode":true,"campfire_choices":[{"data":"Dash","floor":6,"key":"SMITH"},{"data":"Sucker Punch","floor":8,"key":"SMITH"},{"data":"Dagger Spray","floor":12,"key":"SMITH"},{"data":"Bane","floor":15,"key":"SMITH"},{"floor":23,"key":"REST"},{"data":"Leg Sweep","floor":27,"key":"SMITH"},{"data":"Catalyst","floor":29,"key":"SMITH"},{"data":"Envenom","floor":32,"key":"SMITH"},{"data":"Blur","floor":40,"key":"SMITH"},{"floor":42,"key":"REST"},{"data":"Footwork","floor":45,"key":"SMITH"},{"data":"Footwork","floor":49,"key":"SMITH"}],"circlet_count":0,"master_deck":["AscendersBane","Defend_G","Defend_G","Defend_G+1","Defend_G+1","Defend_G","Survivor","Neutralize+1","Dash+1","Deadly Poison+1","Sucker Punch+1","Blade Dance","Dagger Spray+1","Bane+1","Blur+1","Envenom+1","Catalyst+1","PiercingWail","Catalyst","Leg Sweep+1","Dodge and Roll","Burst","Riddle With Holes+1","Burst+1","Blur+1","Blur","Backflip","Footwork+1","Dark Shackles","Footwork+1","Cloak And Dagger+1"],"relics":["Ring of the Snake","WarpedTongs","MealTicket","War Paint","Whetstone","Sozu","Eternal Feather","Mummified Hand","Meat on the Bone","Singing Bowl","Oddly Smooth Stone","Astrolabe","Shuriken","Smiling Mask","Girya","Orrery"],"acts_visited":["Exordium","TheCity","TheBeyond"],"potions_floor_usage":[25],"damage_taken":[{"damage":3,"enemies":"Small Slimes","floor":1,"turns":6},{"damage":0,"enemies":"Jaw Worm","floor":4,"turns":4},{"damage":14,"enemies":"3 Sentries","floor":7,"turns":9},{"damage":0,"enemies":"Cultist","floor":10,"turns":3},{"damage":0,"enemies":"Blue Slaver","floor":11,"turns":3},{"damage":2,"enemies":"Gremlin Nob","floor":13,"turns":4},{"damage":9,"enemies":"3 Louse","floor":14,"turns":3},{"damage":20,"enemies":"Slime Boss","floor":16,"turns":10},{"damage":4,"enemies":"Shell Parasite","floor":18,"turns":5},{"damage":0,"enemies":"Chosen","floor":20,"turns":4},{"damage":18,"enemies":"Snake Plant","floor":21,"turns":5},{"damage":17,"enemies":"Book of Stabbing","floor":24,"turns":5},{"damage":0,"enemies":"Shelled Parasite and Fungi","floor":25,"turns":6},{"damage":1,"enemies":"3 Cultists","floor":28,"turns":5},{"damage":34,"enemies":"Gremlin Leader","floor":30,"turns":7},{"damage":45,"enemies":"Collector","floor":33,"turns":9},{"damage":0,"enemies":"Orb Walker","floor":35,"turns":3},{"damage":2,"enemies":"3 Darklings","floor":36,"turns":10},{"damage":44,"enemies":"Transient","floor":37,"turns":5},{"damage":0,"enemies":"Writhing Mass","floor":39,"turns":7},{"damage":44,"enemies":"Reptomancer","floor":41,"turns":10},{"damage":0,"enemies":"Mind Bloom Boss Battle","floor":44,"turns":6},{"damage":4,"enemies":"Maw","floor":47,"turns":5},{"damage":11,"enemies":"Time Eater","floor":50,"turns":17}],"seed_played":"-199470660152642110","potions_obtained":[{"floor":1,"key":"GamblersBrew"},{"floor":10,"key":"BlessingOfTheForge"}],"is_trial":false,"path_per_floor":["M","?","$","M","?","R","E","R","T","M","M","R","E","M","R","B",null,"M","?","M","M","?","R","E","M","T","R","M","R","E","$","R","B",null,"M","M","M","?","M","R","E","R","T","?","R","?","M","$","R","B",null],"character_chosen":"THE_SILENT","items_purchased":["Oddly Smooth Stone","Dodge and Roll","Footwork","Orrery"],"campfire_rested":2,"item_purchase_floors":[31,31,48,48],"current_hp_per_floor":[56,61,61,61,61,61,47,47,47,47,47,47,45,36,36,16,57,53,53,53,35,35,68,51,51,51,63,62,71,39,54,66,33,63,63,61,31,31,45,60,28,66,66,66,77,71,69,91,91,80],"gold":103,"neow_bonus":"UPGRADE_CARD","is_daily":false,"chose_seed":false,"campfire_upgraded":10,"win_rate":0.0,"timestamp":1608733345,"path_taken":["M","?","$","M","?","R","E","R","T","M","?","R","E","M","R","BOSS","M","?","M","M","?","R","E","M","T","R","M","R","E","$","R","BOSS","M","M","M","?","M","R","E","R","T","?","R","?","M","$","R","BOSS"],"items_purchased_type":["Relic","Card","Card","Relic"],"build_version":"2020-12-18","purchased_purges":3,"victory":true,"max_hp_per_floor":[66,71,71,71,71,71,71,71,71,71,71,71,71,71,71,71,71,71,71,71,71,71,71,71,71,71,71,71,71,73,73,73,73,73,73,73,75,75,77,77,77,77,77,77,77,81,83,91,91,91],"relic_stats":{"Singing Bowl":20,"counters":[24,151],"Astrolabe":["Riddle With Holes","Masterful Stab","Burst"],"Eternal Feather":86,"Whetstone":["Strike_G","Strike_G"],"War Paint":["Defend_G","Defend_G"],"Smiling Mask":75,"WarpedTongs":[131],"Sozu":6,"Mummified Hand":[16],"Shuriken":[10],"MealTicket":29,"obtain_stats":[{"Girya":44,"Singing Bowl":30,"Astrolabe":34,"Oddly Smooth Stone":31,"Eternal Feather":19,"Whetstone":13,"War Paint":9,"Smiling Mask":43,"WarpedTongs":1,"Sozu":17,"Mummified Hand":24,"Shuriken":41,"Orrery":48,"MealTicket":7,"Ring of the Snake":0,"Meat on the Bone":26},{"Girya":22,"Singing Bowl":15,"Astrolabe":16,"Oddly Smooth Stone":15,"Eternal Feather":9,"Whetstone":6,"War Paint":3,"Smiling Mask":21,"WarpedTongs":1,"Sozu":8,"Mummified Hand":12,"Shuriken":21,"Orrery":23,"MealTicket":3,"Ring of the Snake":0,"Meat on the Bone":13},{"Girya":129,"Singing Bowl":79,"Astrolabe":88,"Oddly Smooth Stone":79,"Eternal Feather":47,"Whetstone":29,"War Paint":19,"Smiling Mask":123,"WarpedTongs":1,"Sozu":42,"Mummified Hand":61,"Shuriken":123,"Orrery":134,"MealTicket":19,"Ring of the Snake":0,"Meat on the Bone":67}],"Ring of the Snake":[48],"Meat on the Bone":48},"card_choices":[{"not_picked":["Poisoned Stab","Underhanded Strike"],"picked":"Dash","floor":1},{"not_picked":["Dodge and Roll","Distraction"],"picked":"Deadly Poison","floor":4},{"not_picked":["Outmaneuver","Skewer"],"picked":"Sucker Punch","floor":7},{"not_picked":["Caltrops","Slice"],"picked":"Blade Dance","floor":10},{"not_picked":["Dash","Expertise"],"picked":"Dagger Spray","floor":11},{"not_picked":["Bullet Time","Dagger Spray"],"picked":"Bane","floor":13},{"not_picked":["Bane","Underhanded Strike"],"picked":"Blur","floor":14},{"not_picked":["Bullet Time","Glass Knife"],"picked":"Envenom","floor":16},{"not_picked":["Bane","Poisoned Stab"],"picked":"Catalyst","floor":18},{"not_picked":["Deadly Poison","Outmaneuver+1","Dagger Spray"],"picked":"SKIP","floor":20},{"not_picked":["Flying Knee","Outmaneuver+1"],"picked":"PiercingWail","floor":21},{"not_picked":["Dagger Throw","Backstab","Flechettes"],"picked":"SKIP","floor":24},{"not_picked":["Phantasmal Killer","Catalyst+1"],"picked":"Leg Sweep","floor":25},{"not_picked":["Outmaneuver","Deflect","Dodge and Roll"],"picked":"SKIP","floor":28},{"not_picked":["Tools of the Trade","Backstab","Acrobatics"],"picked":"Singing Bowl","floor":30},{"not_picked":["Phantasmal Killer","Night Terror"],"picked":"Burst","floor":33},{"not_picked":["Reflex","Slice"],"picked":"Blur+1","floor":35},{"not_picked":["Dodge and Roll","Expertise+1"],"picked":"Blur","floor":36},{"not_picked":["Bane","PiercingWail","Dagger Spray"],"picked":"Singing Bowl","floor":37},{"not_picked":["Deflect","Outmaneuver","Bane"],"picked":"Singing Bowl","floor":39},{"not_picked":["Skewer+1","Slice"],"picked":"Backflip","floor":41},{"not_picked":["Tools of the Trade","PiercingWail"],"picked":"Footwork","floor":44},{"not_picked":["Deep Breath","Bandage Up"],"picked":"Dark Shackles","floor":46},{"not_picked":["Dramatic Entrance","Mayhem","Trip"],"picked":"Singing Bowl","floor":46},{"not_picked":["HandOfGreed","Impatience","Enlightenment"],"picked":"Singing Bowl","floor":46},{"not_picked":["Deflect","Quick Slash+1","Dodge and Roll"],"picked":"Singing Bowl","floor":47},{"not_picked":["Dagger Throw","Bane"],"picked":"Cloak And Dagger+1","floor":48},{"not_picked":["Infinite Blades","Flechettes","Endless Agony"],"picked":"Singing Bowl","floor":48},{"not_picked":["Reflex","Dagger Spray","Heel Hook"],"picked":"Singing Bowl","floor":48},{"not_picked":["Dagger Throw","Sucker Punch","Terror+1"],"picked":"Singing Bowl","floor":48},{"not_picked":["Expertise","Glass Knife","Quick Slash"],"picked":"Singing Bowl","floor":48}],"player_experience":102616,"relics_obtained":[{"floor":7,"key":"MealTicket"},{"floor":9,"key":"War Paint"},{"floor":13,"key":"Whetstone"},{"floor":24,"key":"Mummified Hand"},{"floor":26,"key":"Meat on the Bone"},{"floor":30,"key":"Singing Bowl"},{"floor":41,"key":"Shuriken"},{"floor":43,"key":"Smiling Mask"},{"floor":44,"key":"Girya"}],"event_choices":[{"damage_healed":0,"gold_gain":0,"player_choice":"Donut","damage_taken":0,"max_hp_gain":5,"max_hp_loss":0,"event_name":"Big Fish","floor":2,"gold_loss":0},{"damage_healed":0,"gold_gain":0,"player_choice":"Upgraded","damage_taken":0,"max_hp_gain":0,"max_hp_loss":0,"event_name":"Upgrade Shrine","floor":5,"gold_loss":0,"cards_upgraded":["Deadly Poison"]},{"damage_healed":0,"gold_gain":0,"player_choice":"Opened","damage_taken":0,"relics_obtained":["Eternal Feather"],"max_hp_gain":0,"max_hp_loss":0,"event_name":"The Mausoleum","floor":19,"gold_loss":0},{"damage_healed":0,"gold_gain":0,"player_choice":"Read","damage_taken":0,"max_hp_gain":0,"max_hp_loss":0,"event_name":"The Library","floor":22,"gold_loss":0,"cards_obtained":["Catalyst"]},{"damage_healed":0,"gold_gain":0,"player_choice":"Ignored","damage_taken":0,"max_hp_gain":0,"max_hp_loss":0,"event_name":"Mysterious Sphere","floor":38,"gold_loss":0},{"damage_healed":0,"gold_gain":0,"player_choice":"Fight","damage_taken":0,"max_hp_gain":0,"max_hp_loss":0,"event_name":"MindBloom","floor":44,"gold_loss":0},{"damage_healed":0,"gold_gain":0,"player_choice":"Memory 3","damage_taken":10,"max_hp_gain":0,"max_hp_loss":0,"event_name":"SensoryStone","floor":46,"gold_loss":0}],"is_beta":true,"boss_relics":[{"not_picked":["SacredBark","Velvet Choker"],"picked":"Sozu"},{"not_picked":["Tiny House","Pandora\u0027s Box"],"picked":"Astrolabe"}],"items_purged_floors":[3,31,48],"is_endless":false,"potions_floor_spawned":[1,10,13,16,18,28,33,36,39,44,47],"ascension_level":14}}