{"host":"dl7h25vjpuplx29g","time":1608738601,"event":{"mods":["BaseMod","Colored Map","Minty Spire (QoL Compilation)"],"gold_per_floor":[114,39,39,59,75,75,107,107,107,132,132,149,160,160,160,238,238,256,6,6,6,6,6,33,67,67,67,82,92,92,292,292,366,366,383,401,276,276,325,325,354,354,354,379,379,414,430,446,446,446,446,446,53,87,87],"floor_reached":56,"playtime":6090,"items_purged":["Defend_P","Strike_P","Doubt","Defend_P+1"],"score":1907,"play_id":"4e077fcb-6ec9-43a8-bef8-45bd01406f9c","local_time":"20201224005001","is_ascension_mode":true,"campfire_choices":[{"data":"Eruption","floor":6.0,"key":"SMITH"},{"floor":8.0,"key":"REST"},{"data":"Adaptation","floor":11.0,"key":"SMITH"},{"floor":15.0,"key":"REST"},{"floor":23.0,"key":"REST"},{"data":"MasterReality","floor":27.0,"key":"SMITH"},{"data":"TalkToTheHand","floor":32.0,"key":"SMITH"},{"data":"MentalFortress","floor":40.0,"key":"SMITH"},{"floor":42.0,"key":"REST"},{"floor":45.0,"key":"RECALL"},{"data":"Vigilance","floor":49.0,"key":"SMITH"},{"data":"DevaForm","floor":52.0,"key":"SMITH"}],"circlet_count":0,"master_deck":["AscendersBane","Strike_P+1","Strike_P+1","Defend_P+1","Eruption+1","Vigilance+1","EmptyFist","Adaptation+1","Halt","BowlingBash","EmptyFist","CrushJoints","Prostrate","DevaForm+1","Crescendo","CrushJoints","TalkToTheHand+1","MasterReality+1","MentalFortress+1","Swivel+1","Scrawl","FlurryOfBlows","Madness","Madness","EmptyBody+1","Tantrum+1","FearNoEvil"],"relics":["SlaversCollar","Gambling Chip","CloakClasp","Bird Faced Urn","Anchor","Cursed Key","War Paint","Regal Pillow","Nilry\u0027s Codex","MealTicket","Runic Pyramid","TungstenRod","Lantern","Torii","Orichalcum","Medical Kit","TeardropLocket"],"acts_visited":["Exordium","TheCity","TheBeyond","TheEnding"],"potions_floor_usage":[55,55],"damage_taken":[{"damage":15.0,"enemies":"Jaw Worm","floor":1.0,"turns":4.0},{"damage":0.0,"enemies":"2 Louse","floor":4.0,"turns":2.0},{"damage":0.0,"enemies":"Small Slimes","floor":5.0,"turns":4.0},{"damage":16.0,"enemies":"3 Sentries","floor":7.0,"turns":6.0},{"damage":0.0,"enemies":"Gremlin Nob","floor":10.0,"turns":2.0},{"damage":6.0,"enemies":"2 Fungi Beasts","floor":12.0,"turns":2.0},{"damage":12.0,"enemies":"Looter","floor":13.0,"turns":3.0},{"damage":15.0,"enemies":"The Guardian","floor":16.0,"turns":8.0},{"damage":23.0,"enemies":"Spheric Guardian","floor":18.0,"turns":4.0},{"damage":15.0,"enemies":"Book of Stabbing","floor":25.0,"turns":5.0},{"damage":3.0,"enemies":"Shell Parasite","floor":28.0,"turns":4.0},{"damage":10.0,"enemies":"Centurion and Healer","floor":29.0,"turns":6.0},{"damage":71.0,"enemies":"Collector","floor":33.0,"turns":14.0},{"damage":7.0,"enemies":"Orb Walker","floor":35.0,"turns":4.0},{"damage":2.0,"enemies":"3 Shapes","floor":36.0,"turns":4.0},{"damage":18.0,"enemies":"2 Orb Walkers","floor":39.0,"turns":6.0},{"damage":35.0,"enemies":"Reptomancer","floor":41.0,"turns":6.0},{"damage":0.0,"enemies":"Mind Bloom Boss Battle","floor":44.0,"turns":5.0},{"damage":0.0,"enemies":"Giant Head","floor":46.0,"turns":6.0},{"damage":15.0,"enemies":"Maw","floor":47.0,"turns":7.0},{"damage":0.0,"enemies":"Spire Growth","floor":48.0,"turns":4.0},{"damage":0.0,"enemies":"Awakened One","floor":50.0,"turns":10.0},{"damage":34,"enemies":"Shield and Spear","floor":54,"turns":9},{"damage":1,"enemies":"The Heart","floor":55,"turns":9}],"seed_played":"-7873590722481763458","potions_obtained":[{"floor":4.0,"key":"CultistPotion"},{"floor":5.0,"key":"Ancient Potion"},{"floor":7.0,"key":"DuplicationPotion"},{"floor":13.0,"key":"Regen Potion"},{"floor":18.0,"key":"SkillPotion"},{"floor":28.0,"key":"SpeedPotion"},{"floor":29.0,"key":"PowerPotion"},{"floor":36.0,"key":"Block Potion"},{"floor":39.0,"key":"SkillPotion"},{"floor":47.0,"key":"Explosive Potion"},{"floor":54,"key":"DistilledChaos"}],"is_trial":false,"path_per_floor":["M","$","?","M","M","R","E","R","T","E","R","M","M","?","R","B",null,"M","$","?","?","?","R","T","E","T","R","M","M","$","?","R","B",null,"M","M","$","?","?","R","E","R","T","?","R","E","M","M","R","B",null,"R","$","E","B",null],"character_chosen":"WATCHER","items_purchased":["War Paint","Medical Kit","FearNoEvil","SkillPotion"],"campfire_rested":4,"item_purchase_floors":[19,53,53,53],"current_hp_per_floor":[50,50,36,36,36,36,20,41,41,41,41,37,27,2,23,15,58,39,39,39,23,23,59,59,48,48,48,51,49,64,64,64,7,56,55,59,72,63,51,51,26,62,62,72,72,72,59,63,63,69,71,71,72,40,49],"gold":87,"neow_bonus":"BOSS_RELIC","is_daily":false,"chose_seed":false,"campfire_upgraded":7,"win_rate":0.0,"timestamp":1608738601,"path_taken":["M","$","?","M","M","R","E","R","T","E","R","M","M","?","R","BOSS","M","$","?","?","?","R","?","E","T","R","M","M","$","?","R","BOSS","M","M","$","?","?","R","E","R","T","?","R","E","M","M","R","BOSS","R","$","E","BOSS"],"items_purchased_type":["Relic","Relic","Card","Potion"],"build_version":"2020-12-22","purchased_purges":4,"victory":true,"max_hp_per_floor":[72,72,72,72,72,72,72,72,72,72,72,72,72,72,72,72,72,72,72,72,72,72,72,72,72,72,72,72,72,72,72,72,72,72,72,72,72,72,72,72,72,72,72,72,72,72,72,72,72,72,72,72,72,72,72],"card_choices":[{"not_picked":["Halt","Evaluate"],"picked":"EmptyFist","floor":1.0},{"not_picked":["WreathOfFlame","Halt"],"picked":"Adaptation","floor":4.0},{"not_picked":["Crescendo","ClearTheMind"],"picked":"Halt","floor":5.0},{"not_picked":["ConjureBlade","CarveReality"],"picked":"BowlingBash","floor":7.0},{"not_picked":["Worship","PathToVictory"],"picked":"EmptyFist","floor":10.0},{"not_picked":["FlyingSleeves","Worship"],"picked":"CrushJoints","floor":12.0},{"not_picked":["FollowUp","Nirvana"],"picked":"Prostrate","floor":13.0},{"not_picked":["Devotion","ConjureBlade"],"picked":"DevaForm","floor":16.0},{"not_picked":["FollowUp","WindmillStrike"],"picked":"Crescendo","floor":18.0},{"not_picked":["Evaluate+1","Consecrate"],"picked":"MasterReality","floor":25.0},{"not_picked":["EmptyFist","SashWhip"],"picked":"MentalFortress","floor":28.0},{"not_picked":["CarveReality","FollowUp+1"],"picked":"Swivel+1","floor":29.0},{"not_picked":["Alpha","Blasphemy"],"picked":"Scrawl","floor":33.0},{"not_picked":["Adaptation","Weave"],"picked":"FlurryOfBlows","floor":35.0},{"not_picked":["FollowUp","ClearTheMind","Crescendo"],"picked":"SKIP","floor":36.0},{"not_picked":["Swivel","Adaptation+1"],"picked":"EmptyBody+1","floor":39.0},{"not_picked":["Halt","Conclude+1"],"picked":"Tantrum+1","floor":41.0},{"not_picked":["SashWhip","Sanctity","Pray+1"],"picked":"SKIP","floor":46.0},{"not_picked":["Wallop","Halt","Pray"],"picked":"SKIP","floor":47.0},{"not_picked":["Prostrate","Halt","EmptyFist+1"],"picked":"SKIP","floor":48.0},{"not_picked":["Nirvana","Crescendo","SignatureMove"],"picked":"SKIP","floor":54}],"player_experience":1165259,"relics_obtained":[{"floor":7.0,"key":"Gambling Chip"},{"floor":9.0,"key":"CloakClasp"},{"floor":10.0,"key":"Bird Faced Urn"},{"floor":21.0,"key":"Nilry\u0027s Codex"},{"floor":25.0,"key":"MealTicket"},{"floor":39.0,"key":"TungstenRod"},{"floor":41.0,"key":"Lantern"},{"floor":44.0,"key":"Torii"},{"floor":46.0,"key":"Orichalcum"},{"floor":54,"key":"TeardropLocket"}],"event_choices":[{"damage_healed":0.0,"max_hp_gain":0.0,"max_hp_loss":0.0,"gold_gain":0.0,"event_name":"Shining Light","player_choice":"Entered Light","floor":3.0,"gold_loss":0.0,"damage_taken":14.0,"cards_upgraded":["Strike_P","Strike_P"]},{"damage_healed":0.0,"max_hp_gain":0.0,"max_hp_loss":0.0,"gold_gain":0.0,"event_name":"Scrap Ooze","player_choice":"Success","floor":14.0,"gold_loss":0.0,"damage_taken":25.0,"relics_obtained":["Anchor"]},{"damage_healed":0.0,"max_hp_gain":0.0,"max_hp_loss":0.0,"gold_gain":0.0,"event_name":"The Mausoleum","player_choice":"Opened","floor":20.0,"gold_loss":0.0,"damage_taken":0.0,"relics_obtained":["Regal Pillow"]},{"damage_healed":0.0,"max_hp_gain":0.0,"max_hp_loss":0.0,"gold_gain":0.0,"event_name":"Cursed Tome","player_choice":"Obtained Book","floor":21.0,"gold_loss":0.0,"damage_taken":16.0},{"damage_healed":0.0,"max_hp_gain":0.0,"max_hp_loss":0.0,"gold_gain":0.0,"cards_transformed":["Strike_P","Defend_P"],"event_name":"Drug Dealer","player_choice":"Became Test Subject","floor":22.0,"gold_loss":0.0,"damage_taken":0.0,"cards_obtained":["CrushJoints","TalkToTheHand"]},{"damage_healed":0.0,"max_hp_gain":0.0,"max_hp_loss":0.0,"gold_gain":250.0,"event_name":"The Joust","player_choice":"Bet on Owner","floor":31.0,"gold_loss":50.0,"damage_taken":0.0},{"damage_healed":0.0,"max_hp_gain":0.0,"max_hp_loss":0.0,"gold_gain":0.0,"event_name":"Winding Halls","player_choice":"Embrace Madness","floor":38.0,"gold_loss":0.0,"damage_taken":9.0,"cards_obtained":["Madness","Madness"]},{"damage_healed":0.0,"max_hp_gain":0.0,"max_hp_loss":0.0,"gold_gain":0.0,"event_name":"Mysterious Sphere","player_choice":"Fight","floor":39.0,"gold_loss":0.0,"damage_taken":0.0},{"damage_healed":0.0,"max_hp_gain":0.0,"max_hp_loss":0.0,"gold_gain":0.0,"event_name":"MindBloom","player_choice":"Fight","floor":44.0,"gold_loss":0.0,"damage_taken":0.0}],"is_beta":false,"boss_relics":[{"not_picked":["Empty Cage","Philosopher\u0027s Stone"],"picked":"Cursed Key"},{"not_picked":["Pandora\u0027s Box","Sozu"],"picked":"Runic Pyramid"}],"items_purged_floors":[2,19,37,53],"is_endless":false,"potions_floor_spawned":[4,5,7,13,18,28,29,36,39,47,54],"ascension_level":13}}