{"host":"c8fb54zqeuygi2gg","time":1608715714,"event":{"mods":["BaseMod","Downfall","Minty Spire (QoL Compilation)","StSLib"],"gold_per_floor":[99,111,122,140,240,260,332,352,352,352,352,352,365,109,127,224,224,224,241,91,91,34,86,86,97,22,39,56,56,56],"floor_reached":28,"playtime":1775,"items_purged":["Regret"],"score":212,"play_id":"65d7815d-bb3f-4d1e-b512-87f7221f43ee","local_time":"20201223042834","is_ascension_mode":false,"campfire_choices":[{"data":"champ:HoldFirm","floor":1,"key":"SMITH"},{"data":"champ:Duel","floor":9,"key":"SMITH"},{"data":"champ:MurderStrike","floor":11,"key":"SMITH"},{"floor":18,"key":"RECALL"},{"floor":26,"key":"REST"}],"circlet_count":0,"master_deck":["champ:Execute","champ:Taunt+1","champ:DeathBlow","champ:Duel+1","champ:MurderStrike+1","champ:HoldFirm+1","champ:ShieldSlam","champ:DefensiveShout","champ:GladiatorStyle","champ:CrownThrow+1","champ:IronFortress+1","champ:GladiatorsShout","champ:ViciousMockery","champ:StanceDance","champ:EnragedBash","champ:FaceSlap","expansioncontent:Chronoboost","champ:ArenaPreparation","champ:Improvising","champ:FanOfKnives","Ghostly","champ:Haymaker","champ:Shatter","champ:GladiatorStyle"],"relics":["Pandora\u0027s Box","The Courier","Fusion Hammer","Oddly Smooth Stone","downfall:HeartBlessingRed"],"acts_visited":["Exordium","TheCity"],"potions_floor_usage":[15,16],"damage_taken":[{"damage":0,"enemies":"Small Slimes","floor":2,"turns":5},{"damage":0,"enemies":"Cultist","floor":3,"turns":3},{"damage":13,"enemies":"2 Louse","floor":4,"turns":2},{"damage":5,"enemies":"Blue Slaver","floor":6,"turns":4},{"damage":2,"enemies":"Exordium Wildlife","floor":8,"turns":6},{"damage":28,"enemies":"Exordium Thugs","floor":13,"turns":4},{"damage":24,"enemies":"downfall:FleeingMerchant","floor":14,"turns":4},{"damage":17,"enemies":"Large Slime","floor":15,"turns":5},{"damage":25,"enemies":"downfall:Watcher","floor":16,"turns":8},{"damage":13,"enemies":"Spheric Guardian","floor":19,"turns":4},{"damage":46,"enemies":"downfall:FleeingMerchant","floor":22,"turns":4},{"damage":8,"enemies":"3 Cultists","floor":25,"turns":4},{"damage":21,"enemies":"Shelled Parasite and Fungi","floor":27,"turns":4},{"damage":35,"enemies":"Centurion and Healer","floor":28,"turns":5}],"seed_played":"6901024594760517311","potions_obtained":[{"floor":4,"key":"Swift Potion"},{"floor":8,"key":"FearPotion"},{"floor":15,"key":"CultistPotion"},{"floor":25,"key":"SteroidPotion"}],"is_trial":false,"path_per_floor":["R","M","M","M","?","M","T","M","R","?","R","?","M","$","M","B",null,"R","M","?","?","$","T","T","M","R","M","M"],"character_chosen":"THE_CHAMP","items_purchased":["champ:FaceSlap","Block Potion","expansioncontent:Chronoboost","Dexterity Potion"],"campfire_rested":1,"item_purchase_floors":[14,14,14,22],"current_hp_per_floor":[90,90,90,77,77,77,77,75,75,75,75,75,57,39,27,7,90,90,90,90,72,57,57,57,57,85,77,60,60,60],"gold":56,"neow_bonus":"BOSS_RELIC","is_daily":false,"chose_seed":false,"campfire_upgraded":3,"win_rate":0.0,"timestamp":1608715714,"path_taken":["R","M","M","M","?","M","T","?","R","?","R","?","M","$","M","BOSS","R","M","?","?","$","?","T","M","R","?","M"],"items_purchased_type":["Card","Potion","Card","Potion"],"build_version":"2020-12-22","purchased_purges":1,"victory":false,"max_hp_per_floor":[90,90,90,90,90,90,90,90,90,90,90,90,90,90,90,90,90,90,90,90,95,95,95,95,95,95,95,95,95,95],"card_choices":[{"not_picked":["champ:AdrenalArmor","champ:PerfectedStrike"],"picked":"champ:IronFortress","floor":2},{"not_picked":["champ:BladeFlurry","champ:FanOfKnives"],"picked":"champ:GladiatorsShout","floor":3},{"not_picked":["champ:Encircle","champ:DefensiveStyle","champ:ShieldWall"],"picked":"SKIP","floor":4},{"not_picked":["champ:DefensiveShout","champ:Encircle","champ:AdrenalArmor"],"picked":"SKIP","floor":6},{"not_picked":["champ:BladeFlurry","champ:ArenaPreparation"],"picked":"champ:ViciousMockery","floor":8},{"not_picked":["champ:BerserkersShout","champ:TornadoPunch"],"picked":"champ:StanceDance","floor":13},{"not_picked":["champ:IgnorePain","champ:ShieldThrow"],"picked":"champ:EnragedBash","floor":14},{"not_picked":["champ:TornadoPunch","champ:BerserkersShout"],"picked":"champ:ArenaPreparation","floor":15},{"not_picked":["champ:MurderStrike","champ:ShieldThrow"],"picked":"champ:Improvising","floor":16},{"not_picked":["champ:Backstep","champ:AdrenalArmor+1"],"picked":"champ:FanOfKnives","floor":19},{"not_picked":["champ:DancingMaster","champ:PerfectedStrike"],"picked":"champ:Haymaker","floor":22},{"not_picked":["champ:FightOn","champ:DefensiveShout"],"picked":"champ:Shatter","floor":25},{"not_picked":["champ:HeartStrike+1","champ:RecklessLeap"],"picked":"champ:GladiatorStyle","floor":27},{"not_picked":["champ:Shatter","champ:ArenaPreparation","champ:CrookedStrike"],"picked":"SKIP","floor":28}],"player_experience":184612,"relics_obtained":[{"floor":7,"key":"The Courier"},{"floor":23,"key":"Oddly Smooth Stone"}],"event_choices":[],"is_beta":false,"boss_relics":[{"not_picked":["Astrolabe","SacredBark"],"picked":"Fusion Hammer"}],"items_purged_floors":[14],"is_endless":false,"potions_floor_spawned":[4,8,15,25,27],"killed_by":"Centurion and Healer","ascension_level":0}}