{"host":"9pqy5lt7vda52ebm","time":1608748459,"event":{"mods":["BaseMod","Minty Spire (QoL Compilation)","Optimize The Spire","Quick Restart","StSLib","The Marked"],"gold_per_floor":[113,113,131,144,156,156,191,266,266,276,295,295,295,74,74,173,173,189,239,258,272,288,288,288,288],"floor_reached":24,"playtime":4288,"items_purged":["theMarked:Strike"],"score":260,"play_id":"377dc081-c367-423d-969b-c3ef4cac0876","local_time":"20201223133419","is_ascension_mode":true,"campfire_choices":[{"data":"theMarked:SoldierOfQuellstein","floor":6.0,"key":"SMITH"},{"floor":12.0,"key":"REST"},{"data":"theMarked:EternalStudent","floor":15,"key":"SMITH"},{"data":"theMarked:EnhanceMovement","floor":23,"key":"SMITH"}],"circlet_count":0,"master_deck":["theMarked:Strike","theMarked:Strike","theMarked:Strike","theMarked:Defend","theMarked:Defend","theMarked:Defend","theMarked:Defend","theMarked:SoldierOfQuellstein+1","theMarked:TakeCover","theMarked:WardOff","theMarked:ResourceFulStrike+1","theMarked:SwordAndMagic+1","theMarked:MysticalArsenal","theMarked:ResourceFulStrike","theMarked:EternalStudent+1","theMarked:EnhanceMovement+1","theMarked:CreepingChasm","theMarked:Challenge","theMarked:BanishingWave+1","theMarked:TwofoldDefense","theMarked:WardOff+1"],"relics":["theMarked:ArtifactOfAir","Whetstone","Orichalcum","The Courier","Sozu"],"acts_visited":["Exordium","TheCity"],"potions_floor_usage":[20,24],"damage_taken":[{"damage":3.0,"enemies":"Small Slimes","floor":1.0,"turns":4.0},{"damage":0.0,"enemies":"2 Louse","floor":3.0,"turns":3.0},{"damage":1.0,"enemies":"Cultist","floor":4.0,"turns":3.0},{"damage":16.0,"enemies":"Lots of Slimes","floor":5.0,"turns":3.0},{"damage":12.0,"enemies":"Gremlin Nob","floor":7.0,"turns":4.0},{"damage":14.0,"enemies":"Exordium Wildlife","floor":10.0,"turns":4.0},{"damage":3.0,"enemies":"Exordium Thugs","floor":11.0,"turns":3.0},{"damage":17,"enemies":"Hexaghost","floor":16,"turns":7},{"damage":1,"enemies":"Shell Parasite","floor":18,"turns":5},{"damage":13,"enemies":"3 Byrds","floor":20,"turns":4},{"damage":0,"enemies":"3 Cultists","floor":21,"turns":4},{"damage":24,"enemies":"Shelled Parasite and Fungi","floor":22,"turns":4},{"damage":22,"enemies":"Slavers","floor":24,"turns":4}],"seed_played":"-4248367188532554497","potions_obtained":[{"floor":1.0,"key":"Weak Potion"},{"floor":4.0,"key":"FearPotion"},{"floor":10.0,"key":"Dexterity Potion"},{"floor":11.0,"key":"Ancient Potion"}],"is_trial":false,"path_per_floor":["M","?","M","M","M","R","E","?","T","M","M","R","?","$","R","B",null,"M","?","M","M","M","R","E"],"character_chosen":"THE_DEFAULT","items_purchased":["theMarked:EnhanceMovement","Energy Potion","theMarked:CreepingChasm"],"campfire_rested":1,"item_purchase_floors":[14,14,14],"current_hp_per_floor":[60,60,60,59,43,43,31,20,20,6,3,24,24,24,24,7,54,53,53,40,40,16,16,0,0],"gold":288,"neow_bonus":"TRANSFORM_CARD","is_daily":false,"chose_seed":false,"campfire_upgraded":3,"win_rate":0.0,"timestamp":1608748459,"path_taken":["M","?","M","M","M","R","E","?","T","M","M","R","?","$","R","BOSS","M","?","M","?","M","R","E"],"items_purchased_type":["Card","Potion","Card"],"build_version":"2020-12-22","purchased_purges":1,"victory":false,"max_hp_per_floor":[70,70,70,70,70,70,70,70,70,70,70,70,70,70,70,70,70,70,70,70,70,70,70,70,70],"card_choices":[{"not_picked":["theMarked:CreepingChasm","theMarked:RepellingDischarge"],"picked":"theMarked:WardOff","floor":1.0},{"not_picked":["theMarked:ElectricStrings","theMarked:WastefulDefense"],"picked":"theMarked:ResourceFulStrike","floor":3.0},{"not_picked":["theMarked:ComboAttacks","theMarked:TakeCover"],"picked":"theMarked:SwordAndMagic","floor":4.0},{"not_picked":["theMarked:Overcharge","theMarked:HeightenedSenses"],"picked":"theMarked:MysticalArsenal","floor":5.0},{"not_picked":["theMarked:WardOff","theMarked:BanishingStrike"],"picked":"theMarked:ResourceFulStrike","floor":7.0},{"not_picked":["theMarked:BanishingStrike","theMarked:Frustration"],"picked":"theMarked:EternalStudent","floor":10.0},{"not_picked":["theMarked:ParalyzingBlade","theMarked:Seal","theMarked:EmpowerWeapon"],"picked":"SKIP","floor":11.0},{"not_picked":["theMarked:Defy","theMarked:DispelDoubt"],"picked":"theMarked:Challenge","floor":16},{"not_picked":["theMarked:ParalyzingBlade","theMarked:HeightenedSenses"],"picked":"theMarked:BanishingWave+1","floor":18},{"not_picked":["theMarked:LightningStrikesTwice+1","theMarked:Static","theMarked:ChainLightning+1"],"picked":"SKIP","floor":20},{"not_picked":["theMarked:Electrify","theMarked:MaelstromOfLightning"],"picked":"theMarked:TwofoldDefense","floor":21},{"not_picked":["theMarked:DeterminationOfTheMarked","theMarked:Electrocute"],"picked":"theMarked:WardOff+1","floor":22}],"player_experience":378961,"relics_obtained":[{"floor":7.0,"key":"Whetstone"},{"floor":9.0,"key":"Orichalcum"}],"event_choices":[{"damage_healed":0.0,"max_hp_gain":0.0,"max_hp_loss":0.0,"gold_gain":0.0,"event_name":"Liars Game","player_choice":"Ignored","floor":2.0,"gold_loss":0.0,"damage_taken":0.0},{"damage_healed":0.0,"max_hp_gain":0.0,"max_hp_loss":0.0,"gold_gain":75.0,"event_name":"World of Goop","player_choice":"Gather Gold","floor":8.0,"gold_loss":0.0,"damage_taken":11.0},{"damage_healed":0.0,"max_hp_gain":0.0,"max_hp_loss":0.0,"gold_gain":0.0,"event_name":"Dead Adventurer","player_choice":"Searched \u00271\u0027 times","floor":13.0,"gold_loss":0.0,"damage_taken":0.0,"relics_obtained":["The Courier"]},{"damage_healed":0,"gold_gain":100,"player_choice":"Bet on Murderer","damage_taken":0,"max_hp_gain":0,"max_hp_loss":0,"event_name":"The Joust","floor":19,"gold_loss":50}],"is_beta":false,"boss_relics":[{"not_picked":["Fusion Hammer","Coffee Dripper"],"picked":"Sozu"}],"items_purged_floors":[14],"is_endless":false,"potions_floor_spawned":[1,4,10,11,16,18,21],"killed_by":"Slavers","ascension_level":6}}