{"host":"l0047jjvlunvhvbu","time":1608749284,"event":{"mods":["BaseMod","Colored Map","Colored Powertips","GifTheSpireLib","Minty Spire (QoL Compilation)","Permanent Neow","Quick Restart","StSLib"],"gold_per_floor":[113,188,138,156,156,187,205,225,225,250,250,55,65,98,98,193,193,208,222,222,233,233,258,258],"floor_reached":23,"playtime":1448,"items_purged":[],"score":313,"play_id":"b02efcba-e06e-4733-887c-5adb621bde9e","local_time":"20201223194804","is_ascension_mode":true,"campfire_choices":[{"data":"Collect","floor":11.0,"key":"SMITH"},{"floor":15.0,"key":"REST"}],"circlet_count":0,"master_deck":["Eruption+1","Vigilance+1","CrushJoints","Collect+1","Fasting2","Collect","SashWhip+1","Alpha+1","LessonLearned+1","Collect","DeusExMachina","CarveReality+1","Crescendo","Scrawl","Wish","Crescendo","ReachHeaven+1","Fasting2"],"relics":["PureWater","NeowsBlessing","War Paint","Whetstone","InkBottle","Happy Flower","Molten Egg 2","Pandora\u0027s Box"],"acts_visited":["Exordium","TheCity"],"potions_floor_usage":[23],"damage_taken":[{"damage":0.0,"enemies":"Cultist","floor":1.0,"turns":1.0},{"damage":0.0,"enemies":"Small Slimes","floor":4.0,"turns":1.0},{"damage":0.0,"enemies":"Gremlin Nob","floor":6.0,"turns":1.0},{"damage":0.0,"enemies":"2 Louse","floor":7.0,"turns":2.0},{"damage":1.0,"enemies":"2 Fungi Beasts","floor":8.0,"turns":3.0},{"damage":42.0,"enemies":"3 Sentries","floor":10.0,"turns":10.0},{"damage":0.0,"enemies":"Red Slaver","floor":13.0,"turns":4.0},{"damage":0.0,"enemies":"Lagavulin","floor":14.0,"turns":7.0},{"damage":23.0,"enemies":"Slime Boss","floor":16.0,"turns":5.0},{"damage":21.0,"enemies":"Shell Parasite","floor":18.0,"turns":4.0},{"damage":0.0,"enemies":"Chosen","floor":19.0,"turns":4.0},{"damage":18,"enemies":"Snecko","floor":21,"turns":3},{"damage":41,"enemies":"Slavers","floor":23,"turns":3}],"seed_played":"-1559008596961134506","potions_obtained":[{"floor":4.0,"key":"Dexterity Potion"},{"floor":13.0,"key":"PowerPotion"},{"floor":18.0,"key":"FearPotion"}],"is_trial":false,"path_per_floor":["M","?","?","M","?","E","M","M","T","E","R","$","M","E","R","B",null,"M","M","?","M","?","E"],"character_chosen":"WATCHER","items_purchased":["Happy Flower","Block Potion"],"campfire_rested":1,"item_purchase_floors":[12,12],"current_hp_per_floor":[72,61,61,61,61,61,61,60,60,18,18,18,18,18,39,16,72,51,51,72,54,54,13,13],"gold":258,"neow_bonus":"THREE_ENEMY_KILL","is_daily":false,"chose_seed":false,"campfire_upgraded":1,"win_rate":0.0,"timestamp":1608749284,"path_taken":["M","?","?","M","?","E","?","M","T","E","R","$","M","E","R","BOSS","M","M","?","M","?","E"],"items_purchased_type":["Relic","Potion"],"build_version":"2020-12-22","purchased_purges":0,"victory":false,"max_hp_per_floor":[72,72,72,72,72,72,72,72,72,72,72,72,72,72,72,72,72,72,72,72,72,72,72,72],"card_choices":[{"not_picked":["Crescendo","BowlingBash"],"picked":"CrushJoints","floor":1.0},{"not_picked":["Consecrate","Prostrate","Crescendo"],"picked":"SKIP","floor":4.0},{"not_picked":["Worship","SandsOfTime"],"picked":"Collect","floor":6.0},{"not_picked":["EmptyBody","ForeignInfluence","CutThroughFate"],"picked":"SKIP","floor":7.0},{"not_picked":["EmptyBody","ThirdEye"],"picked":"Fasting2","floor":8.0},{"not_picked":["Crescendo","SpiritShield"],"picked":"Collect","floor":10.0},{"not_picked":["SandsOfTime","ForeignInfluence"],"picked":"SashWhip","floor":13.0},{"not_picked":["Prostrate","SpiritShield"],"picked":"Alpha","floor":14.0},{"not_picked":["Alpha","Scrawl"],"picked":"LessonLearned+1","floor":16.0},{"not_picked":["CarveReality+1","CrushJoints+1"],"picked":"ReachHeaven+1","floor":18.0},{"not_picked":["Evaluate","BattleHymn"],"picked":"Fasting2","floor":19.0},{"not_picked":["Study","Crescendo","SashWhip+1"],"picked":"SKIP","floor":21}],"player_experience":226963,"relics_obtained":[{"floor":6.0,"key":"War Paint"},{"floor":9.0,"key":"Whetstone"},{"floor":10.0,"key":"InkBottle"},{"floor":14.0,"key":"Molten Egg 2"}],"event_choices":[{"damage_healed":0.0,"max_hp_gain":0.0,"max_hp_loss":0.0,"gold_gain":75.0,"event_name":"World of Goop","player_choice":"Gather Gold","floor":2.0,"gold_loss":0.0,"damage_taken":11.0},{"cards_removed":["Strike_P"],"damage_healed":0.0,"max_hp_gain":0.0,"max_hp_loss":0.0,"gold_gain":0.0,"event_name":"The Cleric","player_choice":"Card Removal","floor":3.0,"gold_loss":50.0,"damage_taken":0.0},{"damage_healed":0.0,"max_hp_gain":0.0,"max_hp_loss":0.0,"gold_gain":0.0,"event_name":"Accursed Blacksmith","player_choice":"Forge","floor":5.0,"gold_loss":0.0,"damage_taken":0.0,"cards_upgraded":["Vigilance"]},{"damage_healed":24,"gold_gain":0,"player_choice":"Heal","damage_taken":0,"max_hp_gain":0,"max_hp_loss":0,"event_name":"The Library","floor":20,"gold_loss":0},{"damage_healed":0,"gold_gain":0,"player_choice":"Bought 0 Potions","damage_taken":0,"max_hp_gain":0,"max_hp_loss":0,"event_name":"The Woman in Blue","floor":22,"gold_loss":0}],"is_beta":false,"boss_relics":[{"not_picked":["Ectoplasm","Cursed Key"],"picked":"Pandora\u0027s Box"}],"items_purged_floors":[],"is_endless":false,"potions_floor_spawned":[4,13,18],"killed_by":"Slavers","ascension_level":4}}