{"host":"l2dnabsh5e0fsksb","time":1608697299,"event":{"mods":["2.2 Compatiblity","BaseMod","Downfall","Minty Spire (QoL Compilation)","Quick Restart","StSLib"],"gold_per_floor":[99,99,99,99,30,65,65,80,80,65,65,136,61,81,98,195,195,120,131,145,163,163,163,188,214,214,214,214,214],"floor_reached":28,"playtime":884,"items_purged":[],"score":295,"play_id":"7563fd8c-e74f-44b6-8e5b-da60a1b11176","local_time":"20201223145139","is_ascension_mode":true,"campfire_choices":[{"floor":1,"key":"RECALL"},{"data":"sneckomod:UnknownRarePower","floor":11,"key":"SMITH"},{"data":"sneckomod:Unknown0Cost","floor":13,"key":"SMITH"},{"data":"sneckomod:MorePower","floor":18,"key":"SMITH"}],"circlet_count":0,"master_deck":["sneckomod:TailWhip","sneckomod:SnekBite","sneckomod:Unknown","sneckomod:Unknown+1","sneckomod:IronFang","Regret","sneckomod:WideSting","sneckomod:Unknown0Cost+1","sneckomod:UnknownUncommonAttack","sneckomod:Nope","Regret","sneckomod:UnknownRarePower+1","sneckomod:Unknown1Cost","sneckomod:WideSting+1","sneckomod:MorePower+1","sneckomod:MasterEye","sneckomod:IronFang+1","sneckomod:UnknownBlock","sneckomod:ImprovisedAttack+1","sneckomod:SerpentIdol","sneckomod:UnknownBlock","sneckomod:UnknownUncommonAttack+1","sneckomod:UnknownStrike+1","sneckomod:UnknownUncommonAttack+1","sneckomod:SoulCleanse+1","sneckomod:UnknownColorless+1","sneckomod:UnknownUncommonSkill+1","sneckomod:Unknown0Cost","sneckomod:UnknownColorless+1","sneckomod:Unknown0Cost+1"],"relics":["sneckomod:SneckoSoul","downfall:HeartsMalice","downfall:BrokenWingStatue","Tiny Chest","Molten Egg 2","downfall:HeartBlessingBlue","Pandora\u0027s Box","downfall:HeartBlessingRed","downfall:RedIOU","Smiling Mask","Ancient Tea Set","The Courier"],"acts_visited":["Exordium","TheCity"],"potions_floor_usage":[16,16,20,25],"damage_taken":[{"damage":0,"enemies":"Cultist","floor":2,"turns":1},{"damage":0,"enemies":"downfall:FleeingMerchant","floor":5,"turns":1},{"damage":0,"enemies":"Gremlin Nob","floor":6,"turns":1},{"damage":3,"enemies":"Small Slimes","floor":8,"turns":2},{"damage":16,"enemies":"downfall:FleeingMerchant","floor":10,"turns":4},{"damage":0,"enemies":"Jaw Worm","floor":14,"turns":3},{"damage":22,"enemies":"3 Louse","floor":15,"turns":5},{"damage":57,"enemies":"downfall:Ironclad","floor":16,"turns":7},{"damage":11,"enemies":"3 Byrds","floor":19,"turns":4},{"damage":22,"enemies":"Centurion and Healer","floor":20,"turns":10},{"damage":14,"enemies":"Snecko","floor":21,"turns":4},{"damage":86,"enemies":"Slavers","floor":25,"turns":7},{"damage":38,"enemies":"Gremlin Leader","floor":28,"turns":4}],"seed_played":"-8066676234838649219","potions_obtained":[{"floor":6,"key":"BlessingOfTheForge"},{"floor":8,"key":"sneckomod:DiceRollPotion"},{"floor":16,"key":"AttackPotion"},{"floor":20,"key":"Weak Potion"}],"is_trial":false,"path_per_floor":["R","M","?","?","$","E","T","M","?","$","R","T","R","M","M","B",null,"R","M","M","M","?","?","T","E","?","T","E"],"character_chosen":"THE_SNECKO","items_purchased":["sneckomod:Unknown0Cost"],"campfire_rested":0,"item_purchase_floors":[5],"current_hp_per_floor":[90,90,90,90,91,92,92,89,89,74,74,74,84,85,70,13,106,106,97,88,76,111,111,111,27,28,28,0,0],"gold":214,"neow_bonus":"THREE_ENEMY_KILL","is_daily":false,"chose_seed":false,"campfire_upgraded":3,"win_rate":0.0,"timestamp":1608697299,"path_taken":["R","M","?","?","$","E","T","?","?","?","R","?","R","M","M","BOSS","R","M","M","M","?","?","T","E","?","?","E"],"items_purchased_type":["Card"],"build_version":"2020-12-13","purchased_purges":0,"victory":false,"max_hp_per_floor":[90,90,90,90,91,92,92,92,92,93,93,93,103,104,104,104,106,106,108,109,111,111,111,111,113,114,114,114,114],"card_choices":[{"not_picked":["sneckomod:QuickBite","sneckomod:Unknown1Cost"],"picked":"sneckomod:IronFang","floor":2},{"not_picked":["sneckomod:UnknownClassPURPLE","sneckomod:Unknown1Cost"],"picked":"sneckomod:WideSting","floor":5},{"not_picked":["sneckomod:UnknownStrike","sneckomod:RainOfDice"],"picked":"sneckomod:UnknownUncommonAttack","floor":6},{"not_picked":["sneckomod:UnknownClassGUARDIAN","sneckomod:Unknown1Cost"],"picked":"sneckomod:Nope","floor":8},{"not_picked":["sneckomod:UnknownStrike+1","sneckomod:SlitherStrike+1"],"picked":"sneckomod:UnknownRarePower","floor":10},{"not_picked":["sneckomod:DefensiveFlair","sneckomod:SoulDraw"],"picked":"sneckomod:Unknown1Cost","floor":14},{"not_picked":["sneckomod:UnknownCommonSkill","sneckomod:SoulRoll"],"picked":"sneckomod:WideSting+1","floor":15},{"not_picked":["sneckomod:SerpentMind","sneckomod:Mudshield"],"picked":"sneckomod:MorePower","floor":16},{"not_picked":["sneckomod:UnknownBlock+1","sneckomod:UnknownVulnerable+1"],"picked":"sneckomod:UnknownUncommonAttack+1","floor":19},{"not_picked":["sneckomod:TrashToTreasure","sneckomod:DiceBlock"],"picked":"sneckomod:UnknownStrike+1","floor":19},{"not_picked":["sneckomod:UnknownUncommonPower+1","sneckomod:UnknownDexterity+1"],"picked":"sneckomod:UnknownUncommonAttack+1","floor":20},{"not_picked":["sneckomod:SoulDraw","sneckomod:UnknownExhaust"],"picked":"sneckomod:SoulCleanse+1","floor":20},{"not_picked":["sneckomod:UnknownStrength+1","sneckomod:UnknownRareSkill+1"],"picked":"sneckomod:UnknownColorless+1","floor":21},{"not_picked":["sneckomod:SnakeSap+1","sneckomod:UnknownClassRED"],"picked":"sneckomod:UnknownUncommonSkill+1","floor":21},{"not_picked":["sneckomod:CheapStock","sneckomod:UnknownClassTHE_CHAMP_GRAY"],"picked":"sneckomod:Unknown0Cost","floor":25},{"not_picked":["sneckomod:UnknownClassTHE_CHAMP_GRAY+1","sneckomod:UnknownCommonSkill+1"],"picked":"sneckomod:UnknownColorless+1","floor":25}],"player_experience":1707625,"relics_obtained":[{"floor":6,"key":"Tiny Chest"},{"floor":7,"key":"Molten Egg 2"},{"floor":24,"key":"Smiling Mask"},{"floor":25,"key":"Ancient Tea Set"},{"floor":27,"key":"The Courier"}],"event_choices":[{"damage_healed":0,"gold_gain":0,"player_choice":"Box","damage_taken":0,"relics_obtained":["Dream Catcher"],"max_hp_gain":0,"max_hp_loss":0,"event_name":"Big Fish","floor":9,"gold_loss":0,"cards_obtained":["Regret"]},{"damage_healed":37,"gold_gain":0,"player_choice":"Heal","damage_taken":0,"max_hp_gain":0,"max_hp_loss":0,"event_name":"The Library","floor":22,"gold_loss":0},{"damage_healed":0,"gold_gain":0,"player_choice":"Copied","damage_taken":0,"max_hp_gain":0,"max_hp_loss":0,"event_name":"Duplicator","floor":26,"gold_loss":0,"cards_obtained":["sneckomod:Unknown0Cost"]}],"is_beta":false,"boss_relics":[{"not_picked":["sneckomod:SuperSneckoSoul","Fusion Hammer"],"picked":"Pandora\u0027s Box"}],"items_purged_floors":[],"is_endless":false,"potions_floor_spawned":[6,8,16,20],"killed_by":"Gremlin Leader","ascension_level":1}}