{"host":"xhamcave7q47vrco","time":1608707909,"event":{"mods":["ATMod(°¢èªMod)","AchievementEnabler","BaseMod","BetterRewards","Card Forge","Colored Powertips","Minty Spire (QoL Compilation)","Permanent Neow","Quick Restart","Remove Card Discount Mod","Shop Mod","StSLib","¡¾ÒÅÎï¿¨ÅÆ¡¿REMEMod"],"gold_per_floor":[368,368,386,142,156,217,217,243,243,243,243,259,335,366,366,467,517,535,551,585,585,600,600],"floor_reached":22,"playtime":1135,"items_purged":[],"score":330,"play_id":"37f5e138-367e-4069-9ace-5735dadd4204","local_time":"20201223151829","is_ascension_mode":true,"campfire_choices":[{"data":"Pummel","floor":7.0,"key":"SMITH"},{"data":"Whirlwind","floor":10.0,"key":"SMITH"},{"data":"Heavy Blade","floor":15,"key":"SMITH"}],"circlet_count":0,"master_deck":["AT_IchimonjiDouble+1","Master of Strategy","REME_ACTH+1","Reaper+1","Whirlwind+1","Berserk+1","Seeing Red","Heavy Blade+1","Pummel+1","Spot Weakness+1","Shockwave+1","Panacea+1","AT_ShrugMaster+1","AT_CaressingTears+1","Brutality+1","Heavy Blade+1","Heavy Blade","Limit Break"],"relics":["Burning Blood","Hammer of Thor","Seething Fire","Anvil of the Gods","REME_ComplimentaryCards","AT_ATBox","Matryoshka","AT_Kusabimaru","CaptainsWheel","Ornamental Fan","Tiny House","Red Mask","Toxic Egg 2","Potion Belt"],"acts_visited":["Exordium","TheCity"],"potions_floor_usage":[],"damage_taken":[{"damage":15.0,"enemies":"Small Slimes","floor":1.0,"turns":2.0},{"damage":1.0,"enemies":"Cultist","floor":3.0,"turns":2.0},{"damage":8.0,"enemies":"2 Louse","floor":5.0,"turns":2.0},{"damage":3.0,"enemies":"Lagavulin","floor":6.0,"turns":4.0},{"damage":24.0,"enemies":"3 Sentries","floor":8.0,"turns":3.0},{"damage":10,"enemies":"Blue Slaver","floor":12,"turns":2},{"damage":14,"enemies":"Gremlin Nob","floor":14,"turns":3},{"damage":18,"enemies":"Hexaghost","floor":16,"turns":3},{"damage":14,"enemies":"Chosen","floor":18,"turns":3},{"damage":15,"enemies":"3 Byrds","floor":19,"turns":4},{"damage":13,"enemies":"Masked Bandits","floor":20,"turns":2},{"damage":8,"enemies":"Centurion and Healer","floor":22,"turns":3}],"seed_played":"-5160545072505687801","potions_obtained":[{"floor":5.0,"key":"REME_GoldPotion"},{"floor":6.0,"key":"GamblersBrew"},{"floor":12,"key":"LiquidMemories"}],"is_trial":false,"path_per_floor":["M","?","M","$","M","E","R","E","T","R","?","M","?","E","R","B",null,"M","M","?","T","M"],"character_chosen":"IRONCLAD","items_purchased":["Matryoshka"],"campfire_rested":0,"item_purchase_floors":[4],"current_hp_per_floor":[80,80,80,80,80,80,80,80,80,80,80,76,76,68,68,57,79,76,67,78,78,76,76],"gold":600,"neow_bonus":"TWO_FIFTY_GOLD","is_daily":false,"chose_seed":false,"campfire_upgraded":3,"win_rate":0.0,"timestamp":1608707909,"path_taken":["M","?","?","$","M","E","R","E","T","R","?","M","?","E","R","BOSS","M","M","?","?","M"],"items_purchased_type":["Relic"],"build_version":"2020-12-22","purchased_purges":0,"victory":false,"max_hp_per_floor":[80,80,80,80,80,80,80,80,80,80,80,80,80,80,80,80,85,85,85,85,85,85,85],"card_choices":[{"not_picked":["Headbutt","AT_ManFootWork"],"picked":"Heavy Blade","floor":1.0},{"not_picked":["Searing Blow","Warcry","Armaments"],"picked":"SKIP","floor":3.0},{"not_picked":["Twin Strike","Warcry","AT_CaressingTears"],"picked":"SKIP","floor":5.0},{"not_picked":["Armaments","Wild Strike","AT_IchimonjiDouble"],"picked":"SKIP","floor":6.0},{"not_picked":["Twin Strike","Sword Boomerang","Offering"],"picked":"SKIP","floor":8.0},{"not_picked":["Sword Boomerang","Clash"],"picked":"Heavy Blade","floor":12},{"not_picked":["Anger","Twin Strike","Rampage"],"picked":"SKIP","floor":14},{"not_picked":["Double Tap","Corruption"],"picked":"Limit Break","floor":16},{"not_picked":["Havoc","AT_IchimonjiDouble","Pommel Strike"],"picked":"SKIP","floor":18},{"not_picked":["Warcry","AT_BodySlamDance+1","Anger"],"picked":"SKIP","floor":19}],"player_experience":56900,"relics_obtained":[{"floor":6.0,"key":"AT_Kusabimaru"},{"floor":8.0,"key":"CaptainsWheel"},{"floor":14,"key":"Ornamental Fan"},{"floor":20,"key":"Red Mask"},{"floor":21,"key":"Toxic Egg 2"},{"floor":21,"key":"Potion Belt"}],"event_choices":[{"damage_healed":0.0,"max_hp_gain":0.0,"max_hp_loss":0.0,"gold_gain":0.0,"event_name":"Accursed Blacksmith","player_choice":"Forge","floor":2.0,"gold_loss":0.0,"damage_taken":0.0,"cards_upgraded":["AT_IchimonjiDouble"]},{"damage_healed":0.0,"max_hp_gain":0.0,"max_hp_loss":0.0,"gold_gain":0.0,"event_name":"The Cleric","player_choice":"Leave","floor":11.0,"gold_loss":0.0,"damage_taken":0.0},{"damage_healed":0,"gold_gain":76,"player_choice":"Gained Gold","damage_taken":0,"max_hp_gain":0,"max_hp_loss":0,"event_name":"Golden Wing","floor":13,"gold_loss":0},{"damage_healed":0,"gold_gain":0,"player_choice":"Fought Bandits","damage_taken":0,"max_hp_gain":0,"max_hp_loss":0,"event_name":"Masked Bandits","floor":20,"gold_loss":0}],"is_beta":false,"boss_relics":[{"not_picked":["SacredBark","Black Blood"],"picked":"Tiny House"}],"items_purged_floors":[],"is_endless":false,"potions_floor_spawned":[5,6,12],"killed_by":"Centurion and Healer","ascension_level":6}}