{"host":"fxrgx7wt2cpkbhka","time":1608753656,"event":{"mods":["AchievementEnabler","BaseMod","Colored Powertips","Minty Spire (QoL Compilation)","Permanent Neow","Slay-I","StSLib","Waifu the Spire"],"gold_per_floor":[112,112,128,147,147,147,173,173,173,185,185,185,145,171,171,271,271,285,28,39,39,53,53,53,53,53,53,84,96,125,16,16,16,16],"floor_reached":33,"playtime":860,"items_purged":[],"score":459,"play_id":"804cc93b-1a20-492d-b37d-75e2570cd517","local_time":"20201223120056","is_ascension_mode":true,"campfire_choices":[{"data":"Perfected Strike","floor":6,"key":"SMITH"},{"data":"Spot Weakness","floor":8,"key":"SMITH"},{"floor":15,"key":"REST"},{"data":"Perfected Strike","floor":23,"key":"SMITH"},{"data":"Uppercut","floor":25,"key":"SMITH"},{"data":"Inflame","floor":27,"key":"SMITH"},{"data":"Bandage Up","floor":32,"key":"SMITH"}],"circlet_count":0,"master_deck":["AscendersBane","Strike_R+1","Strike_R","Strike_R","Strike_R","Strike_R","Defend_R","Defend_R","Defend_R+1","Defend_R","Bash","Spot Weakness+1","Flex","Perfected Strike+1","Uppercut+1","Perfected Strike+1","Inflame+1","Clash","Clash","Spot Weakness","Bandage Up+1"],"relics":["Black Blood","Pen Nib","FaceOfCleric","HornCleat","Kunai","Gremlin Horn","Blood Vial","Shuriken","MawBank","MutagenicStrength"],"acts_visited":["Exordium","TheCity"],"potions_floor_usage":[3,14,14,22,28,33],"damage_taken":[{"damage":8,"enemies":"Jaw Worm","floor":1,"turns":6},{"damage":1,"enemies":"Cultist","floor":3,"turns":4},{"damage":12,"enemies":"Small Slimes","floor":4,"turns":4},{"damage":30,"enemies":"Lagavulin","floor":7,"turns":6},{"damage":0,"enemies":"Exordium Wildlife","floor":10,"turns":3},{"damage":25,"enemies":"3 Sentries","floor":14,"turns":6},{"damage":25,"enemies":"Slime Boss","floor":16,"turns":10},{"damage":6,"enemies":"2 Thieves","floor":18,"turns":3},{"damage":22,"enemies":"Spheric Guardian","floor":20,"turns":4},{"damage":10,"enemies":"Snake Plant","floor":22,"turns":4},{"damage":45,"enemies":"Slavers","floor":28,"turns":6},{"damage":0,"enemies":"Snecko","floor":30,"turns":3},{"damage":67,"enemies":"Collector","floor":33,"turns":5}],"seed_played":"3861207157880225251","potions_obtained":[{"floor":1,"key":"AttackPotion"},{"floor":10,"key":"EntropicBrew"},{"floor":14,"key":"Weak Potion"},{"floor":30,"key":"GamblersBrew"}],"is_trial":false,"path_per_floor":["M","?","M","M","?","R","E","R","T","M","$","?","$","E","R","B",null,"M","$","M","$","M","R","?","R","T","R","E","?","M","$","R","B"],"character_chosen":"IRONCLAD","items_purchased":["Uppercut","Inflame","Blood Vial","Clash","Spot Weakness","Bandage Up"],"campfire_rested":1,"item_purchase_floors":[13,19,19,19,31,31],"current_hp_per_floor":[70,70,76,71,55,55,32,32,32,39,39,67,67,49,74,56,79,86,86,78,78,83,83,66,66,66,66,36,36,51,51,51,0,0],"gold":16,"neow_bonus":"RANDOM_COMMON_RELIC","is_daily":false,"chose_seed":false,"campfire_upgraded":6,"win_rate":0.0,"timestamp":1608753656,"path_taken":["M","?","?","M","?","R","E","R","T","M","$","?","?","E","R","BOSS","M","$","M","$","?","R","?","R","T","R","E","?","M","$","R","BOSS"],"items_purchased_type":["Card","Card","Relic","Card","Card","Card"],"build_version":"2020-12-22","purchased_purges":0,"victory":false,"max_hp_per_floor":[80,80,81,82,82,82,83,83,83,84,84,84,84,85,85,86,86,87,87,88,88,89,89,94,94,94,94,95,95,96,96,96,96,96],"card_choices":[{"not_picked":["Carnage","Anger"],"picked":"Spot Weakness","floor":1},{"not_picked":["Pummel","Pommel Strike"],"picked":"Flex","floor":3},{"not_picked":["Hemokinesis","Headbutt"],"picked":"Perfected Strike","floor":4},{"not_picked":["Sever Soul","Twin Strike","Sword Boomerang"],"picked":"SKIP","floor":7},{"not_picked":["Dropkick","Second Wind","Hemokinesis"],"picked":"SKIP","floor":10},{"not_picked":["Warcry","Whirlwind","Combust"],"picked":"SKIP","floor":14},{"not_picked":["Anger","Pommel Strike"],"picked":"Perfected Strike","floor":18},{"not_picked":["Shrug It Off","Wild Strike"],"picked":"Clash","floor":20},{"not_picked":["Sword Boomerang","Flex","Cleave"],"picked":"SKIP","floor":22},{"not_picked":["Juggernaut","Sword Boomerang","Dual Wield"],"picked":"SKIP","floor":28},{"not_picked":["True Grit","Rampage","Thunderclap"],"picked":"SKIP","floor":30}],"player_experience":678699,"relics_obtained":[{"floor":7,"key":"HornCleat"},{"floor":9,"key":"Kunai"},{"floor":14,"key":"Gremlin Horn"},{"floor":26,"key":"Shuriken"},{"floor":28,"key":"MawBank"}],"event_choices":[{"damage_healed":0,"gold_gain":0,"player_choice":"Trade","damage_taken":0,"relics_obtained":["FaceOfCleric"],"max_hp_gain":0,"max_hp_loss":0,"event_name":"FaceTrader","floor":2,"gold_loss":0},{"damage_healed":0,"gold_gain":0,"player_choice":"Entered Light","damage_taken":16,"max_hp_gain":0,"max_hp_loss":0,"event_name":"Shining Light","floor":5,"gold_loss":0,"cards_upgraded":["Strike_R","Defend_R"]},{"damage_healed":28,"gold_gain":0,"player_choice":"Banana","damage_taken":0,"max_hp_gain":0,"max_hp_loss":0,"event_name":"Big Fish","floor":12,"gold_loss":0},{"damage_healed":0,"gold_gain":0,"player_choice":"Shed Blood","damage_taken":22,"max_hp_gain":5,"max_hp_loss":0,"event_name":"Forgotten Altar","floor":24,"gold_loss":0},{"damage_healed":0,"gold_gain":0,"player_choice":"Inject Mutagens","damage_taken":0,"relics_obtained":["MutagenicStrength"],"max_hp_gain":0,"max_hp_loss":0,"event_name":"Drug Dealer","floor":29,"gold_loss":0}],"is_beta":false,"boss_relics":[{"not_picked":["Empty Cage","Black Star"],"picked":"Black Blood"}],"items_purged_floors":[],"is_endless":false,"potions_floor_spawned":[1,10,14,18,30],"killed_by":"Collector","ascension_level":12}}