{"host":"ou23awlgcm0pi7o1","time":1608726816,"event":{"mods":["BaseMod","Colored Map","Downfall","Minty Spire (QoL Compilation)","StSLib","Unceasing Turn Reminder"],"gold_per_floor":[0,12,12,28,47,76,103,103,131,131,131,157,157,169,182,182,182,182],"floor_reached":16,"playtime":1079,"items_purged":[],"score":174,"play_id":"0c5c544b-61e9-4472-b196-f71e54822bc6","local_time":"20201223123336","is_ascension_mode":true,"campfire_choices":[{"data":"champ:IgnorePain","floor":1,"key":"SMITH"},{"data":"champ:ShieldSigil","floor":8,"key":"SMITH"},{"data":"champ:HoldFirm","floor":11,"key":"SMITH"},{"data":"champ:AdrenalArmor","floor":13,"key":"SMITH"}],"circlet_count":0,"master_deck":["champ:Strike","champ:Strike","champ:Strike","champ:Strike","champ:Defend","champ:Defend","champ:Defend","champ:Defend","champ:Execute","champ:IgnorePain+1","champ:Shatter","champ:BerserkersShout","champ:ShieldSigil+1","champ:HoldFirm+1","champ:AdrenalArmor+1","champ:Lariat"],"relics":["champ:ChampionCrown","Vajra","PreservedInsect","Mummified Hand","champ:DefensiveTrainingManual"],"acts_visited":["Exordium"],"potions_floor_usage":[12,15,16],"damage_taken":[{"damage":9,"enemies":"Small Slimes","floor":2,"turns":6},{"damage":6,"enemies":"Jaw Worm","floor":4,"turns":4},{"damage":15,"enemies":"Cultist","floor":5,"turns":6},{"damage":68,"enemies":"Lagavulin","floor":6,"turns":8},{"damage":58,"enemies":"3 Sentries","floor":9,"turns":5},{"damage":23,"enemies":"Gremlin Nob","floor":12,"turns":4},{"damage":32,"enemies":"Gremlin Gang","floor":14,"turns":6},{"damage":28,"enemies":"2 Fungi Beasts","floor":15,"turns":4},{"damage":54,"enemies":"downfall:Ironclad","floor":16,"turns":6}],"seed_played":"-2295466150705207338","potions_obtained":[{"floor":6,"key":"Weak Potion"},{"floor":12,"key":"SneckoOil"},{"floor":15,"key":"LiquidMemories"}],"is_trial":false,"path_per_floor":["R","M","?","M","M","E","T","R","E","?","R","E","R","M","M","B"],"character_chosen":"THE_CHAMP","items_purchased":[],"campfire_rested":0,"item_purchase_floors":[],"current_hp_per_floor":[90,89,89,89,86,50,50,50,30,30,30,30,30,29,44,0,0,0],"gold":182,"neow_bonus":"THREE_RARE_CARDS","is_daily":false,"chose_seed":false,"campfire_upgraded":4,"win_rate":0.0,"timestamp":1608726816,"path_taken":["R","M","?","M","M","E","T","R","E","?","R","E","R","?","M","BOSS"],"items_purchased_type":[],"build_version":"2020-12-22","purchased_purges":0,"victory":false,"max_hp_per_floor":[90,90,90,90,90,90,90,90,90,90,90,90,90,90,90,95,95,95],"card_choices":[{"not_picked":["champ:PerfectForm","champ:HoldFirm"],"picked":"champ:IgnorePain","floor":0},{"not_picked":["champ:Backstep","champ:ShieldSigil"],"picked":"champ:Shatter","floor":2},{"not_picked":["champ:BringItOn","champ:Balance"],"picked":"champ:BerserkersShout","floor":4},{"not_picked":["champ:Control","champ:FanOfKnives","champ:BladeFlurry"],"picked":"SKIP","floor":5},{"not_picked":["champ:TornadoPunch","champ:BladeFlurry"],"picked":"champ:ShieldSigil","floor":6},{"not_picked":["champ:Duel","champ:Circumvent"],"picked":"champ:HoldFirm","floor":9},{"not_picked":["champ:CrookedStrike","champ:ShieldThrow"],"picked":"champ:AdrenalArmor","floor":12},{"not_picked":["champ:FalseCounter","champ:BerserkersShout"],"picked":"champ:FightOn","floor":14},{"not_picked":["champ:BerserkersShout","champ:ShieldSigil"],"picked":"champ:Lariat","floor":15}],"player_experience":332284,"relics_obtained":[{"floor":6,"key":"Vajra"},{"floor":7,"key":"PreservedInsect"},{"floor":9,"key":"Mummified Hand"},{"floor":12,"key":"champ:DefensiveTrainingManual"}],"event_choices":[{"cards_removed":["champ:Taunt"],"damage_healed":0,"gold_gain":0,"player_choice":"Offered Basic","damage_taken":0,"max_hp_gain":0,"max_hp_loss":0,"event_name":"Bonfire Elementals","floor":10,"gold_loss":0}],"is_beta":false,"boss_relics":[],"items_purged_floors":[],"is_endless":false,"potions_floor_spawned":[6,12,15],"killed_by":"downfall:Ironclad","ascension_level":4}}