{"host":"344lv32hnei0mdhu","time":1608747397,"event":{"mods":["Act Like it!","BaseMod","Better Match","Better Sensory Stone","Better Skull","Better Third Choice","Better Vampires","Colored Powertips","Highlight Path","Minty Spire (QoL Compilation)","Quick Restart","Random Character Button","Rare Cards Sparkle","StSLib"],"gold_per_floor":[115,115,115,215,231,231,258,270,270,305,305,338,350,61,61,165,165,176,176,126,126,138,138,138],"floor_reached":23,"playtime":1326,"items_purged":[],"score":373,"play_id":"7550485b-fe90-419b-a205-03c778ac7d6c","local_time":"20201223121637","is_ascension_mode":true,"campfire_choices":[{"data":"Sword Boomerang","floor":6,"key":"SMITH"},{"floor":11,"key":"REST"},{"floor":15,"key":"REST"}],"circlet_count":0,"master_deck":["Strike_R","Strike_R","Strike_R","Strike_R","Strike_R","Defend_R","Defend_R","Defend_R","Defend_R","Bash","Heavy Blade","Sword Boomerang+1","Wild Strike","Rupture","Fire Breathing","Shrug It Off","Demon Form","Double Tap","Brutality","Twin Strike+1","Metallicize","Thunderclap"],"relics":["Burning Blood","NeowsBlessing","Centennial Puzzle","InkBottle","White Beast Statue","Mango","Calipers","Membership Card","Sozu"],"acts_visited":["Exordium","TheCity"],"potions_floor_usage":[10,12,13,16,23],"damage_taken":[{"damage":0,"enemies":"Small Slimes","floor":1,"turns":1},{"damage":0,"enemies":"2 Louse","floor":5,"turns":1},{"damage":0,"enemies":"Lagavulin","floor":7,"turns":1},{"damage":0,"enemies":"Cultist","floor":8,"turns":2},{"damage":55,"enemies":"3 Sentries","floor":10,"turns":12},{"damage":45,"enemies":"Lagavulin","floor":12,"turns":7},{"damage":12,"enemies":"Large Slime","floor":13,"turns":4},{"damage":37,"enemies":"The Guardian","floor":16,"turns":12},{"damage":47,"enemies":"2 Thieves","floor":18,"turns":4},{"damage":9,"enemies":"Chosen","floor":22,"turns":4},{"damage":34,"enemies":"Book of Stabbing","floor":23,"turns":4}],"seed_played":"4427110963288707291","potions_obtained":[{"floor":1,"key":"SkillPotion"},{"floor":10,"key":"SpeedPotion"},{"floor":12,"key":"HeartOfIron"},{"floor":13,"key":"DuplicationPotion"},{"floor":16,"key":"PowerPotion"}],"is_trial":false,"path_per_floor":["M","?","$","?","M","R","E","M","T","E","R","E","M","$","R","B",null,"M","?","$","?","M","E"],"character_chosen":"IRONCLAD","items_purchased":["Membership Card","Demon Form","Double Tap","Metallicize","Thunderclap"],"campfire_rested":2,"item_purchase_floors":[14,14,14,20,20],"current_hp_per_floor":[78,75,75,75,80,80,80,80,80,45,73,34,28,28,56,25,77,36,36,36,36,33,0,0],"gold":138,"neow_bonus":"THREE_ENEMY_KILL","is_daily":false,"chose_seed":false,"campfire_upgraded":1,"win_rate":0.0,"timestamp":1608747397,"path_taken":["M","?","$","?","?","R","E","M","T","E","R","E","M","$","R","BOSS","M","?","$","?","?","E"],"items_purchased_type":["Relic","Card","Card","Card","Card"],"build_version":"2020-12-22","purchased_purges":0,"victory":false,"max_hp_per_floor":[80,80,80,80,80,80,80,80,80,94,94,94,94,94,94,94,94,94,94,94,94,94,94,94],"card_choices":[{"not_picked":["Searing Blow","Warcry"],"picked":"Heavy Blade","floor":1},{"not_picked":["Clash","Rampage"],"picked":"Sword Boomerang","floor":5},{"not_picked":["Pommel Strike","Twin Strike"],"picked":"Wild Strike","floor":7},{"not_picked":["Havoc","Anger"],"picked":"Rupture","floor":8},{"not_picked":["Armaments","Clash"],"picked":"Fire Breathing","floor":10},{"not_picked":["Seeing Red","Clash","Pommel Strike"],"picked":"SKIP","floor":12},{"not_picked":["Entrench","True Grit"],"picked":"Shrug It Off","floor":13},{"not_picked":["Corruption","Demon Form"],"picked":"Brutality","floor":16},{"not_picked":["Iron Wave","Pommel Strike"],"picked":"Twin Strike+1","floor":18},{"not_picked":["True Grit","Headbutt","Entrench"],"picked":"SKIP","floor":22}],"player_experience":269081,"relics_obtained":[{"floor":7,"key":"InkBottle"},{"floor":9,"key":"White Beast Statue"},{"floor":10,"key":"Mango"},{"floor":12,"key":"Calipers"}],"event_choices":[{"damage_healed":0,"gold_gain":0,"player_choice":"Relic ","damage_taken":3,"max_hp_gain":0,"max_hp_loss":0,"event_name":"betterThird:BetterScrap","floor":2,"gold_loss":0,"cards_obtained":["Conclude"]},{"damage_healed":0,"gold_gain":100,"player_choice":"Pray","damage_taken":0,"max_hp_gain":0,"max_hp_loss":0,"event_name":"Golden Shrine","floor":4,"gold_loss":0},{"damage_healed":0,"gold_gain":0,"player_choice":"Ignored","damage_taken":0,"max_hp_gain":0,"max_hp_loss":0,"event_name":"Cursed Tome","floor":19,"gold_loss":0},{"damage_healed":0,"gold_gain":0,"player_choice":"Ignored","damage_taken":0,"max_hp_gain":0,"max_hp_loss":0,"event_name":"N\u0027loth","floor":21,"gold_loss":0}],"is_beta":false,"boss_relics":[{"not_picked":["Fusion Hammer","Black Star"],"picked":"Sozu"}],"items_purged_floors":[],"is_endless":false,"potions_floor_spawned":[1,10,12,13,16,18,22],"killed_by":"Book of Stabbing","ascension_level":9}}