{"host":"vumwfieg2b2mnrfl","time":1608696871,"event":{"mods":["AchievementEnabler","BaseMod","Minty Spire (QoL Compilation)","Rare Cards Sparkle","Relic Stats"],"gold_per_floor":[119,119,138,153,166,166,194,194,194,194,219,235,235,269,269,366,366,385,385,97,97,97,97,131,131,131,156,156,189,203,203,203,203,203],"floor_reached":33,"playtime":1259,"items_purged":[],"score":544,"play_id":"65ace07a-e051-437b-85e6-675fb19ad084","local_time":"20201222221431","is_ascension_mode":true,"campfire_choices":[{"data":"Double Tap","floor":6.0,"key":"SMITH"},{"floor":10.0,"key":"REST"},{"data":"Feed","floor":15.0,"key":"SMITH"},{"floor":23.0,"key":"REST"},{"floor":25.0,"key":"REST"},{"floor":28.0,"key":"REST"},{"floor":32.0,"key":"REST"}],"circlet_count":0,"master_deck":["AscendersBane","Strike_R+1","Strike_R+1","Strike_R+1","Strike_R+1","Defend_R+1","Defend_R+1","Defend_R+1","Defend_R+1","Bash+1","Bloodletting","Pommel Strike","Double Tap+1","Ghostly Armor","Feed+1","Carnage","Immolate","Reaper","Exhume","Headbutt+1","Whirlwind+1","Impervious","Flame Barrier+1","Armaments","Armaments+1","Flame Barrier+1"],"relics":["Burning Blood","Dream Catcher","Singing Bowl","Torii","StoneCalendar","Fusion Hammer","Anchor","Orrery","MutagenicStrength","Toy Ornithopter","WingedGreaves","White Beast Statue","Boot","Mummified Hand"],"acts_visited":["Exordium","TheCity"],"potions_floor_usage":[33],"damage_taken":[{"damage":0.0,"enemies":"Small Slimes","floor":1.0,"turns":3.0},{"damage":4.0,"enemies":"2 Louse","floor":3.0,"turns":3.0},{"damage":3.0,"enemies":"Jaw Worm","floor":4.0,"turns":4.0},{"damage":16.0,"enemies":"Blue Slaver","floor":5.0,"turns":4.0},{"damage":44.0,"enemies":"Gremlin Nob","floor":7.0,"turns":5.0},{"damage":42.0,"enemies":"3 Sentries","floor":11.0,"turns":12.0},{"damage":4.0,"enemies":"2 Fungi Beasts","floor":12.0,"turns":3.0},{"damage":8.0,"enemies":"Gremlin Nob","floor":14.0,"turns":3.0},{"damage":51.0,"enemies":"The Guardian","floor":16.0,"turns":15.0},{"damage":44.0,"enemies":"2 Thieves","floor":18.0,"turns":5.0},{"damage":59.0,"enemies":"Book of Stabbing","floor":24.0,"turns":7.0},{"damage":22.0,"enemies":"Slavers","floor":27.0,"turns":7.0},{"damage":34.0,"enemies":"Gremlin Leader","floor":29.0,"turns":7.0},{"damage":0.0,"enemies":"Chosen","floor":30.0,"turns":3.0},{"damage":138,"enemies":"Automaton","floor":33,"turns":12}],"seed_played":"5992154431693207917","potions_obtained":[{"floor":4.0,"key":"Block Potion"},{"floor":5.0,"key":"SmokeBomb"},{"floor":16.0,"key":"SpeedPotion"}],"is_trial":false,"path_per_floor":["M","?","M","M","M","R","E","?","T","R","E","M","?","E","R","B",null,"M","?","$","?","?","R","E","R","T","E","R","E","M","T","R","B"],"character_chosen":"IRONCLAD","items_purchased":["Anchor","Orrery"],"campfire_rested":5,"item_purchase_floors":[20,20],"current_hp_per_floor":[86,86,88,88,78,78,40,22,22,50,17,22,54,52,52,19,77,51,51,55,55,55,86,43,76,76,72,107,83,95,95,126,0,0],"gold":203,"neow_bonus":"TEN_PERCENT_HP_BONUS","is_daily":false,"chose_seed":false,"campfire_upgraded":2,"win_rate":0.0,"timestamp":1608696871,"path_taken":["M","?","M","M","M","R","E","?","T","R","E","M","?","E","R","BOSS","M","?","$","?","?","R","E","R","T","E","R","E","M","?","R","BOSS"],"items_purchased_type":["Relic","Relic"],"build_version":"2020-12-13","purchased_purges":0,"victory":false,"max_hp_per_floor":[88,88,88,88,88,88,88,88,88,90,93,96,96,96,96,96,96,102,102,106,106,106,106,112,112,112,112,114,118,124,124,126,126,126],"relic_stats":{"Dream Catcher":5,"Singing Bowl":16,"Torii":28,"counters":[15,93],"Mummified Hand":[0],"StoneCalendar":[114],"Boot":[1],"obtain_stats":[{"Singing Bowl":9,"Torii":11,"StoneCalendar":14,"Boot":29,"Burning Blood":0,"White Beast Statue":27,"Dream Catcher":7,"Anchor":20,"Mummified Hand":31,"MutagenicStrength":21,"Orrery":20,"Fusion Hammer":17,"WingedGreaves":26,"Toy Ornithopter":24},{"Singing Bowl":5,"Torii":6,"StoneCalendar":8,"Boot":13,"Burning Blood":0,"White Beast Statue":12,"Dream Catcher":5,"Anchor":10,"Mummified Hand":14,"MutagenicStrength":10,"Orrery":10,"Fusion Hammer":9,"WingedGreaves":11,"Toy Ornithopter":11},{"Singing Bowl":19,"Torii":31,"StoneCalendar":37,"Boot":78,"Burning Blood":0,"White Beast Statue":71,"Dream Catcher":19,"Anchor":57,"Mummified Hand":81,"MutagenicStrength":57,"Orrery":57,"Fusion Hammer":52,"WingedGreaves":64,"Toy Ornithopter":64}],"Burning Blood":81,"Toy Ornithopter":5},"card_choices":[{"not_picked":["Heavy Blade","Combust","Body Slam"],"picked":"SKIP","floor":1.0},{"not_picked":["Whirlwind","True Grit"],"picked":"Pommel Strike","floor":3.0},{"not_picked":["Pommel Strike","Thunderclap"],"picked":"Double Tap","floor":4.0},{"not_picked":["Headbutt","Rupture"],"picked":"Ghostly Armor","floor":5.0},{"not_picked":["Dual Wield","Sentinel"],"picked":"Feed","floor":7.0},{"not_picked":["Anger","Clash","Blood for Blood"],"picked":"Singing Bowl","floor":10.0},{"not_picked":["Thunderclap","Clash"],"picked":"Carnage","floor":11.0},{"not_picked":["Twin Strike","Pommel Strike"],"picked":"Immolate","floor":12.0},{"not_picked":["Rampage","Rupture"],"picked":"Reaper","floor":14.0},{"not_picked":["Fiend Fire","Double Tap"],"picked":"Exhume","floor":16.0},{"not_picked":["Intimidate+1","Heavy Blade","Wild Strike+1"],"picked":"Singing Bowl","floor":18.0},{"not_picked":["Pommel Strike","True Grit+1","Impervious"],"picked":"Singing Bowl","floor":20.0},{"not_picked":["True Grit","Twin Strike"],"picked":"Headbutt+1","floor":20.0},{"not_picked":["Sword Boomerang+1","Rupture"],"picked":"Whirlwind+1","floor":20.0},{"not_picked":["Blood for Blood+1","Heavy Blade","Uppercut"],"picked":"Singing Bowl","floor":20.0},{"not_picked":["Flex","Evolve"],"picked":"Impervious","floor":20.0},{"not_picked":["True Grit+1","Flex"],"picked":"Flame Barrier+1","floor":23.0},{"not_picked":["True Grit","Pummel","Flex"],"picked":"Singing Bowl","floor":24.0},{"not_picked":["Dropkick+1","Warcry"],"picked":"Armaments","floor":25.0},{"not_picked":["Body Slam+1","Headbutt+1"],"picked":"Armaments+1","floor":27.0},{"not_picked":["Seeing Red","Feel No Pain","Thunderclap+1"],"picked":"Singing Bowl","floor":28.0},{"not_picked":["Impervious","Sword Boomerang"],"picked":"Flame Barrier+1","floor":29.0},{"not_picked":["Cleave","Bloodletting","Rage"],"picked":"Singing Bowl","floor":30.0},{"not_picked":["Heavy Blade","Disarm","Combust"],"picked":"Singing Bowl","floor":32.0}],"player_experience":292513,"relics_obtained":[{"floor":7.0,"key":"Dream Catcher"},{"floor":9.0,"key":"Singing Bowl"},{"floor":11.0,"key":"Torii"},{"floor":14.0,"key":"StoneCalendar"},{"floor":24.0,"key":"Toy Ornithopter"},{"floor":26.0,"key":"WingedGreaves"},{"floor":27.0,"key":"White Beast Statue"},{"floor":29.0,"key":"Boot"},{"floor":31.0,"key":"Mummified Hand"}],"event_choices":[{"damage_healed":0.0,"max_hp_gain":0.0,"max_hp_loss":0.0,"gold_gain":0.0,"cards_transformed":["Strike_R"],"event_name":"Living Wall","player_choice":"Change","floor":2.0,"gold_loss":0.0,"damage_taken":0.0,"cards_obtained":["Bloodletting"]},{"damage_healed":0.0,"max_hp_gain":0.0,"max_hp_loss":0.0,"gold_gain":0.0,"event_name":"Shining Light","player_choice":"Entered Light","floor":8.0,"gold_loss":0.0,"damage_taken":18.0,"cards_upgraded":["Defend_R","Bash"]},{"damage_healed":32.0,"max_hp_gain":0.0,"max_hp_loss":0.0,"gold_gain":0.0,"event_name":"Big Fish","player_choice":"Banana","floor":13.0,"gold_loss":0.0,"damage_taken":0.0},{"damage_healed":0.0,"max_hp_gain":0.0,"max_hp_loss":0.0,"gold_gain":0.0,"event_name":"Back to Basics","player_choice":"Simplicity","floor":19.0,"gold_loss":0.0,"damage_taken":0.0,"cards_upgraded":["Strike_R","Strike_R","Strike_R","Strike_R","Defend_R","Defend_R","Defend_R"]},{"damage_healed":0.0,"max_hp_gain":0.0,"max_hp_loss":0.0,"gold_gain":0.0,"event_name":"Drug Dealer","player_choice":"Inject Mutagens","floor":21.0,"gold_loss":0.0,"damage_taken":0.0,"relics_obtained":["MutagenicStrength"]},{"damage_healed":0.0,"max_hp_gain":0.0,"max_hp_loss":0.0,"gold_gain":0.0,"event_name":"Vampires","player_choice":"Ignored","floor":22.0,"gold_loss":0.0,"damage_taken":0.0}],"is_beta":false,"boss_relics":[{"not_picked":["Tiny House","Astrolabe"],"picked":"Fusion Hammer"}],"items_purged_floors":[],"is_endless":false,"potions_floor_spawned":[4,5,7,16,27,29,30],"killed_by":"Automaton","ascension_level":11}}