{"host":"l84l8xigz5v5foa2","time":1608742780,"event":{"mods":["2.2 Compatiblity","AchievementEnabler","BaseMod","Better Note","Better Vampires","Colored Map","DeckTracker","Downfall","Gremlin Skip","Highlight Path","Keyboard Shortcuts","Minty Spire (QoL Compilation)","Permanent Neow","Quick Restart","Relic Filter","Relic Stats","StSLib","SuperFastMode","Transform Curses","Unknown Chances"],"gold_per_floor":[99,58,68,68,168,168,168,268,284,284,295,323,233,260,280,352,352,277,291,113,163,173,192,192,192,192,211,211,211,231,247,247,247,247],"floor_reached":32,"playtime":1703,"items_purged":["hexamod:Strike"],"score":500,"play_id":"6a35efc0-672a-4a22-9e45-51d2689f71dc","local_time":"20201224015940","is_ascension_mode":true,"campfire_choices":[{"data":"hexamod:Float","floor":1.0,"key":"SMITH"},{"floor":6.0,"key":"RECALL"},{"data":"hexamod:SuperheatedStrike","floor":10.0,"key":"SMITH"},{"data":"hexamod:GiftsFromTheDead","floor":18.0,"key":"SMITH"},{"data":"hexamod:Rewind","floor":25.0,"key":"SMITH"},{"data":"hexamod:RainOfEmbers","floor":28.0,"key":"SMITH"}],"circlet_count":0,"master_deck":["AscendersBane","hexamod:Defend","hexamod:Float+1","hexamod:SpectersWail","hexamod:ThirdSeal","hexamod:StepThrough","hexamod:CatchUp+1","hexamod:Hexaguard","hexamod:SuperheatedStrike+1","hexamod:DynamicBlow","hexamod:RecurringNightmare","hexamod:TimeWarp","hexamod:Rewind+1","hexamod:RecurringNightmare","hexamod:GhostflameBarrier","hexamod:HauntingEcho","hexamod:InspiringFlames","hexamod:GiftsFromTheDead+1","hexamod:GhostflameInferno+1","hexamod:Rewind+1","hexamod:PhantomCloak+1","hexamod:AdvancingGuard","hexamod:StepThrough+1","hexamod:ThirdSeal","hexamod:Hexaguard","hexamod:RainOfEmbers+1","hexamod:Haunt"],"relics":["hexamod:SpiritBrand","Shovel","Matryoshka","Astrolabe","downfall:HeartBlessingRed","Potion Belt","Akabeko","Unceasing Top"],"acts_visited":["TheCity"],"potions_floor_usage":[32],"damage_taken":[{"damage":0.0,"enemies":"downfall:FleeingMerchant","floor":2.0,"turns":4.0},{"damage":0.0,"enemies":"Cultist","floor":3.0,"turns":3.0},{"damage":10.0,"enemies":"downfall:Heads","floor":8.0,"turns":7.0},{"damage":0.0,"enemies":"Jaw Worm","floor":9.0,"turns":3.0},{"damage":2.0,"enemies":"Small Slimes","floor":11.0,"turns":2.0},{"damage":11.0,"enemies":"Lagavulin","floor":12.0,"turns":4.0},{"damage":0.0,"enemies":"downfall:FleeingMerchant","floor":13.0,"turns":4.0},{"damage":1.0,"enemies":"Gremlin Nob","floor":14.0,"turns":3.0},{"damage":0.0,"enemies":"2 Fungi Beasts","floor":15.0,"turns":3.0},{"damage":9.0,"enemies":"downfall:Silent","floor":16.0,"turns":7.0},{"damage":0.0,"enemies":"Spheric Guardian","floor":19.0,"turns":3.0},{"damage":7.0,"enemies":"downfall:FleeingMerchant","floor":20.0,"turns":4.0},{"damage":9.0,"enemies":"Sentry and Sphere","floor":22.0,"turns":4.0},{"damage":12.0,"enemies":"Snecko","floor":23.0,"turns":5.0},{"damage":12.0,"enemies":"Shelled Parasite and Fungi","floor":27.0,"turns":3.0},{"damage":10,"enemies":"Centurion and Healer","floor":30,"turns":5},{"damage":13,"enemies":"Cultist and Chosen","floor":31,"turns":4},{"damage":7,"enemies":"3 Cultists","floor":32,"turns":2}],"seed_played":"3473336812208002048","potions_obtained":[{"floor":3.0,"key":"SpeedPotion"},{"floor":9.0,"key":"FairyPotion"},{"floor":22.0,"key":"Explosive Potion"},{"floor":23.0,"key":"AttackPotion"}],"is_trial":false,"path_per_floor":["R","$","M","?","?","R","T","?","M","R","M","E","$","E","M","B",null,"R","M","$","?","M","M","T","R","?","M","R","?","M","M","M"],"character_chosen":"THE_SPIRIT","items_purchased":["hexamod:SpectersWail","Potion Belt"],"campfire_rested":0,"item_purchase_floors":[2,20],"current_hp_per_floor":[57,57,57,57,57,57,57,47,47,47,45,34,34,33,33,24,49,49,49,42,42,33,21,21,21,21,9,9,9,17,4,0,0,0],"gold":247,"neow_bonus":"REMOVE_TWO","is_daily":false,"chose_seed":false,"campfire_upgraded":5,"win_rate":0.0,"timestamp":1608742780,"path_taken":["R","?","M","?","?","R","T","?","M","R","M","E","$","E","M","BOSS","R","M","$","?","M","?","T","R","?","M","R","?","M","M","M"],"items_purchased_type":["Card","Relic"],"build_version":"2020-12-22","purchased_purges":1,"victory":false,"max_hp_per_floor":[57,57,57,57,57,57,57,57,57,57,57,57,57,57,57,57,57,57,57,57,57,57,57,57,57,57,57,57,57,57,57,57,57,57],"relic_stats":{"Shovel":0,"counters":[18,70],"Astrolabe":["hexamod:GhostflameInferno","hexamod:Rewind","hexamod:PhantomCloak"],"obtain_stats":[{"Potion Belt":20,"Shovel":12,"Matryoshka":14,"downfall:HeartBlessingRed":18,"Astrolabe":17,"hexamod:SpiritBrand":0,"Akabeko":24,"Unceasing Top":24},{"Potion Belt":12,"Shovel":6,"Matryoshka":8,"downfall:HeartBlessingRed":10,"Astrolabe":10,"hexamod:SpiritBrand":0,"Akabeko":14,"Unceasing Top":14},{"Potion Belt":47,"Shovel":23,"Matryoshka":30,"downfall:HeartBlessingRed":40,"Astrolabe":40,"hexamod:SpiritBrand":0,"Akabeko":56,"Unceasing Top":56}],"Unceasing Top":[0]},"card_choices":[{"not_picked":["hexamod:SkipABeat","hexamod:FastForward"],"picked":"hexamod:RainOfEmbers","floor":2.0},{"not_picked":["hexamod:RetreatToShadows","hexamod:Firestarter","hexamod:NightmareStrike"],"picked":"SKIP","floor":3.0},{"not_picked":["hexamod:NecessarySacrifice","hexamod:SpectralAdrenaline"],"picked":"hexamod:StepThrough","floor":8.0},{"not_picked":["hexamod:CatchUp","hexamod:FirstSeal"],"picked":"hexamod:Hexaguard","floor":8.0},{"not_picked":["hexamod:RetreatToShadows","hexamod:SwordOfDarkness"],"picked":"hexamod:SuperheatedStrike","floor":9.0},{"not_picked":["hexamod:FirstSeal","hexamod:Hexaguard"],"picked":"hexamod:DynamicBlow","floor":9.0},{"not_picked":["hexamod:PowerFromBeyond","hexamod:GhostShield"],"picked":"hexamod:RecurringNightmare","floor":11.0},{"not_picked":["hexamod:DynamicBlow","hexamod:SwordOfDarkness","hexamod:ParanormalForm"],"picked":"SKIP","floor":11.0},{"not_picked":["hexamod:NightmareStrike","hexamod:FastForward"],"picked":"hexamod:TimeWarp","floor":12.0},{"not_picked":["hexamod:VolcanoVisage","hexamod:BurningTouch","hexamod:HexaLevel"],"picked":"SKIP","floor":12.0},{"not_picked":["hexamod:ParanormalForm","hexamod:GhostflameBarrier"],"picked":"hexamod:Rewind","floor":13.0},{"not_picked":["hexamod:SpectralSpark","hexamod:FlamesFromBeyond","hexamod:BurningTouch"],"picked":"SKIP","floor":13.0},{"not_picked":["hexamod:NightmareStrike","hexamod:FifthSeal"],"picked":"hexamod:RecurringNightmare","floor":14.0},{"not_picked":["hexamod:NightmareStrike","hexamod:BurningTouch"],"picked":"hexamod:GhostflameBarrier","floor":14.0},{"not_picked":["hexamod:InspiringFlames","hexamod:Firestarter"],"picked":"hexamod:HauntingEcho","floor":15.0},{"not_picked":["hexamod:SwordOfDarkness","hexamod:GhostShield"],"picked":"hexamod:InspiringFlames","floor":15.0},{"not_picked":["hexamod:VolcanoVisage","hexamod:FifthSeal"],"picked":"hexamod:GiftsFromTheDead","floor":16.0},{"not_picked":["hexamod:BacktrackSmack","hexamod:SpectralSpark"],"picked":"hexamod:AdvancingGuard","floor":19.0},{"not_picked":["hexamod:PhantomFireball","hexamod:FastForward","hexamod:SuperheatedStrike"],"picked":"SKIP","floor":19.0},{"not_picked":["hexamod:SwordOfDarkness","hexamod:AdvancingGuard","hexamod:NightmareGuise"],"picked":"SKIP","floor":20.0},{"not_picked":["hexamod:BacktrackSmack","hexamod:NightmareGuise","hexamod:Firestarter"],"picked":"SKIP","floor":20.0},{"not_picked":["hexamod:InspiringFlames","hexamod:AdvancingGuard"],"picked":"hexamod:StepThrough+1","floor":22.0},{"not_picked":["hexamod:ParanormalForm","hexamod:CatchUp"],"picked":"hexamod:ThirdSeal","floor":22.0},{"not_picked":["hexamod:NightmareStrike","hexamod:GhostLash"],"picked":"hexamod:Hexaguard","floor":23.0},{"not_picked":["hexamod:BacktrackSmack","hexamod:NightmareGuise","hexamod:SoulSteal"],"picked":"SKIP","floor":23.0},{"not_picked":["hexamod:BurningTouch","hexamod:ThermalTransfer","hexamod:DynamicBlow"],"picked":"SKIP","floor":23.0},{"not_picked":["hexamod:BacktrackSmack","hexamod:RecurringNightmare"],"picked":"hexamod:RainOfEmbers","floor":27.0},{"not_picked":["hexamod:VolcanoVisage","hexamod:Rewind"],"picked":"hexamod:Haunt","floor":30},{"not_picked":["hexamod:ThermalTransfer","hexamod:PhantomFireball+1","hexamod:SpectralSpark+1"],"picked":"SKIP","floor":30},{"not_picked":["hexamod:Again","hexamod:HeatMetal","hexamod:Hexaguard"],"picked":"SKIP","floor":30},{"not_picked":["hexamod:Hexaguard","hexamod:RainOfEmbers","hexamod:Firestarter"],"picked":"SKIP","floor":31},{"not_picked":["hexamod:BacktrackSmack","hexamod:NecessarySacrifice","hexamod:GhostShield"],"picked":"SKIP","floor":31}],"player_experience":2672044,"relics_obtained":[{"floor":12.0,"key":"Shovel"},{"floor":14.0,"key":"Matryoshka"},{"floor":24.0,"key":"Akabeko"},{"floor":24.0,"key":"Unceasing Top"}],"event_choices":[{"damage_healed":0.0,"max_hp_gain":0.0,"max_hp_loss":0.0,"gold_gain":0.0,"event_name":"Vampires","player_choice":"Ignored","floor":29.0,"gold_loss":0.0,"damage_taken":0.0}],"is_beta":false,"boss_relics":[{"not_picked":["Runic Pyramid","Fusion Hammer"],"picked":"Astrolabe"}],"items_purged_floors":[13],"is_endless":false,"potions_floor_spawned":[3,9,15,16,19,22,23],"killed_by":"3 Cultists","ascension_level":20}}