{"host":"52jmisti11ysmja4","time":1608749137,"event":{"mods":["Aspiration","BaseMod","Better Third Choice","Hermit","Koishi","Minty Spire (QoL Compilation)","Remove Card Discount Mod","Shade Mod","StSLib","The Cursed","The Servant 0.9.4","The Vixen"],"gold_per_floor":[109,109,1,18,34,63,63,78,78,153,168,188,221,221,221,295,295,308,308,308],"floor_reached":19,"playtime":929,"items_purged":["Strike_R","Strike_R","Strike_R","Strike_R","Strike_R","Defend_R"],"score":358,"play_id":"f5de8532-d9c8-4c49-8866-2cbff61a6e72","local_time":"20201223104537","is_ascension_mode":true,"campfire_choices":[{"data":"Hemokinesis","floor":7,"key":"SMITH"},{"data":"Rampage","floor":15,"key":"SMITH"}],"circlet_count":0,"master_deck":["AscendersBane","Defend_R","Defend_R","Defend_R","Bash","Iron Wave+1","Hemokinesis+1","Iron Wave","Fire Breathing","Anger","Pommel Strike","Rampage+1","Pummel","Thunderclap","Shrug It Off","Double Tap","Thunderclap"],"relics":["Burning Blood","NeowsBlessing","Omamori","FossilizedHelix","Juzu Bracelet","SlaversCollar"],"acts_visited":["Exordium","TheCity"],"potions_floor_usage":[16,18,19],"damage_taken":[{"damage":1,"enemies":"Small Slimes","floor":1,"turns":2},{"damage":0,"enemies":"Jaw Worm","floor":4,"turns":1},{"damage":0,"enemies":"Cultist","floor":5,"turns":2},{"damage":27,"enemies":"Lagavulin","floor":6,"turns":5},{"damage":7,"enemies":"Gremlin Gang","floor":8,"turns":4},{"damage":22,"enemies":"Exordium Thugs","floor":11,"turns":4},{"damage":2,"enemies":"Blue Slaver","floor":12,"turns":3},{"damage":7,"enemies":"3 Sentries","floor":13,"turns":4},{"damage":67,"enemies":"The Guardian","floor":16,"turns":8},{"damage":21,"enemies":"3 Byrds","floor":18,"turns":4},{"damage":18,"enemies":"Chosen","floor":19,"turns":4}],"seed_played":"-9024496958546096792","potions_obtained":[{"floor":6,"key":"GamblersBrew"},{"floor":8,"key":"DuplicationPotion"},{"floor":16,"key":"Explosive Potion"}],"is_trial":false,"path_per_floor":["M","?","$","M","M","E","R","M","T","?","M","M","E","?","R","B",null,"M","M"],"character_chosen":"IRONCLAD","items_purchased":["Hemokinesis","Iron Wave"],"campfire_rested":0,"item_purchase_floors":[3,3],"current_hp_per_floor":[73,73,73,75,75,54,54,53,53,42,26,30,29,75,75,14,60,45,27,27],"gold":308,"neow_bonus":"THREE_ENEMY_KILL","is_daily":false,"chose_seed":false,"campfire_upgraded":2,"win_rate":0.0,"timestamp":1608749137,"path_taken":["M","?","$","M","M","E","R","M","T","?","M","?","E","?","R","BOSS","M","M"],"items_purchased_type":["Card","Card"],"build_version":"2020-12-22","purchased_purges":6,"victory":false,"max_hp_per_floor":[75,75,75,75,75,75,75,75,75,75,75,75,75,75,75,75,75,75,75,75],"card_choices":[{"not_picked":["Sever Soul","Pommel Strike"],"picked":"Iron Wave","floor":1},{"not_picked":["Heavy Blade","True Grit"],"picked":"Fire Breathing","floor":4},{"not_picked":["Sword Boomerang","Burning Pact"],"picked":"Anger","floor":5},{"not_picked":["Twin Strike","Limit Break"],"picked":"Pommel Strike","floor":6},{"not_picked":["Evolve","Wild Strike"],"picked":"Rampage","floor":8},{"not_picked":["Heavy Blade","Sword Boomerang"],"picked":"Pummel","floor":11},{"not_picked":["Disarm","Armaments"],"picked":"Thunderclap","floor":12},{"not_picked":["Impervious","Warcry"],"picked":"Shrug It Off","floor":13},{"not_picked":["Juggernaut","Impervious"],"picked":"Double Tap","floor":16},{"not_picked":["Wild Strike","Body Slam"],"picked":"Thunderclap","floor":18}],"player_experience":602487,"relics_obtained":[{"floor":6,"key":"Omamori"},{"floor":9,"key":"FossilizedHelix"},{"floor":13,"key":"Juzu Bracelet"}],"event_choices":[{"damage_healed":0,"gold_gain":0,"player_choice":"Grow","damage_taken":0,"max_hp_gain":0,"max_hp_loss":0,"event_name":"Living Wall","floor":2,"gold_loss":0,"cards_upgraded":["Iron Wave"]},{"damage_healed":0,"gold_gain":75,"player_choice":"Gold","damage_taken":11,"max_hp_gain":0,"max_hp_loss":0,"event_name":"betterThird:BetterGoop","floor":10,"gold_loss":0},{"damage_healed":46,"gold_gain":0,"player_choice":"Full Heal","damage_taken":0,"max_hp_gain":0,"max_hp_loss":0,"event_name":"Wheel of Change","floor":14,"gold_loss":0}],"is_beta":false,"boss_relics":[{"not_picked":["aspiration:WatcherSkillbook","Runic Dome"],"picked":"SlaversCollar"}],"items_purged_floors":[3,3,3,3,3,3],"is_endless":false,"potions_floor_spawned":[6,8,13,16],"killed_by":"Chosen","ascension_level":20}}