{"host":"knoo6yq0od847mqf","time":1608751873,"event":{"mods":["BaseMod","Bestiary","CatGirl Mod","Displayed Cursed Tome","Downfall","Hubris","Marisa????????","Minty Spire (QoL Compilation)","Replay The Spire","StSLib","The Alterego","The Bug Knight","The Dragon Tamer"],"gold_per_floor":[118,118,129,139,109,138,138,158,158,158,169,185,204,51,51,152,152,170,170,110,110,122,122,150,150,175,175,189,204,48,68,118,220,220,236,312,332,350,368,368,388,404,427,462,462,475,475,485,485,485],"floor_reached":51,"playtime":2483,"items_purged":["ReplayTheSpireMod:Doomed"],"score":630,"play_id":"7d3a60dc-3b36-41d0-b700-e6cccd7c5184","local_time":"20201223203113","is_ascension_mode":false,"campfire_choices":[{"floor":7,"key":"REST"},{"data":"alterego_mod:SakuraLabyrinth","floor":10,"key":"SMITH"},{"data":"alterego_mod:Punishment","floor":15,"key":"SMITH"},{"data":"alterego_mod:Cushion","floor":23,"key":"SMITH"},{"data":"alterego_mod:RocketPunch","floor":25,"key":"SMITH"},{"data":"alterego_mod:BrynhildrRomantia","floor":27,"key":"SMITH"},{"data":"alterego_mod:Support","floor":40,"key":"SMITH"},{"floor":45,"key":"REST"},{"floor":49,"key":"REST"}],"circlet_count":0,"master_deck":["alterego_mod:Defend","alterego_mod:Defend","alterego_mod:Defend","alterego_mod:Defend","alterego_mod:BigMeatyClaws","alterego_mod:BrynhildrsRune+1","alterego_mod:Punishment+1","alterego_mod:SakuraLabyrinth+1","alterego_mod:MagicResistance","alterego_mod:VirginLaserPalladion","alterego_mod:RocketPunch+1","alterego_mod:Clones","alterego_mod:Cushion+1","alterego_mod:BrynhildrRomantia+1","alterego_mod:Punishment+1","Bite","Bite","Bite","Bite","Bite","alterego_mod:MagicResistance+1","alterego_mod:Nekomimi","alterego_mod:Rake","alterego_mod:SideboobHour+1","alterego_mod:Support+1","alterego_mod:Rip","alterego_mod:BeGentle"],"relics":["alterego_mod:MasochisticConstitution","hubris:CrystalStatue","Quantum Egg","Tiny Chest","Replay:Grab Bag","Philosopher\u0027s Stone","Cursed Key","hubris:ScarierMask","Runic Pyramid","Anchor","Painkiller Herb","Golden Egg","Replay:Mystery Machine","ReplayTheSpireMod:Lightbulb"],"acts_visited":["Exordium","TheCity","TheBeyond"],"potions_floor_usage":[8,16,50,50],"damage_taken":[{"damage":2,"enemies":"Small Slimes","floor":1,"turns":5},{"damage":10,"enemies":"Cultist","floor":3,"turns":5},{"damage":1,"enemies":"2 Louse","floor":4,"turns":4},{"damage":7,"enemies":"Looter","floor":5,"turns":4},{"damage":37,"enemies":"Lagavulin","floor":6,"turns":15},{"damage":22,"enemies":"Exordium Wildlife","floor":8,"turns":7},{"damage":4,"enemies":"2 Fungi Beasts","floor":11,"turns":5},{"damage":3,"enemies":"Red Slaver","floor":12,"turns":7},{"damage":1,"enemies":"Blue Slaver","floor":13,"turns":6},{"damage":30,"enemies":"Slime Boss","floor":16,"turns":10},{"damage":12,"enemies":"Shell Parasite","floor":18,"turns":6},{"damage":1,"enemies":"2 Thieves","floor":22,"turns":3},{"damage":21,"enemies":"Book of Stabbing","floor":24,"turns":5},{"damage":10,"enemies":"Snecko","floor":28,"turns":5},{"damage":12,"enemies":"Centurion and Healer","floor":29,"turns":4},{"damage":3,"enemies":"Snake Plant","floor":31,"turns":4},{"damage":73,"enemies":"hubris:MusketHawk","floor":33,"turns":9},{"damage":21,"enemies":"3 Shapes","floor":35,"turns":4},{"damage":5,"enemies":"Orb Walker","floor":37,"turns":5},{"damage":14,"enemies":"4 Shapes","floor":38,"turns":6},{"damage":6,"enemies":"3 Darklings","floor":39,"turns":5},{"damage":9,"enemies":"Maw","floor":41,"turns":6},{"damage":0,"enemies":"Sphere and 2 Shapes","floor":42,"turns":4},{"damage":68,"enemies":"Giant Head","floor":44,"turns":15},{"damage":32,"enemies":"3 Darklings","floor":46,"turns":10},{"damage":58,"enemies":"Transient","floor":48,"turns":5},{"damage":32,"enemies":"Replay:Hell Engine","floor":50,"turns":12}],"seed_played":"1107020432803751967","potions_obtained":[{"floor":1,"key":"Block Potion"},{"floor":11,"key":"Ancient Potion"},{"floor":12,"key":"Strength Potion"},{"floor":13,"key":"Death Potion"},{"floor":16,"key":"Block Potion"},{"floor":42,"key":"LifebloodPotion"},{"floor":46,"key":"DuplicationPotion"}],"is_trial":false,"path_per_floor":["M","?","M","M","M","E","R","M","T","R","M","M","M","$","R","B",null,"M","?","?","$","M","R","E","R","T","R","M","M","$","M","R","B",null,"?","T","?","?","?","T","?","?","T","E","T","?","?","?","T","B",null],"character_chosen":"The_Alterego","items_purchased":["Tiny Chest","alterego_mod:Nekomimi"],"campfire_rested":3,"item_purchase_floors":[14,30],"current_hp_per_floor":[71,71,69,73,67,38,60,53,53,53,64,69,76,76,76,75,80,76,56,56,56,60,60,60,60,60,60,65,66,66,71,71,40,76,71,71,77,84,88,88,89,93,93,55,84,81,81,37,67,92],"gold":485,"neow_bonus":"UPGRADE_CARD","is_daily":false,"chose_seed":false,"campfire_upgraded":6,"win_rate":0.0,"timestamp":1608751873,"path_taken":["M","?","M","M","M","E","R","?","T","R","M","M","M","$","R","BOSS","M","?","?","$","?","R","E","R","T","R","M","M","$","M","R","BOSS","?","?","?","?","?","T","?","?","T","E","T","?","?","?","T","BOSS"],"items_purchased_type":["Relic","Card"],"build_version":"2020-12-13","purchased_purges":1,"victory":true,"max_hp_per_floor":[71,71,72,73,74,75,75,76,76,76,77,78,79,79,79,80,80,80,56,56,56,60,60,60,60,60,60,65,66,66,71,71,76,76,81,81,82,87,88,88,89,93,93,98,98,99,99,100,100,101],"card_choices":[{"not_picked":["alterego_mod:1TonWallop","alterego_mod:Undulate"],"picked":"alterego_mod:Punishment","floor":1},{"not_picked":["alterego_mod:BustOut","alterego_mod:Smother"],"picked":"alterego_mod:SakuraLabyrinth","floor":3},{"not_picked":["alterego_mod:DiscoLights","alterego_mod:Collar"],"picked":"alterego_mod:MagicResistance","floor":4},{"not_picked":["alterego_mod:DiscoLights","alterego_mod:Belle","alterego_mod:Santa"],"picked":"SKIP","floor":5},{"not_picked":["alterego_mod:Jiggle","alterego_mod:Santa"],"picked":"alterego_mod:VirginLaserPalladion","floor":6},{"not_picked":["alterego_mod:BiFurious","alterego_mod:BustOut"],"picked":"alterego_mod:RocketPunch","floor":8},{"not_picked":["alterego_mod:DeftHands","alterego_mod:Punishment"],"picked":"alterego_mod:Clones","floor":11},{"not_picked":["alterego_mod:Bounce","alterego_mod:BiFurious"],"picked":"alterego_mod:Cushion","floor":12},{"not_picked":["alterego_mod:Cooking","alterego_mod:Cycle","alterego_mod:Santa"],"picked":"SKIP","floor":13},{"not_picked":["alterego_mod:RingBreak","alterego_mod:Alter"],"picked":"alterego_mod:BrynhildrRomantia","floor":16},{"not_picked":["alterego_mod:DiscoLights","alterego_mod:DestructionOfProperty"],"picked":"alterego_mod:Punishment+1","floor":18},{"not_picked":["alterego_mod:DiscoLights","alterego_mod:MagicResistance","alterego_mod:Bounce"],"picked":"SKIP","floor":22},{"not_picked":["alterego_mod:Maid","alterego_mod:BiFurious"],"picked":"alterego_mod:MagicResistance+1","floor":24},{"not_picked":["alterego_mod:SakuraPetals","alterego_mod:Belts","alterego_mod:PerceptionDisorder+1"],"picked":"SKIP","floor":28},{"not_picked":["alterego_mod:SakuraPetals","alterego_mod:HighServant","alterego_mod:BiFurious+1"],"picked":"SKIP","floor":29},{"not_picked":["alterego_mod:ChallengeComplete","alterego_mod:Punishment"],"picked":"alterego_mod:Rake","floor":31},{"not_picked":["alterego_mod:HighServant","alterego_mod:Cycle+1","alterego_mod:Birthday"],"picked":"SKIP","floor":35},{"not_picked":["alterego_mod:BoobPocket","alterego_mod:TrashNCrash","alterego_mod:Stockings"],"picked":"SKIP","floor":37},{"not_picked":["alterego_mod:DiscoLights+1","alterego_mod:Exercise"],"picked":"alterego_mod:SideboobHour","floor":38},{"not_picked":["alterego_mod:MagicResistance","alterego_mod:Table+1"],"picked":"alterego_mod:Support","floor":39},{"not_picked":["alterego_mod:DeftHands","alterego_mod:TrashNCrash"],"picked":"alterego_mod:Rip","floor":41},{"not_picked":["alterego_mod:Maid","alterego_mod:Schoolgirl+1","alterego_mod:DeftHands+1"],"picked":"SKIP","floor":42},{"not_picked":["alterego_mod:BiFurious+1","alterego_mod:Pet+1"],"picked":"alterego_mod:BeGentle","floor":44},{"not_picked":["alterego_mod:Pet+1","alterego_mod:Birthday+1","alterego_mod:SakuraPetals"],"picked":"SKIP","floor":46},{"not_picked":["alterego_mod:Birthday","alterego_mod:Cooking","alterego_mod:Jiggle"],"picked":"SKIP","floor":48}],"player_experience":204461,"relics_obtained":[{"floor":6,"key":"hubris:CrystalStatue"},{"floor":9,"key":"Quantum Egg"},{"floor":26,"key":"Anchor"},{"floor":36,"key":"Golden Egg"},{"floor":43,"key":"Replay:Mystery Machine"},{"floor":44,"key":"ReplayTheSpireMod:Lightbulb"}],"event_choices":[{"cards_removed":["alterego_mod:Impale"],"damage_healed":0,"gold_gain":0,"player_choice":"Offered Basic","damage_taken":0,"max_hp_gain":0,"max_hp_loss":0,"event_name":"Bonfire Elementals","floor":2,"gold_loss":0},{"damage_healed":0,"gold_gain":0,"player_choice":"Became a vampire","damage_taken":0,"max_hp_gain":0,"max_hp_loss":24,"event_name":"Vampires","floor":19,"gold_loss":0,"cards_obtained":["Bite","Bite","Bite","Bite","Bite"]},{"cards_removed":["Normality","CommonCold"],"damage_healed":0,"gold_gain":0,"player_choice":"Removed Curses","damage_taken":0,"max_hp_gain":0,"max_hp_loss":0,"event_name":"Fountain of Cleansing","floor":47,"gold_loss":0}],"is_beta":false,"boss_relics":[{"not_picked":["Honey Jar","hubris:GrandSneckoEye"],"picked":"Replay:Grab Bag"},{"not_picked":["Abe\u0027s Treasure","ReplayTheSpireMod:DimensionalGlitch"],"picked":"Philosopher\u0027s Stone"},{"not_picked":["Replay:Bronze Core","Coffee Dripper"],"picked":"Cursed Key"},{"not_picked":["Empty Cage","hubris:BlackHole"],"picked":"hubris:ScarierMask"},{"not_picked":["Ring of Chaos","Kintsugi"],"picked":"Runic Pyramid"},{"not_picked":["Replay:Ancient Bell","Velvet Choker"],"picked":"Painkiller Herb"}],"items_purged_floors":[30],"is_endless":false,"potions_floor_spawned":[1,11,12,13,16,24,29,33,35,42,44,46,48],"ascension_level":0}}