{"host":"uflv0e3ja7hvnij7","time":1608733603,"event":{"mods":["BaseMod","Conspire","Hubris","Minty Spire (QoL Compilation)","Replay The Spire","StSLib","The Bug Knight"],"gold_per_floor":[13,30,30,44,44,44,77,77,102,118,118,118,131,62,62,157,157,176,196,196,209,134,154,69,69,69],"floor_reached":25,"playtime":1534,"items_purged":["HollowMod:ElderbugsWisdom"],"score":213,"play_id":"99a25ab7-a480-4898-b26d-dabcce8b9d1d","local_time":"20201223092643","is_ascension_mode":true,"campfire_choices":[{"data":"HollowMod:ShadowDash","floor":6,"key":"SMITH"},{"floor":8,"key":"REST"},{"data":"HollowMod:VengefulVoid","floor":11,"key":"SMITH"},{"data":"HollowMod:BlackTendrils","floor":15,"key":"SMITH"}],"circlet_count":0,"master_deck":["HollowMod:NailStrikeStart","HollowMod:NailStrikeStart","HollowMod:NailStrikeStart","HollowMod:NailStrikeStart","HollowMod:QuickDashStart","HollowMod:QuickDashStart","HollowMod:QuickDashStart","HollowMod:QuickDashStart","HollowMod:PogoStrike","HollowMod:VoidDash+1","HollowMod:ShadowDash+1","HollowMod:RecoilStrike","HollowMod:VengefulVoid+1","Pot Of Greed","Pot Of Greed","HollowMod:SharpenedShadows","HollowMod:BlackTendrils+1","HollowMod:SharpenedShadows","HollowMod:VengefulVoid+1","HollowMod:ShadowDash"],"relics":["HollowMod:VesselMask","Bottled Lightning","Grinning Jar","Black Star","Unceasing Top"],"acts_visited":["Exordium","TheCity"],"potions_floor_usage":[13,19,21,21,23,23],"damage_taken":[{"damage":0,"enemies":"2 Louse","floor":1,"turns":2},{"damage":0,"enemies":"Cultist","floor":2,"turns":4},{"damage":0,"enemies":"Small Slimes","floor":4,"turns":2},{"damage":31,"enemies":"Gremlin Nob","floor":7,"turns":4},{"damage":0,"enemies":"2 Fungi Beasts","floor":10,"turns":4},{"damage":0,"enemies":"Blue Slaver","floor":13,"turns":2},{"damage":21,"enemies":"HollowMod:FalseKnight","floor":16,"turns":9},{"damage":14,"enemies":"Spheric Guardian","floor":18,"turns":4},{"damage":15,"enemies":"2 Thieves","floor":19,"turns":4},{"damage":33,"enemies":"Cultist and Chosen","floor":21,"turns":7},{"damage":5,"enemies":"Snecko","floor":23,"turns":4},{"damage":17,"enemies":"Centurion and Healer","floor":25,"turns":2}],"seed_played":"8614104580276816046","potions_obtained":[{"floor":7,"key":"Ancient Potion"},{"floor":13,"key":"Fruit Juice"},{"floor":16,"key":"DistilledChaos"},{"floor":19,"key":"EntropicBrew"},{"floor":23,"key":"Energy Potion"}],"is_trial":false,"path_per_floor":["M","M","?","M","$","R","E","R","T","M","R","?","M","$","R","B",null,"M","M","?","M","$","M","?","M"],"character_chosen":"THE_BUGKNIGHT","items_purchased":["HollowMod:BlackTendrils"],"campfire_rested":1,"item_purchase_floors":[14],"current_hp_per_floor":[75,75,75,75,75,75,44,66,66,66,66,59,64,64,64,47,80,66,58,43,14,14,9,9,0,0],"gold":69,"neow_bonus":"THREE_RARE_CARDS","is_daily":false,"chose_seed":false,"campfire_upgraded":3,"win_rate":0.0,"timestamp":1608733603,"path_taken":["M","M","?","?","?","R","E","R","T","M","R","?","M","$","R","BOSS","M","M","?","M","$","M","?","M"],"items_purchased_type":["Card"],"build_version":"2020-12-22","purchased_purges":1,"victory":false,"max_hp_per_floor":[75,75,75,75,75,75,75,75,75,75,75,75,80,80,80,80,80,80,80,85,85,85,85,85,85,85],"card_choices":[{"not_picked":["HollowMod:Hiveblood","HollowMod:LifebloodCore"],"picked":"HollowMod:VoidDash","floor":0},{"not_picked":["HollowMod:DashSlash","HollowMod:DoubleDash"],"picked":"HollowMod:ShadowDash","floor":1},{"not_picked":["HollowMod:CrystalDash","HollowMod:DungDefenderAura"],"picked":"HollowMod:RecoilStrike","floor":2},{"not_picked":["HollowMod:MawleksShell","HollowMod:QuirrelsAssistance"],"picked":"HollowMod:VengefulVoid","floor":4},{"not_picked":["HollowMod:DungDefenderAura","HollowMod:MawleksShell","HollowMod:HeavyBlow"],"picked":"SKIP","floor":7},{"not_picked":["HollowMod:SoulStrike","HollowMod:MawleksShell","HollowMod:CoiledNail"],"picked":"SKIP","floor":10},{"not_picked":["HollowMod:VengefulVoid","HollowMod:DesolateDive"],"picked":"HollowMod:SharpenedShadows","floor":13},{"not_picked":["HollowMod:PureVessel","HollowMod:VoidDash"],"picked":"HollowMod:ElderbugsWisdom","floor":16},{"not_picked":["HollowMod:CornifersMapStart","HollowMod:TaintedHusks+1","HollowMod:ChannelNail+1"],"picked":"SKIP","floor":18},{"not_picked":["HollowMod:DungDefenderAura+1","HollowMod:LifebloodCocoon"],"picked":"HollowMod:SharpenedShadows","floor":19},{"not_picked":["HollowMod:InfectedCysts","HollowMod:HowlingWraiths"],"picked":"HollowMod:VengefulVoid+1","floor":21},{"not_picked":["HollowMod:DescendingDark+1","HollowMod:MawleksShell+1"],"picked":"HollowMod:ShadowDash","floor":23}],"player_experience":305723,"relics_obtained":[{"floor":7,"key":"Bottled Lightning"},{"floor":9,"key":"Grinning Jar"}],"event_choices":[{"damage_healed":0,"gold_gain":0,"player_choice":"Upgraded","damage_taken":0,"max_hp_gain":0,"max_hp_loss":0,"event_name":"Upgrade Shrine","floor":3,"gold_loss":0,"cards_upgraded":["HollowMod:VoidDash"]},{"cards_removed":["HollowMod:FocusHealStart"],"damage_healed":0,"gold_gain":0,"player_choice":"Card Removal","damage_taken":7,"max_hp_gain":0,"max_hp_loss":0,"event_name":"Golden Wing","floor":12,"gold_loss":0},{"damage_healed":0,"gold_gain":0,"player_choice":"Shed Blood","damage_taken":20,"max_hp_gain":5,"max_hp_loss":0,"event_name":"Forgotten Altar","floor":20,"gold_loss":0},{"damage_healed":0,"gold_gain":0,"player_choice":"Obtained Relic","damage_taken":0,"relics_obtained":["Unceasing Top"],"max_hp_gain":0,"max_hp_loss":0,"event_name":"Addict","floor":24,"gold_loss":85}],"is_beta":false,"boss_relics":[{"not_picked":["Coffee Dripper","conspire:SpecialSausage"],"picked":"Black Star"}],"items_purged_floors":[22],"is_endless":false,"potions_floor_spawned":[7,13,16,19,23],"killed_by":"Centurion and Healer","ascension_level":1}}