{"host":"ix2a18c4ohfsrslv","time":1608689531,"event":{"mods":["BaseMod","Better Third Choice","Downfall","Lobotomy","Minty Spire (QoL Compilation)","Replay The Spire","StSLib"],"gold_per_floor":[109,109,38,53,53,53,81,81,136,29,60,90,90,100,164,194,194,174,131,131,131,122,130,130,139,139,54,54,69,69,69,69,214,214,234,194,126,76,36,36,84,84,84,84,88,108,108,108,108,48,48],"floor_reached":50,"playtime":3688,"items_purged":[],"score":989,"play_id":"f26fa320-0234-4636-aa3d-805d046dae7b","local_time":"20201222181211","is_ascension_mode":true,"campfire_choices":[{"data":"Blade Dance","floor":6,"key":"SMITH"},{"floor":8,"key":"REST"},{"data":"Dash","floor":13,"key":"SMITH"},{"floor":24,"key":"REST"},{"data":"Phantasmal Killer","floor":28,"key":"SMITH"},{"floor":32,"key":"REST"},{"data":"Backflip","floor":40,"key":"SMITH"},{"data":"Infinite Blades","floor":42,"key":"SMITH"},{"data":"Footwork","floor":44,"key":"SMITH"},{"data":"LittleHelper","floor":49,"key":"PURGE"}],"circlet_count":0,"master_deck":["Defend_G+1","Defend_G","Defend_G","Defend_G","Survivor+1","Neutralize","VoidDream","Slice","Caltrops","CherryBlossoms","Blade Dance+1","Wraith Form v2+1","OSAHOGD","Dash+1","Infinite Blades","Finisher","Freischutz","Dagger Spray","SpiderBud","Phantasmal Killer+1","FairyFestival","Accuracy+1","ShyLook","Prepared","Infinite Blades+1","QueenOfHatred","Blade Dance+1","RedShoes","Bite","Bite","Bite","Bite","Bite","Storm of Steel","AbeCurse","NakedNest","CENSORED","Replay:Poison Smokescreen","Backflip+1","WhitesApple","ReplayTheSpireMod:Tripwire+1","Parasite","Footwork+1","Parasite","BigBird","Fluid Movement","Parasite","Murderer","Leg Sweep","Panache","Parasite"],"relics":["Ring of the Snake","CogitoBucket","Replay:Mystery Machine","Gremlin Horn","Eternal Feather","Empty Cage","ChangeAnything","Ornamental Fan","War Paint","ResearcherNote","Torii","Question Card","Abe\u0027s Treasure","AtMidnight","Theresia","ReplayTheSpireMod:Lightbulb","Replay:Bottled Flurry","Anchor","Gambling Chip"],"acts_visited":["Exordium","TheCity","TheBeyond"],"potions_floor_usage":[16,23,29,33,33,35,37,50],"damage_taken":[{"damage":5,"enemies":"2 Louse","floor":1,"turns":3},{"damage":6,"enemies":"Cultist","floor":4,"turns":3},{"damage":20,"enemies":"3 Sentries","floor":7,"turns":9},{"damage":13,"enemies":"Gremlin Nob","floor":11,"turns":5},{"damage":6,"enemies":"Small Slimes","floor":14,"turns":3},{"damage":32,"enemies":"The Guardian","floor":16,"turns":8},{"damage":4,"enemies":"Spheric Guardian","floor":18,"turns":2},{"damage":4,"enemies":"Chosen","floor":19,"turns":3},{"damage":14,"enemies":"Snake Plant","floor":22,"turns":4},{"damage":42,"enemies":"Gremlin Leader","floor":23,"turns":4},{"damage":15,"enemies":"Shelled Parasite and Fungi","floor":25,"turns":3},{"damage":2,"enemies":"Snecko","floor":27,"turns":1},{"damage":57,"enemies":"Slavers","floor":29,"turns":2},{"damage":14,"enemies":"Pondfish","floor":33,"turns":7},{"damage":8,"enemies":"Orb Walker","floor":35,"turns":3},{"damage":32,"enemies":"3 Shapes","floor":37,"turns":2},{"damage":16,"enemies":"Jaw Worm Horde","floor":39,"turns":5},{"damage":26,"enemies":"Nemesis","floor":41,"turns":7},{"damage":5,"enemies":"Giant Head","floor":45,"turns":6},{"damage":3,"enemies":"Mind Bloom Boss Battle","floor":46,"turns":5},{"damage":53,"enemies":"Time Eater","floor":50,"turns":4}],"seed_played":"6962472356913699944","potions_obtained":[{"floor":11,"key":"Explosive Potion"},{"floor":16,"key":"SneckoOil"},{"floor":25,"key":"Strength Potion"},{"floor":27,"key":"Guardian:BlockOnCardUsePotion"},{"floor":29,"key":"LifebloodPotion"},{"floor":33,"key":"SkillPotion"},{"floor":36,"key":"SmokeBomb"},{"floor":36,"key":"Guardian:BlockOnCardUsePotion"},{"floor":36,"key":"FairyPotion"},{"floor":41,"key":"Death Potion"}],"is_trial":false,"path_per_floor":["M","?","$","M","?","R","E","R","T","$","E","?","R","M","R","B",null,"M","M","?","?","M","E","R","M","T","M","R","E","?","?","R","B",null,"M","?","M","$","M","R","E","R","T","R","E","?","?","?","R","B"],"character_chosen":"THE_SILENT","items_purchased":["Caltrops","Infinite Blades","Finisher","Backflip"],"campfire_rested":3,"item_purchase_floors":[3,10,10,38],"current_hp_per_floor":[65,65,65,59,59,59,39,60,60,60,49,49,61,57,69,40,70,66,66,66,66,55,24,63,55,55,57,70,13,13,13,52,56,70,62,62,38,38,51,70,58,70,70,70,70,70,70,70,70,39,39],"gold":48,"neow_bonus":"","is_daily":false,"chose_seed":false,"campfire_upgraded":6,"win_rate":0.0,"timestamp":1608689531,"path_taken":["M","?","?","M","?","R","E","R","T","$","E","?","R","M","R","BOSS","M","M","?","?","M","E","R","M","T","?","R","E","?","?","R","BOSS","M","?","M","?","M","R","E","R","T","R","E","?","?","?","R","BOSS"],"items_purchased_type":["Card","Card","Card","Card"],"build_version":"2020-12-13","purchased_purges":0,"victory":false,"max_hp_per_floor":[70,70,70,70,70,70,70,70,70,70,70,70,70,70,70,70,70,70,70,70,70,70,70,70,70,70,70,70,70,70,70,70,70,70,70,70,70,70,70,70,70,70,70,70,70,70,70,70,70,70,70],"card_choices":[{"not_picked":["PunishingBird","Wellcheers"],"picked":"VoidDream","floor":1},{"not_picked":["Acrobatics","Flechettes"],"picked":"Slice","floor":1},{"not_picked":["PunishingBird","MeltingLove"],"picked":"CherryBlossoms","floor":4},{"not_picked":["Skewer","Poisoned Stab"],"picked":"Blade Dance","floor":4},{"not_picked":["BeautyBeast","UniverseFragment"],"picked":"OSAHOGD","floor":7},{"not_picked":["Endless Agony","Footwork"],"picked":"Dash","floor":7},{"not_picked":["SnowQueen","Murderer"],"picked":"Freischutz","floor":11},{"not_picked":["Catalyst","Prepared"],"picked":"Dagger Spray","floor":11},{"not_picked":["SpiderBud","MeatLantern"],"picked":"Funeral","floor":14},{"not_picked":["Toxin Wave","Dodge and Roll","Sucker Punch"],"picked":"SKIP","floor":14},{"not_picked":["Wellcheers","HeroicMonk"],"picked":"SpiderBud","floor":16},{"not_picked":["Night Terror","Burst"],"picked":"Phantasmal Killer","floor":16},{"not_picked":["Murderer","OldLady"],"picked":"FairyFestival","floor":18},{"not_picked":["Footwork","Sucker Punch"],"picked":"Accuracy","floor":18},{"not_picked":["BeautyBeast","WallGazer"],"picked":"ShyLook","floor":19},{"not_picked":["Backflip","Poisoned Stab"],"picked":"Prepared","floor":19},{"not_picked":["MHz","UniverseFragment"],"picked":"QueenOfHatred","floor":22},{"not_picked":["Quick Slash","Cloak And Dagger"],"picked":"Blade Dance+1","floor":22},{"not_picked":["Bloodbath","Murderer"],"picked":"Scorched","floor":23},{"not_picked":["Footwork","Bullet Time"],"picked":"Leg Sweep+1","floor":23},{"not_picked":["Expertise","Deadly Poison","Riddle With Holes"],"picked":"SKIP","floor":25},{"not_picked":["HappyTeddy","GreedKing"],"picked":"Scorched","floor":27},{"not_picked":["Dagger Spray","Glass Knife","Backflip"],"picked":"SKIP","floor":27},{"not_picked":["WhitesApple","Scorched"],"picked":"RedShoes","floor":29},{"not_picked":["Hidden Blade","Bane","Flechettes"],"picked":"SKIP","floor":29},{"not_picked":["BigBadWolf","Scorched"],"picked":"Laetitia","floor":33},{"not_picked":["Unload","Atom Bomb","Die Die Die"],"picked":"Storm of Steel","floor":33},{"not_picked":["DespairKnight","Murderer"],"picked":"NakedNest","floor":35},{"not_picked":["Blade Dance","Quick Slash+1","Draining Mist+1","Underhanded Strike"],"picked":"SKIP","floor":35},{"not_picked":["Mercenary","Alriune"],"picked":"CENSORED","floor":37},{"not_picked":["Blade Dance+1","Slice","Skewer"],"picked":"Replay:Poison Smokescreen","floor":37},{"not_picked":["SnowQueen","OldLady"],"picked":"WhitesApple","floor":39},{"not_picked":["Underhanded Strike+1","Choke","Catalyst"],"picked":"ReplayTheSpireMod:Tripwire+1","floor":39},{"not_picked":["Woodsman","Bloodbath"],"picked":"LittleHelper","floor":41},{"not_picked":["Blade Dance","Deadly Poison+1","Noxious Fumes"],"picked":"Footwork","floor":41},{"not_picked":["Funeral","Scarecrow"],"picked":"BigBird","floor":45},{"not_picked":["Escape Plan","Draining Mist+1","Acrobatics"],"picked":"Fluid Movement","floor":45},{"not_picked":["QueenBee","FieryBird"],"picked":"Murderer","floor":46},{"not_picked":["Poison Darts","Dagger Throw","ReplayTheSpireMod:Scrap Shanks+1"],"picked":"Leg Sweep","floor":46},{"not_picked":["Discovery","expansioncontent:Torchfire","The Bomb"],"picked":"Panache","floor":47}],"player_experience":112930,"relics_obtained":[{"floor":7,"key":"Replay:Mystery Machine"},{"floor":9,"key":"Blood Vial"},{"floor":11,"key":"Gremlin Horn"},{"floor":23,"key":"Ornamental Fan"},{"floor":26,"key":"War Paint"},{"floor":29,"key":"Torii"},{"floor":31,"key":"Question Card"},{"floor":39,"key":"AtMidnight"},{"floor":41,"key":"ReplayTheSpireMod:Lightbulb"},{"floor":43,"key":"Replay:Bottled Flurry"},{"floor":45,"key":"Anchor"},{"floor":46,"key":"Gambling Chip"}],"event_choices":[{"cards_removed":["Strike_G"],"damage_healed":0,"gold_gain":0,"player_choice":"Purged","damage_taken":0,"max_hp_gain":0,"max_hp_loss":0,"event_name":"Purifier","floor":2,"gold_loss":0},{"damage_healed":0,"gold_gain":30,"player_choice":"Searched \u00272\u0027 times","damage_taken":0,"relics_obtained":["Eternal Feather"],"max_hp_gain":0,"max_hp_loss":0,"event_name":"Dead Adventurer","floor":12,"gold_loss":0},{"damage_healed":0,"gold_gain":0,"player_choice":"Read","damage_taken":0,"max_hp_gain":0,"max_hp_loss":0,"event_name":"The Library","floor":20,"gold_loss":0,"cards_obtained":["Infinite Blades"]},{"damage_healed":0,"gold_gain":0,"player_choice":"Forge","damage_taken":0,"max_hp_gain":0,"max_hp_loss":0,"event_name":"Accursed Blacksmith","floor":21,"gold_loss":0,"cards_upgraded":["Accuracy"]},{"damage_healed":0,"gold_gain":0,"player_choice":"Became a vampire (Vial)","damage_taken":0,"max_hp_gain":0,"max_hp_loss":0,"event_name":"Vampires","floor":30,"relics_lost":["Blood Vial"],"gold_loss":0,"cards_obtained":["Bite","Bite","Bite","Bite","Bite"]},{"damage_healed":0,"gold_gain":0,"player_choice":"Relic","damage_taken":0,"max_hp_gain":0,"max_hp_loss":0,"event_name":"Wheel of Change","floor":31,"gold_loss":0},{"damage_healed":0,"gold_gain":0,"player_choice":"Bought 3 Potions","damage_taken":0,"max_hp_gain":0,"max_hp_loss":0,"event_name":"The Woman in Blue","floor":36,"gold_loss":0},{"damage_healed":0,"gold_gain":0,"player_choice":"Fight","damage_taken":0,"max_hp_gain":0,"max_hp_loss":0,"event_name":"MindBloom","floor":46,"gold_loss":0},{"damage_healed":0,"gold_gain":0,"player_choice":"Memory 1","damage_taken":0,"max_hp_gain":0,"max_hp_loss":0,"event_name":"SensoryStone","floor":47,"gold_loss":0},{"cards_removed":["Laetitia"],"damage_healed":0,"gold_gain":0,"player_choice":"Removed Skill","damage_taken":0,"max_hp_gain":0,"max_hp_loss":0,"event_name":"Falling","floor":48,"gold_loss":0}],"is_beta":false,"boss_relics":[{"not_picked":["Tiny House","Astrolabe"],"picked":"Empty Cage"},{"not_picked":["SlaversCollar","Coffee Dripper"],"picked":"Abe\u0027s Treasure"}],"items_purged_floors":[],"is_endless":false,"potions_floor_spawned":[11,16,25,27,29,33,41],"killed_by":"Time Eater","ascension_level":2}}