{"host":"flm17o2q7bfjyna6","time":1608740064,"event":{"mods":["2.2 Compatiblity","Act Like it!","BaseMod","Better Altar","Better Match","Better Note","Better Sensory Stone","Better Skull","Better Third Choice","Better Vampires","Colored Map","Colored Powertips","DeckTracker","Hermit","Ironclad Rager","Minty Spire (QoL Compilation)","Quick Restart","Replay The Spire","Reworked Bosses","Spicy Shops","StSLib","Wandering Minibosses"],"gold_per_floor":[126,135,145,69,69,69,69],"floor_reached":6,"playtime":208,"items_purged":[],"score":51,"play_id":"a8b11a2d-bf63-4b0d-9d31-d287beea626c","local_time":"20201223111424","is_ascension_mode":true,"campfire_choices":[],"circlet_count":0,"master_deck":["AscendersBane","Strike_R","Strike_R","Strike_R","Strike_R","Strike_R","Defend_R+1","Defend_R+1","Defend_R","Defend_R","Bash","Headbutt","Regret"],"relics":["Burning Blood","CeramicFish","Shuriken","Simple Rune","ReplayTheSpireMod:Ring of Exchange"],"acts_visited":["Exordium"],"potions_floor_usage":[6,6],"damage_taken":[{"damage":6,"enemies":"Jaw Worm","floor":1,"turns":5},{"damage":8,"enemies":"Small Slimes","floor":3,"turns":3},{"damage":76,"enemies":"3 Sentries","floor":6,"turns":11}],"seed_played":"4501220940694363984","potions_obtained":[{"floor":1,"key":"Adrenaline Potion"},{"floor":3,"key":"GamblersBrew"}],"is_trial":false,"path_per_floor":["M","?","M","$","?","E"],"character_chosen":"IRONCLAD","items_purchased":["Simple Rune"],"campfire_rested":0,"item_purchase_floors":[4],"current_hp_per_floor":[72,72,70,70,70,0,0],"gold":69,"neow_bonus":"RANDOM_COMMON_RELIC","is_daily":false,"chose_seed":false,"campfire_upgraded":0,"win_rate":0.0,"timestamp":1608740064,"path_taken":["M","?","M","?","?","E"],"items_purchased_type":["Relic"],"build_version":"2020-12-22","purchased_purges":0,"victory":false,"max_hp_per_floor":[80,80,80,80,80,80,80],"card_choices":[{"not_picked":["Dual Wield","Life Link"],"picked":"Headbutt","floor":1},{"not_picked":["Dark Embrace","Warcry","Run Through"],"picked":"SKIP","floor":3}],"player_experience":1605345,"relics_obtained":[{"floor":5,"key":"ReplayTheSpireMod:Ring of Exchange"}],"event_choices":[{"damage_healed":0,"gold_gain":0,"player_choice":"Box","damage_taken":0,"relics_obtained":["Shuriken"],"max_hp_gain":0,"max_hp_loss":0,"event_name":"Big Fish","floor":2,"gold_loss":0,"cards_obtained":["Regret"]}],"is_beta":false,"boss_relics":[],"items_purged_floors":[],"is_endless":false,"potions_floor_spawned":[1,3],"killed_by":"3 Sentries","ascension_level":10}}