{"host":"8aazbu429xvxw5ti","time":1608698646,"event":{"mods":["2.2 Compatiblity","BaseMod","Colored Map","DeckTracker","Highlight Path","Keyboard Shortcuts","Minty Spire (QoL Compilation)","Permanent Neow","Quick Restart","StSLib","SuperFastMode","everything is the same but u backflip on backflip"],"gold_per_floor":[119,135,148,148,161,161,193,206,233,233,251,265,285,296,296,391,391,408,507,507,507],"floor_reached":20,"playtime":671,"items_purged":[],"score":270,"play_id":"09f8b760-2808-4e3b-983e-ab39e0292c4d","local_time":"20201223134406","is_ascension_mode":true,"campfire_choices":[{"data":"Flex","floor":6.0,"key":"SMITH"},{"floor":10,"key":"REST"},{"data":"Flex","floor":15,"key":"SMITH"}],"circlet_count":0,"master_deck":["AscendersBane","Strike_R","Strike_R","Strike_R","Strike_R+1","Strike_R+1","Defend_R","Defend_R","Defend_R","Defend_R","Bash","Cleave","Thunderclap","Flex+1","Inflame","Flex+1","Offering"],"relics":["Burning Blood","Regal Pillow","Art of War","Bronze Scales","Whetstone","Fusion Hammer"],"acts_visited":["Exordium","TheCity"],"potions_floor_usage":[7,16,16],"damage_taken":[{"damage":11.0,"enemies":"Cultist","floor":1.0,"turns":4.0},{"damage":12.0,"enemies":"Small Slimes","floor":2.0,"turns":4.0},{"damage":7.0,"enemies":"Jaw Worm","floor":3.0,"turns":3.0},{"damage":7.0,"enemies":"Exordium Wildlife","floor":5.0,"turns":3.0},{"damage":30,"enemies":"Gremlin Nob","floor":7,"turns":4},{"damage":21,"enemies":"Blue Slaver","floor":8,"turns":3},{"damage":0,"enemies":"Large Slime","floor":11,"turns":5},{"damage":17,"enemies":"Exordium Thugs","floor":12,"turns":3},{"damage":7,"enemies":"2 Fungi Beasts","floor":13,"turns":2},{"damage":0,"enemies":"Gremlin Gang","floor":14,"turns":3},{"damage":51,"enemies":"Hexaghost","floor":16,"turns":7},{"damage":12,"enemies":"3 Byrds","floor":18,"turns":3},{"damage":6,"enemies":"Spheric Guardian","floor":20,"turns":3}],"seed_played":"-7059056121271166154","potions_obtained":[{"floor":5.0,"key":"PowerPotion"},{"floor":7,"key":"Regen Potion"},{"floor":8,"key":"BlessingOfTheForge"},{"floor":11,"key":"Regen Potion"},{"floor":13,"key":"FearPotion"},{"floor":16,"key":"Weak Potion"},{"floor":18,"key":"AttackPotion"}],"is_trial":false,"path_per_floor":["M","M","M","T","M","R","E","M","T","R","M","M","M","M","R","B",null,"M","?","M"],"character_chosen":"IRONCLAD","items_purchased":[],"campfire_rested":1,"item_purchase_floors":[],"current_hp_per_floor":[67,61,60,60,59,59,35,20,20,59,65,54,53,59,59,14,64,58,58,52,52],"gold":507,"neow_bonus":"RANDOM_COMMON_RELIC","is_daily":false,"chose_seed":false,"campfire_upgraded":2,"win_rate":0.0,"timestamp":1608698646,"path_taken":["M","M","M","?","M","R","E","M","T","R","M","?","?","M","R","BOSS","M","?","M"],"items_purchased_type":[],"build_version":"2020-12-22","purchased_purges":0,"victory":false,"max_hp_per_floor":[80,80,80,80,80,80,80,80,80,80,80,80,80,80,80,80,80,80,80,80,80],"card_choices":[{"not_picked":["Twin Strike","Cleave","Anger"],"picked":"SKIP","floor":1.0},{"not_picked":["Twin Strike","Anger"],"picked":"Cleave","floor":1.0},{"not_picked":["Burning Pact","Seeing Red"],"picked":"Thunderclap","floor":2.0},{"not_picked":["Wild Strike","Armaments"],"picked":"Flex","floor":3.0},{"not_picked":["Power Through","Cleave","Inflame"],"picked":"SKIP","floor":5.0},{"not_picked":["Power Through","Cleave"],"picked":"Inflame","floor":5.0},{"not_picked":["Metallicize","Double Tap","Iron Wave"],"picked":"SKIP","floor":7},{"not_picked":["Wild Strike","Spot Weakness"],"picked":"Flex","floor":8},{"not_picked":["Anger","Blood for Blood","Sword Boomerang"],"picked":"SKIP","floor":11},{"not_picked":["Burning Pact","Thunderclap","Clash"],"picked":"SKIP","floor":12},{"not_picked":["Cleave","Clothesline","Sword Boomerang"],"picked":"SKIP","floor":13},{"not_picked":["Inflame","True Grit","Wild Strike"],"picked":"SKIP","floor":14},{"not_picked":["Exhume","Impervious"],"picked":"Offering","floor":16},{"not_picked":["Evolve","Body Slam","Power Through"],"picked":"SKIP","floor":18}],"player_experience":433318,"relics_obtained":[{"floor":4.0,"key":"Art of War"},{"floor":7,"key":"Bronze Scales"},{"floor":9,"key":"Whetstone"}],"event_choices":[{"damage_healed":0,"gold_gain":99,"player_choice":"Stole From Cult","damage_taken":0,"max_hp_gain":0,"max_hp_loss":0,"event_name":"Nest","floor":19,"gold_loss":0}],"is_beta":false,"boss_relics":[{"not_picked":["Snecko Eye","Busted Crown"],"picked":"Fusion Hammer"}],"items_purged_floors":[],"is_endless":false,"potions_floor_spawned":[5,7,8,11,13,14,16,18],"killed_by":"Spheric Guardian","ascension_level":10}}