{"host":"vvaf77k5q4hdboei","time":1608688891,"event":{"mods":["BaseMod","Block Reminder","Curses Come First","DeckTracker","Hubris","Marisa????????","Minty Spire (QoL Compilation)","Quick Restart","Rare Cards Sparkle","Replay The Spire","Shade Mod","StSLib","The Cursed","The Hierophant","The Marked","The Necromancer","The Servant 0.9.4","The Wild Card"],"gold_per_floor":[114,42,42,42,42,76,94,12,36,46,46,59,42,89,89,103,103,23,34,59,88,144,200,200,224,224],"floor_reached":25,"playtime":2670,"items_purged":[],"score":283,"play_id":"4f4d7cb4-5bab-4664-84eb-693d3541718b","local_time":"20201223000131","is_ascension_mode":false,"campfire_choices":[{"data":"theWildCard:UnendingRitual","floor":11,"key":"SMITH"},{"data":"theWildCard:Safeguard","floor":15,"key":"SMITH"}],"circlet_count":0,"master_deck":["theWildCard:BasicStrike","theWildCard:BasicStrike","theWildCard:BasicStrike","theWildCard:BasicStrike","theWildCard:BasicDefend","theWildCard:BasicDefend","theWildCard:BasicDefend","theWildCard:BasicDefend","theWildCard:CallToAdventure","theWildCard:Arsene+1","theWildCard:ArcaneArts","theWildCard:UnendingRitual+1","theWildCard:Sakuya","theWildCard:ArchaicAssault","theWildCard:SeveringSlash","theWildCard:ArcanaArtistry","theWildCard:ArcaneArts","theWildCard:MagicalMight","theWildCard:Safeguard+1","theWildCard:ArcaneArts","theWildCard:TheArcanaUnleashed","theWildCard:StingingStrike","theWildCard:PaleRider+1","theWildCard:StalwartBlade","theWildCard:ArchaicAssault+1","theWildCard:Metatron","theWildCard:Safeguard+1"],"relics":["theWildCard:VelvetContract","NeowsBlessing","Ancient Tea Set","Replay:Wax Seal","Replay:Bandana","PreservedInsect","Black Star","hubris:SlimyHat","Centennial Puzzle"],"acts_visited":["Exordium","TheCity"],"potions_floor_usage":[14,20,23,23],"damage_taken":[{"damage":0,"enemies":"Jaw Worm","floor":1,"turns":1},{"damage":0,"enemies":"Gremlin Nob","floor":6,"turns":1},{"damage":0,"enemies":"2 Louse","floor":7,"turns":1},{"damage":0,"enemies":"Small Slimes","floor":10,"turns":2},{"damage":9,"enemies":"Blue Slaver","floor":12,"turns":5},{"damage":2,"enemies":"Replay:BlueRogue","floor":14,"turns":4},{"damage":11,"enemies":"Hexaghost","floor":16,"turns":15},{"damage":14,"enemies":"Spheric Guardian","floor":18,"turns":8},{"damage":2,"enemies":"2 Thieves","floor":19,"turns":5},{"damage":19,"enemies":"Centurion and Healer","floor":20,"turns":6},{"damage":5,"enemies":"Snake Plant","floor":21,"turns":6},{"damage":0,"enemies":"3 Cultists","floor":22,"turns":1},{"damage":15,"enemies":"Slavers","floor":23,"turns":3},{"damage":33,"enemies":"Shelled Parasite and Fungi","floor":25,"turns":3}],"seed_played":"-812138982819831063","potions_obtained":[{"floor":6,"key":"Ancient Potion"},{"floor":7,"key":"Strength Potion"},{"floor":12,"key":"SpeedPotion"},{"floor":16,"key":"Toxic Potion"},{"floor":18,"key":"CultistPotion"},{"floor":19,"key":"Toxic Potion"},{"floor":20,"key":"Milkshake"}],"is_trial":false,"path_per_floor":["M","$","?","?","$","E","M","$","T","M","R","M","$","E","R","B",null,"M","M","M","M","M","E","?","M"],"character_chosen":"THE_WILD_CARD","items_purchased":["theWildCard:UnendingRitual","theWildCard:ArcanaArtistry","Replay:Bandana","theWildCard:Safeguard"],"campfire_rested":0,"item_purchase_floors":[2,8,13,13],"current_hp_per_floor":[60,60,60,60,60,60,60,60,60,60,60,51,51,49,49,51,60,60,58,39,34,34,28,28,0,0],"gold":224,"neow_bonus":"THREE_ENEMY_KILL","is_daily":false,"chose_seed":false,"campfire_upgraded":2,"win_rate":0.0,"timestamp":1608688891,"path_taken":["M","$","?","?","?","E","M","?","T","M","R","M","$","E","R","BOSS","M","M","M","M","M","E","?","M"],"items_purchased_type":["Card","Card","Relic","Card"],"build_version":"2020-12-13","purchased_purges":0,"victory":false,"max_hp_per_floor":[60,60,60,60,60,60,60,60,60,60,60,60,60,60,60,60,60,60,60,60,60,60,60,60,60,60],"card_choices":[{"not_picked":["theWildCard:StalwartBlade","theWildCard:Attunement"],"picked":"theWildCard:ArcaneArts","floor":1},{"not_picked":["theWildCard:Salvation","theWildCard:EnergizedStroke"],"picked":"theWildCard:ArchaicAssault","floor":6},{"not_picked":["theWildCard:PaleRider","theWildCard:StingingStrike"],"picked":"theWildCard:SeveringSlash","floor":7},{"not_picked":["theWildCard:ManOfManyFaces","theWildCard:StingingStrike"],"picked":"theWildCard:ArcaneArts","floor":10},{"not_picked":["theWildCard:Michael","theWildCard:LadyLuck"],"picked":"theWildCard:MagicalMight","floor":12},{"not_picked":["theWildCard:SacrificialStroke","theWildCard:MagicMettle"],"picked":"theWildCard:ArcaneArts","floor":14},{"not_picked":["theWildCard:Thanatos","theWildCard:FinalHour"],"picked":"theWildCard:TheArcanaUnleashed","floor":16},{"not_picked":["theWildCard:ArcaneArts","theWildCard:SacrificialStroke"],"picked":"theWildCard:StingingStrike","floor":18},{"not_picked":["theWildCard:Sakuya+1","theWildCard:ArcaneArts"],"picked":"theWildCard:PaleRider+1","floor":19},{"not_picked":["theWildCard:BladeOfGenerations+1","theWildCard:StingingStrike+1"],"picked":"theWildCard:StalwartBlade","floor":20},{"not_picked":["theWildCard:StingingStrike","theWildCard:ArcaneArts"],"picked":"theWildCard:ArchaicAssault+1","floor":21},{"not_picked":["theWildCard:Unburden+1","theWildCard:BladeOfGenerations+1"],"picked":"theWildCard:Metatron","floor":22},{"not_picked":["theWildCard:ManOfManyFaces","theWildCard:Proficiency"],"picked":"theWildCard:Safeguard+1","floor":23}],"player_experience":15073,"relics_obtained":[{"floor":6,"key":"Ancient Tea Set"},{"floor":9,"key":"Replay:Wax Seal"},{"floor":14,"key":"PreservedInsect"},{"floor":23,"key":"hubris:SlimyHat"},{"floor":23,"key":"Centennial Puzzle"}],"event_choices":[],"is_beta":false,"boss_relics":[{"not_picked":["theWildCard:Wildcard","hubris:GrandSneckoEye"],"picked":"Black Star"}],"items_purged_floors":[],"is_endless":false,"potions_floor_spawned":[6,7,12,16,18,19,20],"killed_by":"Shelled Parasite and Fungi","ascension_level":0}}