{"host":"dwyzfvnzfcqffr30","time":1608723659,"event":{"mods":["2.2 Compatiblity","Act Like it!","BaseMod","Beaked The Cultist","Better Altar","Better Match","Better Note","Better Sensory Stone","Better Skull","Better Third Choice","Clockwork Mod","Colored Map","Colored Powertips","Conspire","Downfall","Elementarium","GifTheSpireLib","Halation","Hermit","Hubris","Infinite Spire","Ironclad Rager","Jedi Mod","Menagerie","Mimic Mod","Minty Spire (QoL Compilation)","Permanent Neow","Random Character Button","Replay The Spire","Spicy Shops","StSLib","Stuff the Spire","The Construct","The Disciple","The Druid","The Marked","TheFirefly","Trackpad","vexMod"],"gold_per_floor":[414,425,425,444,457,593,593,738,769,883,883,995,349,274,274,421,421,436,436,447,457,457,565,565,688,688,688,688,899,918,17,17,164,164,185,208,208,41,41,72,72],"floor_reached":40,"playtime":3468,"items_purged":["Strike_Br+1","Strike_Br+1","Strike_Br+1"],"score":797,"play_id":"93177eea-bbe7-4e70-bbc5-4234a75cb5a8","local_time":"20201223034059","is_ascension_mode":true,"campfire_choices":[{"floor":7,"key":"REST"},{"floor":15,"key":"RECALL"},{"floor":24,"key":"REST"},{"floor":27,"key":"REST"},{"floor":32,"key":"REST"}],"circlet_count":0,"master_deck":["Strike_Br+1","Defend_Br+1","Defend_Br+1","Defend_Br+1","Defend_Br+1","SecondHand+1","PatternShift+1","MasterReality+1","Keepsakes+1","ReapSow+15","ExoVibe+16","Analog+1","Accelerando+1","Allegretto+1","HandsUpB+1","Engulf+1","Chronoelasticity+1","Echoward+1","Adagio+1","ResonantCall+1","Analog+1"],"relics":["Chronometer","Strawberry","hubris:FruitBowl","hubris:EvacipatedBox","StuffTheSpire:TintedRock","Juzu Bracelet","Molten Egg 2","Toxic Egg 2","Frozen Egg 2","Quantum Egg","Bottled Tornado","Bronze Scales","vexMod:ConsolationPrize","Golden Egg","Replay:Wax Seal","trackpad:RapidFire","hubris:MobiusCoin","sneckomod:BlankCard","vexMod:Cooldron","conspire:SlowCooker","betterThird:NestCultRelic","Letter Opener","hubris:DisguiseKit","trackpad:Mousetrap","conspire:TopHat","Lee\u0027s Waffle","hubris:TenFootPole","vexMod:InvisibilityCloak","Blood Vial","ChewingGum","halation:EternalFortune"],"acts_visited":["Menagerie:Menagerie","TheCity","TheBeyond"],"potions_floor_usage":[6,8,10,12,16,16,20,20,20,23,25,25,25,29,29,30,33,33,33,40,40],"damage_taken":[{"damage":0,"enemies":"Menagerie:MonstrousExperiment","floor":1,"turns":4},{"damage":0,"enemies":"Menagerie:WhisperingWraith","floor":2,"turns":4},{"damage":0,"enemies":"Menagerie:2_RABBITS","floor":4,"turns":3},{"damage":1,"enemies":"Menagerie:KEEPER_AND_YOUNG_SUNEATER","floor":5,"turns":4},{"damage":1,"enemies":"Menagerie:VoidReaper","floor":6,"turns":5},{"damage":13,"enemies":"Menagerie:Hydra","floor":8,"turns":4},{"damage":0,"enemies":"Menagerie:3_RABBITS","floor":9,"turns":5},{"damage":2,"enemies":"Menagerie:VoidReaper","floor":10,"turns":3},{"damage":0,"enemies":"Menagerie:MaskedSummoner","floor":12,"turns":5},{"damage":1,"enemies":"Menagerie:AVATARS","floor":16,"turns":5},{"damage":4,"enemies":"3 Byrds","floor":18,"turns":1},{"damage":0,"enemies":"Chosen","floor":20,"turns":3},{"damage":0,"enemies":"3 Cultists","floor":21,"turns":4},{"damage":0,"enemies":"Book of Stabbing","floor":23,"turns":5},{"damage":7,"enemies":"Gremlin Leader","floor":25,"turns":6},{"damage":25,"enemies":"Book of Stabbing","floor":29,"turns":4},{"damage":3,"enemies":"Snecko","floor":30,"turns":5},{"damage":43,"enemies":"Champ","floor":33,"turns":9},{"damage":2,"enemies":"Orb Walker","floor":35,"turns":4},{"damage":12,"enemies":"3 Shapes","floor":36,"turns":4},{"damage":75,"enemies":"Nemesis","floor":40,"turns":7}],"seed_played":"-6178495421002048342","potions_obtained":[{"floor":1,"key":"Dexterity Potion"},{"floor":2,"key":"jedi:tentaclejuice"},{"floor":4,"key":"Energy Potion"},{"floor":8,"key":"Reflective Coating"},{"floor":10,"key":"ColorlessPotion"},{"floor":18,"key":"EntropicBrew"},{"floor":23,"key":"EntropicBrew"},{"floor":25,"key":"EntropicBrew"},{"floor":29,"key":"EntropicBrew"}],"is_trial":false,"path_per_floor":["M","M","?","M","M","E","R","E","MIM","E","?","E","$","?","R","B",null,"M","?","M","M","?","E","R","E","T","R","T","E","M","$","R","B",null,"M","M","?","$","?","E"],"character_chosen":"CHRONO_CLASS","items_purchased":["Engulf+1","Dexterity Potion","Toxic Potion","sneckomod:BlankCard","vexMod:Cooldron","Lee\u0027s Waffle","hubris:TenFootPole","vexMod:InvisibilityCloak","Blood Vial","Analog+1","EntropicBrew"],"campfire_rested":4,"item_purchase_floors":[13,13,13,13,13,31,31,31,31,38,38],"current_hp_per_floor":[66,66,52,52,51,50,71,58,58,56,56,56,56,56,56,55,68,64,71,71,71,71,71,72,65,65,72,72,47,44,82,82,39,71,71,61,65,65,65,0,0],"gold":72,"neow_bonus":"RANDOM_COMMON_RELIC","is_daily":false,"chose_seed":false,"campfire_upgraded":0,"win_rate":0.0,"timestamp":1608723659,"path_taken":["M","M","?","M","M","E","R","E","MIM","E","?","E","?","?","R","BOSS","M","?","M","M","?","E","R","E","T","R","?","E","M","$","R","BOSS","M","M","?","$","?","E"],"items_purchased_type":["Card","Potion","Potion","Relic","Relic","Relic","Relic","Relic","Relic","Card","Potion"],"build_version":"2020-12-22","purchased_purges":3,"victory":false,"max_hp_per_floor":[72,72,72,72,72,72,72,72,72,72,72,72,72,72,72,72,72,72,72,72,72,72,72,72,72,72,72,72,72,72,82,82,82,82,82,82,86,86,86,86,86],"card_choices":[{"not_picked":["BlueShift+1","LockedUrn+1"],"picked":"Keepsakes+1","floor":1},{"not_picked":["LockedBlood+1","Stagnate+1"],"picked":"ReapSow+1","floor":2},{"not_picked":["LockedTornado+1","Echoward+1"],"picked":"Tempo+1","floor":4},{"not_picked":["AlternateTimeline+1","EscortCommand+1"],"picked":"ExoVibe+1","floor":5},{"not_picked":["Cuckoo+1","LockedThread+1"],"picked":"Analog+1","floor":6},{"not_picked":["BiteCommand+1","LockedMedicine+1","LockedCalendar+1"],"picked":"SKIP","floor":8},{"not_picked":["ReapSow+1","LockedMercury+1"],"picked":"Tempo+1","floor":9},{"not_picked":["Keepsakes+1","LockedAnchor+1"],"picked":"HandsUpB+1","floor":10},{"not_picked":["WindUp+1","LockedMedicine+1","LockedThread+1"],"picked":"SKIP","floor":12},{"not_picked":["LockedCalendar+1","Pendulum+1"],"picked":"Chronoelasticity+1","floor":16},{"not_picked":["HandsUpB+1","Engulf+1"],"picked":"Echoward+1","floor":18},{"not_picked":["AlternateTimeline+1","LockedMedicine+1","WakeUpCall+1"],"picked":"SKIP","floor":20},{"not_picked":["WindUp+1","LockedUrn+1","LockedMercury+1"],"picked":"SKIP","floor":21},{"not_picked":["SlimeSpray+1","HandsUpC+1"],"picked":"Tempo+1","floor":23},{"not_picked":["Engulf+1","Parity+1","LockedCalendar+1"],"picked":"SKIP","floor":25},{"not_picked":["Stagnate+1","TiringSlam+1","LockedOrichalcum+1","Dodge and Roll"],"picked":"SKIP","floor":29},{"not_picked":["AlternateTimeline+1","TickedOff+1","Echoward+1","Slice"],"picked":"SKIP","floor":30},{"not_picked":["Engulf+1","WakeUpCall+1","StuffTheSpire:BumpUp"],"picked":"ResonantCall+1","floor":35},{"not_picked":["Stagnate+1","LockedScales+1","LockedAnchor+1","StuffTheSpire:BumpUp"],"picked":"SKIP","floor":36}],"player_experience":2351555,"relics_obtained":[{"floor":6,"key":"vexMod:ConsolationPrize"},{"floor":8,"key":"Golden Egg"},{"floor":9,"key":"Replay:Wax Seal"},{"floor":10,"key":"trackpad:RapidFire"},{"floor":12,"key":"hubris:MobiusCoin"},{"floor":23,"key":"Letter Opener"},{"floor":25,"key":"hubris:DisguiseKit"},{"floor":28,"key":"trackpad:Mousetrap"},{"floor":29,"key":"conspire:TopHat"}],"event_choices":[{"damage_healed":0,"gold_gain":0,"player_choice":"Simplicity","damage_taken":0,"max_hp_gain":0,"max_hp_loss":8,"event_name":"betterThird:BetterWriting","floor":0,"gold_loss":0},{"damage_healed":0,"gold_gain":0,"player_choice":"RE ","damage_taken":16,"relics_obtained":["Bronze Scales"],"max_hp_gain":0,"max_hp_loss":0,"event_name":"betterSkull:BetterSkull","floor":3,"gold_loss":0,"cards_upgraded":[]},{"damage_healed":0,"gold_gain":0,"player_choice":"Ignored","damage_taken":0,"max_hp_gain":0,"max_hp_loss":0,"event_name":"Menagerie:CorruptingLight","floor":11,"gold_loss":0},{"damage_healed":0,"gold_gain":0,"player_choice":"3","damage_taken":0,"max_hp_gain":0,"max_hp_loss":0,"event_name":"betterMatch:BetterMatch","floor":14,"gold_loss":0,"cards_obtained":[]},{"damage_healed":0,"gold_gain":0,"player_choice":"Madness","damage_taken":0,"relics_obtained":["betterThird:NestCultRelic"],"max_hp_gain":0,"max_hp_loss":0,"event_name":"betterThird:BetterNest","floor":22,"gold_loss":0}],"is_beta":false,"boss_relics":[{"not_picked":["Replay:Bronze Core","hubris:BlackHole","conspire:RoyalGoblet"],"picked":"conspire:SlowCooker"},{"not_picked":["trackpad:Trackpad","Replay:Ancient Bell","halation:Risk"],"picked":"ChewingGum"}],"items_purged_floors":[13,31,31],"is_endless":false,"potions_floor_spawned":[1,2,4,8,10,18,23,25,29],"killed_by":"Nemesis","ascension_level":6}}