{"host":"pf5oese4ka0eje7d","time":1608720126,"event":{"mods":["AchievementEnabler","BaseMod","Colored Map","Minty Spire (QoL Compilation)","StSLib","SuperFastMode"],"gold_per_floor":[119,119,137,150,150,150,160,160,187,213,230,230,257,274,274,374,374,391,405,355,366,366,366,366,366,421,421,446,446,212,226,226,323,323,333,351,351,4,21,21,46,59,59,0,0,0,0,15,15,15],"floor_reached":51,"playtime":1415,"items_purged":["Prostrate","Strike_P+1","Strike_P+1"],"score":695,"play_id":"cfe065bb-5df1-4b9f-9a4f-ec4932f4c12b","local_time":"20201223114206","is_ascension_mode":false,"campfire_choices":[{"data":"FollowUp","floor":6,"key":"SMITH"},{"data":"CrushJoints","floor":8,"key":"SMITH"},{"floor":12,"key":"REST"},{"data":"SashWhip","floor":15,"key":"SMITH"},{"data":"Judgement","floor":23,"key":"SMITH"},{"data":"Eruption","floor":25,"key":"SMITH"},{"data":"Vigilance","floor":27,"key":"SMITH"},{"floor":32,"key":"REST"},{"data":"PathToVictory","floor":40,"key":"SMITH"},{"floor":45,"key":"REST"},{"floor":47,"key":"RECALL"},{"floor":49,"key":"REST"}],"circlet_count":0,"master_deck":["Strike_P+1","Strike_P+1","Defend_P+1","Defend_P+1","Defend_P+1","Defend_P+1","Eruption+1","Vigilance+1","PathToVictory+1","FollowUp+1","CrushJoints+1","SashWhip+1","Judgement+1","Adaptation+1","PathToVictory+1","CrushJoints+1","PathToVictory+1"],"relics":["HolyWater","NeowsBlessing","Smiling Mask","Art of War","Orichalcum","Busted Crown","Bag of Marbles","Pen Nib","Sling","PreservedInsect","Mango","Potion Belt","Red Mask"],"acts_visited":["Exordium","TheCity","TheBeyond"],"potions_floor_usage":[16,28,28,50,50,50],"damage_taken":[{"damage":0,"enemies":"Jaw Worm","floor":1,"turns":1},{"damage":1,"enemies":"2 Louse","floor":3,"turns":2},{"damage":0,"enemies":"Cultist","floor":4,"turns":1},{"damage":2,"enemies":"2 Fungi Beasts","floor":7,"turns":4},{"damage":37,"enemies":"3 Sentries","floor":10,"turns":10},{"damage":0,"enemies":"3 Louse","floor":11,"turns":3},{"damage":3,"enemies":"Red Slaver","floor":14,"turns":3},{"damage":36,"enemies":"Slime Boss","floor":16,"turns":11},{"damage":5,"enemies":"3 Byrds","floor":18,"turns":5},{"damage":0,"enemies":"Spheric Guardian","floor":19,"turns":2},{"damage":0,"enemies":"Snake Plant","floor":21,"turns":2},{"damage":10,"enemies":"Slavers","floor":28,"turns":4},{"damage":2,"enemies":"Sentry and Sphere","floor":31,"turns":3},{"damage":39,"enemies":"Collector","floor":33,"turns":8},{"damage":10,"enemies":"3 Shapes","floor":35,"turns":6},{"damage":1,"enemies":"Orb Walker","floor":36,"turns":2},{"damage":11,"enemies":"Transient","floor":39,"turns":5},{"damage":4,"enemies":"Nemesis","floor":41,"turns":5},{"damage":16,"enemies":"Writhing Mass","floor":42,"turns":3},{"damage":0,"enemies":"Sphere and 2 Shapes","floor":48,"turns":3},{"damage":47,"enemies":"Time Eater","floor":50,"turns":10}],"seed_played":"1806591124756054635","potions_obtained":[{"floor":10,"key":"SkillPotion"},{"floor":11,"key":"Dexterity Potion"},{"floor":16,"key":"BottledMiracle"},{"floor":18,"key":"SneckoOil"},{"floor":31,"key":"Dexterity Potion"},{"floor":37,"key":"CultistPotion"}],"is_trial":false,"path_per_floor":["M","?","M","M","?","R","M","R","T","E","M","R","T","M","R","B",null,"M","M","$","M","?","R","?","R","T","R","E","?","$","M","R","B",null,"M","M","?","$","M","R","E","M","T","?","R","$","R","M","R","B",null],"character_chosen":"WATCHER","items_purchased":["PathToVictory","Pen Nib","Sling","PreservedInsect"],"campfire_rested":4,"item_purchase_floors":[30,30,38,38],"current_hp_per_floor":[72,72,71,71,71,71,69,69,69,32,32,53,53,50,50,14,72,67,67,67,67,67,67,67,67,67,67,57,51,51,49,70,31,72,62,61,61,61,50,50,60,44,44,44,69,69,69,69,86,39],"gold":15,"neow_bonus":"THREE_ENEMY_KILL","is_daily":false,"chose_seed":false,"campfire_upgraded":7,"win_rate":0.0,"timestamp":1608720126,"path_taken":["M","?","M","M","?","R","M","R","T","E","M","R","?","M","R","BOSS","M","?","$","M","?","R","?","R","T","R","E","?","$","M","R","BOSS","M","M","?","$","?","R","E","M","T","?","R","$","R","M","R","BOSS"],"items_purchased_type":["Card","Relic","Relic","Relic"],"build_version":"2020-12-22","purchased_purges":3,"victory":true,"max_hp_per_floor":[72,72,72,72,72,72,72,72,72,72,72,72,72,72,72,72,72,72,72,72,72,72,72,72,72,72,72,72,72,72,72,72,72,72,72,72,72,72,72,72,86,86,86,86,86,86,86,86,86,86],"card_choices":[{"not_picked":["Evaluate","Wallop"],"picked":"PathToVictory","floor":1},{"not_picked":["Swivel","SandsOfTime"],"picked":"FollowUp","floor":3},{"not_picked":["Nirvana","SignatureMove"],"picked":"CrushJoints","floor":4},{"not_picked":["Tantrum","CrushJoints","Meditate"],"picked":"SKIP","floor":7},{"not_picked":["WindmillStrike","ThirdEye","WaveOfTheHand"],"picked":"SKIP","floor":10},{"not_picked":["Meditate","Indignation"],"picked":"Prostrate","floor":11},{"not_picked":["FlyingSleeves","Evaluate"],"picked":"SashWhip","floor":14},{"not_picked":["Vault","LessonLearned"],"picked":"Judgement","floor":16},{"not_picked":["Crescendo"],"picked":"SKIP","floor":18},{"not_picked":["Wallop"],"picked":"SKIP","floor":19},{"not_picked":["Crescendo"],"picked":"SKIP","floor":21},{"not_picked":[],"picked":"Adaptation+1","floor":28},{"not_picked":[],"picked":"CrushJoints+1","floor":31},{"not_picked":["Pray"],"picked":"SKIP","floor":35},{"not_picked":["SashWhip"],"picked":"SKIP","floor":36},{"not_picked":[],"picked":"PathToVictory+1","floor":39},{"not_picked":["ThirdEye"],"picked":"SKIP","floor":41},{"not_picked":["SashWhip+1"],"picked":"SKIP","floor":42},{"not_picked":["SandsOfTime"],"picked":"SKIP","floor":48}],"player_experience":305769,"relics_obtained":[{"floor":9,"key":"Smiling Mask"},{"floor":10,"key":"Art of War"},{"floor":13,"key":"Orichalcum"},{"floor":28,"key":"Bag of Marbles"},{"floor":41,"key":"Mango"},{"floor":43,"key":"Potion Belt"}],"event_choices":[{"damage_healed":0,"gold_gain":0,"player_choice":"Grow","damage_taken":0,"max_hp_gain":0,"max_hp_loss":0,"event_name":"Living Wall","floor":2,"gold_loss":0,"cards_upgraded":["PathToVictory"]},{"damage_healed":0,"gold_gain":0,"player_choice":"Ignored","damage_taken":0,"max_hp_gain":0,"max_hp_loss":0,"event_name":"Liars Game","floor":5,"gold_loss":0},{"damage_healed":0,"gold_gain":0,"player_choice":"Ignored","damage_taken":0,"max_hp_gain":0,"max_hp_loss":0,"event_name":"Ghosts","floor":22,"gold_loss":0},{"damage_healed":0,"gold_gain":0,"player_choice":"Simplicity","damage_taken":0,"max_hp_gain":0,"max_hp_loss":0,"event_name":"Back to Basics","floor":24,"gold_loss":0,"cards_upgraded":["Strike_P","Strike_P","Strike_P","Strike_P","Defend_P","Defend_P","Defend_P","Defend_P"]},{"damage_healed":0,"gold_gain":0,"player_choice":"","damage_taken":6,"max_hp_gain":0,"max_hp_loss":0,"event_name":"Knowing Skull","floor":29,"potions_obtained":[],"gold_loss":0,"cards_obtained":[]},{"damage_healed":0,"gold_gain":0,"player_choice":"Got Potions","damage_taken":0,"max_hp_gain":0,"max_hp_loss":0,"event_name":"Lab","floor":37,"gold_loss":0},{"damage_healed":0,"gold_gain":0,"player_choice":"Paid","damage_taken":0,"relics_obtained":["Red Mask"],"max_hp_gain":0,"max_hp_loss":0,"event_name":"Tomb of Lord Red Mask","floor":44,"gold_loss":59}],"is_beta":false,"boss_relics":[{"not_picked":["Sozu","Fusion Hammer"],"picked":"Busted Crown"},{"not_picked":["Snecko Eye","Tiny House"],"picked":"HolyWater"}],"items_purged_floors":[20,30,38],"is_endless":false,"potions_floor_spawned":[10,11,16,18,21,31,39,42],"ascension_level":0}}