{"host":"opgesw7sb5n0ordz","time":1608730925,"event":{"mods":["BaseMod","Better Note","Colored Powertips","Downfall","Minty Spire (QoL Compilation)","Relic Stats","StSLib","Unceasing Turn Reminder"],"gold_per_floor":[99,118,218,68,80,100,100,116,141,141,75,75,95,107,126,126,126,126],"floor_reached":16,"playtime":886,"items_purged":[],"score":104,"play_id":"2701e678-a644-4e14-b5f4-d4bb54b01641","local_time":"20201223084205","is_ascension_mode":false,"campfire_choices":[{"floor":1,"key":"RECALL"}],"circlet_count":0,"master_deck":["champ:Strike","champ:Strike+1","champ:Strike","champ:Strike","champ:Defend","champ:Defend","champ:Defend","champ:Defend","champ:Execute","champ:Taunt","champ:DefensiveStyle+1","champ:Haymaker+1","champ:RisingSlash","champ:FanOfKnives","champ:FanOfKnives","champ:CrookedStrike","Regret","champ:Control+1","champ:BringItOn+1","Regret","champ:FlashCut","champ:RecklessLeap","champ:Devastate"],"relics":["champ:ChampionCrown","CloakClasp","Toxic Egg 2","Girya","Singing Bowl"],"acts_visited":["Exordium"],"potions_floor_usage":[3,9],"damage_taken":[{"damage":8,"enemies":"Jaw Worm","floor":2,"turns":6},{"damage":86,"enemies":"Jaw Worm","floor":3,"turns":15},{"damage":0,"enemies":"Small Slimes","floor":5,"turns":4},{"damage":5,"enemies":"Cultist","floor":6,"turns":3},{"damage":5,"enemies":"3 Louse","floor":8,"turns":4},{"damage":18,"enemies":"3 Sentries","floor":9,"turns":6},{"damage":8,"enemies":"downfall:FleeingMerchant","floor":11,"turns":4},{"damage":0,"enemies":"2 Fungi Beasts","floor":13,"turns":3},{"damage":9,"enemies":"Blue Slaver","floor":14,"turns":3},{"damage":0,"enemies":"3 Louse","floor":15,"turns":2},{"damage":81,"enemies":"downfall:Defect","floor":16,"turns":6}],"seed_played":"1566585986456270273","potions_obtained":[{"floor":0,"key":"Slimebound:ThreeZeroPotion"},{"floor":0,"key":"Slimebound:ThreeZeroPotion"},{"floor":0,"key":"SpeedPotion"},{"floor":8,"key":"champ:OpenerPotion"},{"floor":14,"key":"AttackPotion"}],"is_trial":false,"path_per_floor":["R","M","?","?","M","M","T","M","E","?","$","?","M","M","M","B"],"character_chosen":"THE_CHAMP","items_purchased":["champ:BringItOn+1"],"campfire_rested":0,"item_purchase_floors":[11],"current_hp_per_floor":[90,87,50,100,100,100,100,100,85,85,83,83,83,79,79,0,0,0],"gold":126,"neow_bonus":"THREE_SMALL_POTIONS","is_daily":false,"chose_seed":false,"campfire_upgraded":0,"win_rate":0.0,"timestamp":1608730925,"path_taken":["R","M","?","?","M","M","T","?","E","?","$","?","M","M","M","BOSS"],"items_purchased_type":["Card"],"build_version":"2020-12-22","purchased_purges":0,"victory":false,"max_hp_per_floor":[90,90,90,100,100,100,100,100,100,100,100,100,100,100,100,100,100,100],"relic_stats":{"Singing Bowl":0,"counters":[11,56],"CloakClasp":[61],"obtain_stats":[{"Girya":9,"Singing Bowl":12,"champ:ChampionCrown":0,"CloakClasp":3,"Toxic Egg 2":7},{"Girya":6,"Singing Bowl":7,"champ:ChampionCrown":0,"CloakClasp":2,"Toxic Egg 2":4},{"Girya":38,"Singing Bowl":42,"champ:ChampionCrown":0,"CloakClasp":21,"Toxic Egg 2":28}]},"card_choices":[{"not_picked":["champ:FanOfKnives","champ:FocusedGladiator"],"picked":"champ:DefensiveStyle","floor":2},{"not_picked":["champ:CalledShot","champ:StanceDance"],"picked":"champ:Haymaker","floor":3},{"not_picked":["champ:AdrenalArmor","champ:DefensiveStyle"],"picked":"champ:RisingSlash","floor":5},{"not_picked":["champ:FocusedBerserking","champ:AdrenalArmor"],"picked":"champ:FanOfKnives","floor":6},{"not_picked":["champ:FocusedDefense+1","champ:Haymaker"],"picked":"champ:FanOfKnives","floor":8},{"not_picked":["champ:FaceSlap","champ:DefensiveStyle"],"picked":"champ:CrookedStrike","floor":9},{"not_picked":["champ:GladiatorsShout+1","champ:FalseCounter+1"],"picked":"champ:Control+1","floor":11},{"not_picked":["champ:StanceDance+1","champ:PerfectedStrike"],"picked":"champ:FlashCut","floor":13},{"not_picked":["champ:Circumvent+1","champ:HeartStrike"],"picked":"champ:RecklessLeap","floor":14},{"not_picked":["champ:PerfectedStrike","champ:Backstep+1"],"picked":"champ:Devastate","floor":15}],"player_experience":730735,"relics_obtained":[{"floor":3,"key":"CloakClasp"},{"floor":7,"key":"Toxic Egg 2"},{"floor":9,"key":"Girya"}],"event_choices":[{"damage_healed":0,"gold_gain":0,"player_choice":"Box","damage_taken":0,"relics_obtained":["Singing Bowl"],"max_hp_gain":0,"max_hp_loss":0,"event_name":"Big Fish","floor":12,"gold_loss":0,"cards_obtained":["Regret"]}],"is_beta":false,"boss_relics":[],"items_purged_floors":[],"is_endless":false,"potions_floor_spawned":[2,8,14,15],"killed_by":"downfall:Defect","ascension_level":0}}