{"host":"baymyijz6sxaqj5s","time":1608739320,"event":{"mods":["AchievementEnabler","BaseMod","Colored Map","Colored Powertips","DeckTracker","KOR Keyword Fix","Keyboard Shortcuts","Minty Spire (QoL Compilation)","Quick Restart","StSLib","SuperFastMode"],"gold_per_floor":[114,128,203,223,240,240,272,282,282,282,282,282,282,201,201,301,301,311,330,232,247,260,260,260,260,283,298,314,324,340,360,360,360,360],"floor_reached":33,"playtime":941,"items_purged":["Strike_R"],"score":266,"play_id":"a941f8ff-dcea-4641-a1b8-853813204d47","local_time":"20201224010200","is_ascension_mode":true,"campfire_choices":[{"data":"Body Slam","floor":6,"key":"SMITH"},{"data":"Heavy Blade","floor":10,"key":"SMITH"},{"floor":12,"key":"REST"},{"data":"Twin Strike","floor":15,"key":"SMITH"},{"floor":23,"key":"REST"},{"data":"Shrug It Off","floor":32,"key":"SMITH"}],"circlet_count":0,"master_deck":["Strike_R","Strike_R","Strike_R","Strike_R","Defend_R","Defend_R","Defend_R+1","Defend_R+1","Bash","Heavy Blade+1","Body Slam+1","Twin Strike+1","Shrug It Off+1","Spot Weakness","Reaper","Armaments+1","Shrug It Off+1","Bloodletting+1","Body Slam+1"],"relics":["Burning Blood","Blood Vial","Pantograph","Sozu","Torii","War Paint","Toy Ornithopter"],"acts_visited":["Exordium","TheCity"],"potions_floor_usage":[7,11,18],"damage_taken":[{"damage":4,"enemies":"2 Louse","floor":1,"turns":4},{"damage":7,"enemies":"Small Slimes","floor":2,"turns":3},{"damage":11,"enemies":"Jaw Worm","floor":4,"turns":5},{"damage":14,"enemies":"Red Slaver","floor":5,"turns":5},{"damage":32,"enemies":"Gremlin Nob","floor":7,"turns":5},{"damage":0,"enemies":"Exordium Wildlife","floor":8,"turns":2},{"damage":11,"enemies":"Gremlin Nob","floor":11,"turns":4},{"damage":60,"enemies":"Hexaghost","floor":16,"turns":9},{"damage":5,"enemies":"Shell Parasite","floor":18,"turns":2},{"damage":25,"enemies":"3 Byrds","floor":19,"turns":6},{"damage":27,"enemies":"Snake Plant","floor":21,"turns":5},{"damage":27,"enemies":"Centurion and Healer","floor":22,"turns":7},{"damage":15,"enemies":"Snecko","floor":27,"turns":7},{"damage":14,"enemies":"Cultist and Chosen","floor":28,"turns":6},{"damage":10,"enemies":"Centurion and Healer","floor":29,"turns":5},{"damage":25,"enemies":"Snecko","floor":30,"turns":7},{"damage":4,"enemies":"Snake Plant","floor":31,"turns":3},{"damage":117,"enemies":"Collector","floor":33,"turns":8}],"seed_played":"-6038142684764721057","potions_obtained":[{"floor":5,"key":"BloodPotion"},{"floor":8,"key":"SmokeBomb"},{"floor":16,"key":"SteroidPotion"}],"is_trial":false,"path_per_floor":["M","M","?","M","M","R","E","M","T","R","?","R","?","$","R","B",null,"M","M","$","M","M","R","T","?","T","M","M","M","M","M","R","B"],"character_chosen":"IRONCLAD","items_purchased":["Spot Weakness","Shrug It Off"],"campfire_rested":2,"item_purchase_floors":[14,20],"current_hp_per_floor":[88,87,76,71,63,63,54,62,62,62,59,85,85,85,85,34,88,88,75,75,59,48,74,74,74,74,74,80,86,77,88,88,0,0],"gold":360,"neow_bonus":"TEN_PERCENT_HP_BONUS","is_daily":false,"chose_seed":false,"campfire_upgraded":4,"win_rate":0.0,"timestamp":1608739320,"path_taken":["M","M","?","M","M","R","E","M","T","R","?","R","?","?","R","BOSS","M","M","$","M","M","R","?","?","T","M","?","M","M","M","R","BOSS"],"items_purchased_type":["Card","Card"],"build_version":"2020-12-22","purchased_purges":1,"victory":false,"max_hp_per_floor":[88,88,88,88,88,88,88,88,88,88,88,88,88,88,88,88,88,88,88,88,88,88,88,88,88,88,88,88,88,88,88,88,88,88],"card_choices":[{"not_picked":["Warcry","Dark Embrace"],"picked":"Heavy Blade","floor":1},{"not_picked":["Perfected Strike","Havoc"],"picked":"Body Slam","floor":2},{"not_picked":["Headbutt","Heavy Blade"],"picked":"Twin Strike","floor":4},{"not_picked":["Wild Strike","Heavy Blade","Sentinel"],"picked":"SKIP","floor":5},{"not_picked":["Sentinel","Perfected Strike"],"picked":"Shrug It Off","floor":7},{"not_picked":["Rupture","Havoc","Metallicize"],"picked":"SKIP","floor":8},{"not_picked":["Feed","Offering"],"picked":"Reaper","floor":16},{"not_picked":["Flex","Whirlwind","Clothesline"],"picked":"SKIP","floor":18},{"not_picked":["Searing Blow+1","Havoc+1"],"picked":"Armaments+1","floor":19},{"not_picked":["Clash","Cleave","Fiend Fire"],"picked":"SKIP","floor":21},{"not_picked":["Perfected Strike","Infernal Blade"],"picked":"Shrug It Off","floor":22},{"not_picked":["True Grit","Flex+1","Headbutt"],"picked":"SKIP","floor":27},{"not_picked":["Reckless Charge+1","Wild Strike"],"picked":"Bloodletting+1","floor":28},{"not_picked":["Warcry","True Grit+1","Twin Strike"],"picked":"SKIP","floor":29},{"not_picked":["Hemokinesis","Uppercut","Rupture"],"picked":"SKIP","floor":30},{"not_picked":["Fiend Fire","Armaments+1"],"picked":"Body Slam+1","floor":31}],"player_experience":207539,"relics_obtained":[{"floor":7,"key":"Blood Vial"},{"floor":9,"key":"Pantograph"},{"floor":24,"key":"Torii"},{"floor":26,"key":"Toy Ornithopter"}],"event_choices":[{"damage_healed":0,"gold_gain":75,"player_choice":"Gather Gold","damage_taken":11,"max_hp_gain":0,"max_hp_loss":0,"event_name":"World of Goop","floor":3,"gold_loss":0},{"damage_healed":0,"gold_gain":0,"player_choice":"Searched \u00271\u0027 times","damage_taken":0,"max_hp_gain":0,"max_hp_loss":0,"event_name":"Dead Adventurer","floor":11,"gold_loss":0},{"damage_healed":0,"gold_gain":0,"player_choice":"Grow","damage_taken":0,"max_hp_gain":0,"max_hp_loss":0,"event_name":"Living Wall","floor":13,"gold_loss":0,"cards_upgraded":["Shrug It Off"]},{"cards_removed":["Shrug It Off"],"damage_healed":0,"gold_gain":0,"player_choice":"Gave Card","damage_taken":0,"relics_obtained":["War Paint"],"max_hp_gain":0,"max_hp_loss":0,"event_name":"WeMeetAgain","floor":25,"gold_loss":0}],"is_beta":false,"boss_relics":[{"not_picked":["Velvet Choker","Coffee Dripper"],"picked":"Sozu"}],"items_purged_floors":[20],"is_endless":false,"potions_floor_spawned":[5,8,16,19,28,29,30,31],"killed_by":"Collector","ascension_level":1}}