{"host":"a1eatafr7pisesky","time":1608719017,"event":{"mods":["BaseMod","Colored Map","DeckTracker","Highlight Path","Keyboard Shortcuts","Minty Spire (QoL Compilation)","Permanent Neow","Random Character Button","StSLib","SuperFastMode"],"gold_per_floor":[14,28,44,44,59,59,75,94,94,110,110,143,68,78,78,78,78],"floor_reached":16,"playtime":376,"items_purged":["Strike_R"],"score":159,"play_id":"c93e63bc-3046-4f05-95d8-7f660bcca268","local_time":"20201223192337","is_ascension_mode":true,"campfire_choices":[{"data":"Rage","floor":6.0,"key":"SMITH"},{"data":"Second Wind","floor":15.0,"key":"SMITH"}],"circlet_count":0,"master_deck":["AscendersBane","Strike_R+1","Strike_R","Strike_R","Defend_R+1","Defend_R+1","Defend_R+1","Bash","Thunderclap","Wild Strike","Rage+1","Carnage","Flame Barrier","Sword Boomerang","Second Wind+1","Dropkick"],"relics":["Burning Blood","Eternal Feather","War Paint"],"acts_visited":["Exordium"],"potions_floor_usage":[16,16,16],"damage_taken":[{"damage":12.0,"enemies":"Small Slimes","floor":1.0,"turns":3.0},{"damage":6.0,"enemies":"2 Louse","floor":2.0,"turns":3.0},{"damage":6.0,"enemies":"Cultist","floor":3.0,"turns":3.0},{"damage":14.0,"enemies":"Red Slaver","floor":5.0,"turns":5.0},{"damage":1.0,"enemies":"Looter","floor":7.0,"turns":2.0},{"damage":10.0,"enemies":"Exordium Thugs","floor":8.0,"turns":4.0},{"damage":16.0,"enemies":"Large Slime","floor":10.0,"turns":6.0},{"damage":30.0,"enemies":"3 Sentries","floor":12.0,"turns":6.0},{"damage":4.0,"enemies":"Lots of Slimes","floor":14.0,"turns":6.0},{"damage":24,"enemies":"Hexaghost","floor":16,"turns":9}],"seed_played":"2183970613494001161","potions_obtained":[{"floor":3.0,"key":"Explosive Potion"},{"floor":5.0,"key":"SteroidPotion"},{"floor":8.0,"key":"GamblersBrew"},{"floor":12.0,"key":"Strength Potion"},{"floor":14.0,"key":"SpeedPotion"}],"is_trial":false,"path_per_floor":["M","M","M","?","M","R","M","M","T","M","?","E","$","M","R","B"],"character_chosen":"IRONCLAD","items_purchased":[],"campfire_rested":0,"item_purchase_floors":[],"current_hp_per_floor":[66,66,66,66,58,58,63,59,59,49,33,9,9,11,20,0,0],"gold":78,"neow_bonus":"REMOVE_TWO","is_daily":false,"chose_seed":false,"campfire_upgraded":2,"win_rate":0.0,"timestamp":1608719017,"path_taken":["M","M","M","?","M","R","M","M","T","M","?","E","$","M","R","BOSS"],"items_purchased_type":[],"build_version":"2020-12-22","purchased_purges":1,"victory":false,"max_hp_per_floor":[80,80,80,80,80,80,80,80,80,80,80,80,80,80,80,80,80],"card_choices":[{"not_picked":["Havoc","Flex"],"picked":"Thunderclap","floor":1.0},{"not_picked":["Entrench","Heavy Blade","Wild Strike"],"picked":"SKIP","floor":2.0},{"not_picked":["Entrench","Heavy Blade"],"picked":"Wild Strike","floor":2.0},{"not_picked":["Rupture","True Grit"],"picked":"Rage","floor":3.0},{"not_picked":["Clash","Cleave"],"picked":"Carnage","floor":5.0},{"not_picked":["Rampage","Infernal Blade"],"picked":"Flame Barrier","floor":7.0},{"not_picked":["Intimidate","Anger","Heavy Blade"],"picked":"SKIP","floor":8.0},{"not_picked":["Armaments","Flex"],"picked":"Sword Boomerang","floor":10.0},{"not_picked":["Reaper","Twin Strike"],"picked":"Second Wind","floor":12.0},{"not_picked":["Pommel Strike","Heavy Blade"],"picked":"Dropkick","floor":14.0}],"player_experience":239015,"relics_obtained":[{"floor":9.0,"key":"Eternal Feather"},{"floor":12.0,"key":"War Paint"}],"event_choices":[{"damage_healed":0.0,"max_hp_gain":0.0,"max_hp_loss":0.0,"gold_gain":0.0,"event_name":"Liars Game","player_choice":"Ignored","floor":4.0,"gold_loss":0.0,"damage_taken":0.0},{"damage_healed":0.0,"max_hp_gain":0.0,"max_hp_loss":0.0,"gold_gain":0.0,"event_name":"Shining Light","player_choice":"Entered Light","floor":11.0,"gold_loss":0.0,"damage_taken":16.0,"cards_upgraded":["Defend_R","Strike_R"]}],"is_beta":false,"boss_relics":[],"items_purged_floors":[13],"is_endless":false,"potions_floor_spawned":[3,5,8,12,14],"killed_by":"Hexaghost","ascension_level":10}}