{"host":"k5j3culymg4irp71","time":1608760434,"event":{"mods":["2.2 Compatiblity","Act Like it!","Art Attack!","Aspiration","Astrologer","Bard","BaseMod","Bestiary","Better Match","BetterRewards","Block Reminder","CCEM","Colored Map","Colored Powertips","Conspire","Downfall","Emptier Cage","Energized Spire","GifTheSpireLib","Halation","Hallownest","Hermit","Hubris","Infinite Spire","Ironclad Rager","Minty Spire (QoL Compilation)","Pale of the Ancients","Quarter Circle Forward PUNCH!","Rare Cards Sparkle","Replay The Spire","Shade Mod","Shop Mod","Spikes Relics","StSLib","Stuff the Spire","The Animator","The Blackbeard","The Bladedancer","The Blue Laboratory","The Cursed","The Druid","The Forsaken","The Gatherer","The Hayseed","The Hierophant","The Juggle","The Marked","The Runesmith","The Servant 0.9.4","TheArtist","Trackpad","Waifu the Spire","Wandering Minibosses","slay the spire mod where everything is the same but ironclad has a cowboy hat","vexMod"],"gold_per_floor":[110,110,185,202,225,260,260,321,345,371,371,383,400,414,414,509,509,526,576,593,643,194,227,227,237,237,254,271,340,354,202,202,318,318,358,408,458,508,508],"floor_reached":38,"playtime":4504,"items_purged":[],"score":608,"play_id":"63075e8c-0dda-4fb3-be5f-a05a62dcfc33","local_time":"20201223145354","is_ascension_mode":false,"campfire_choices":[{"floor":11,"key":"REST"},{"data":"TheSimpletonMod:HitTheSack","floor":15,"key":"SMITH"},{"data":"Envenom","floor":24,"key":"SMITH"},{"data":"StuffTheSpire:Ambrosia","floor":32,"key":"SMITH"}],"circlet_count":0,"master_deck":["TheSimpletonMod:Defend_TheSimpleton","TheSimpletonMod:Defend_TheSimpleton","TheSimpletonMod:Defend_TheSimpleton","TheSimpletonMod:Defend_TheSimpleton","TheSimpletonMod:Haymaker+1","TheSimpletonMod:ReapAndSow","Transmutation","TheSimpletonMod:Pruning","TheSimpletonMod:Rake","TheSimpletonMod:DoubleBarrel","TheSimpletonMod:CloseScrape","TheSimpletonMod:Sunchoke","TheSimpletonMod:HitTheSack+1","TheSimpletonMod:BumperCrop","TheSimpletonMod:Potatoes","TheSimpletonMod:HitTheSack","TheSimpletonMod:CullingStrike+1","StuffTheSpire:DeathNote","TheSimpletonMod:Potatoes","TheSimpletonMod:Coffee+1","TheSimpletonMod:Asparagus+1","TheSimpletonMod:Corn+1","TheSimpletonMod:Potatoes","TheSimpletonMod:Mushrooms","TheSimpletonMod:Chilis","TheSimpletonMod:Strawberries+1","TheSimpletonMod:Turnips","TheSimpletonMod:HitTheSack","Envenom+1","TheSimpletonMod:CloseScrape","Reflex","StuffTheSpire:DoubleShiv","TheSimpletonMod:SlashAndBurn","StuffTheSpire:Fury+1","StuffTheSpire:Ambrosia+1","TheSimpletonMod:ErosionControl","Cloak And Dagger+1","expansioncontent:ChargeUp","ReplayTheSpireMod:Book of Names"],"relics":["TheSimpletonMod:SpudOfTheInnocent","TheSimpletonMod:NightSoil","TheSimpletonMod:TheHarvester","Orichalcum","SsserpentHead","MealTicket","CCEMRelics:Sandal","Replay:Grab Bag","energizedSpire:MagnifyingGlass","energizedSpire:RedRose","hubris:Backtick","TungstenRod","aspiration:SilentSkillbook","aspiration:AnachronicSnailShell","hubris:DisguiseKit","Rawhide","infinitespire:EvilPickle","Honey Jar"],"acts_visited":["Exordium","TheCity","TheBeyond"],"potions_floor_usage":[8,8,14,14,33,38,38],"damage_taken":[{"damage":0,"enemies":"2 Louse","floor":1,"turns":3},{"damage":0,"enemies":"Small Slimes","floor":4,"turns":3},{"damage":25,"enemies":"3 Sentries","floor":6,"turns":6},{"damage":5,"enemies":"Jaw Worm","floor":8,"turns":4},{"damage":4,"enemies":"Replay:BlueRogue","floor":10,"turns":5},{"damage":0,"enemies":"2 Fungi Beasts","floor":12,"turns":3},{"damage":2,"enemies":"Lots of Slimes","floor":13,"turns":4},{"damage":1,"enemies":"Exordium Wildlife","floor":14,"turns":2},{"damage":37,"enemies":"Fading Forest","floor":16,"turns":11},{"damage":3,"enemies":"Spheric Guardian","floor":18,"turns":3},{"damage":3,"enemies":"3 Byrds","floor":20,"turns":4},{"damage":21,"enemies":"Gremlin Leader","floor":23,"turns":6},{"damage":8,"enemies":"Centurion and Healer","floor":25,"turns":5},{"damage":4,"enemies":"conspire:HollyBat","floor":27,"turns":7},{"damage":0,"enemies":"Snecko","floor":28,"turns":3},{"damage":10,"enemies":"Snake Plant","floor":29,"turns":6},{"damage":0,"enemies":"Chosen and Byrds","floor":30,"turns":4},{"damage":12,"enemies":"Pondfish","floor":33,"turns":8},{"damage":8,"enemies":"3 Darklings","floor":35,"turns":5},{"damage":38,"enemies":"infinitespire:Three Voidlings","floor":38,"turns":5},{"damage":23,"enemies":"Nightmare_Alpha","floor":38,"turns":7}],"seed_played":"-1367666528673502034","potions_obtained":[{"floor":1,"key":"blueLaboratory:FruitPunch"},{"floor":12,"key":"AttackPotion"},{"floor":14,"key":"blueLaboratory:BubblePotion"},{"floor":23,"key":"SpeedPotion"},{"floor":33,"key":"Languid Potion"}],"is_trial":false,"path_per_floor":["M","?","?","M","T","E","?","M","T","E","R","M","M","M","R","B",null,"M","?","M","?","$","E","R","M","T","M","M","M","M","?","R","B",null,"M","?","?","?"],"character_chosen":"THE_SIMPLETON","items_purchased":["aspiration:AnachronicSnailShell","TheSimpletonMod:HitTheSack"],"campfire_rested":1,"item_purchase_floors":[22,22],"current_hp_per_floor":[54,54,43,49,49,30,30,27,27,29,52,58,56,61,61,30,77,74,57,54,54,62,53,53,51,51,53,59,49,49,49,49,45,64,60,60,45,0,0],"gold":508,"neow_bonus":"RANDOM_COLORLESS_2","is_daily":false,"chose_seed":false,"campfire_upgraded":3,"win_rate":0.0,"timestamp":1608760434,"path_taken":["M","?","?","M","?","E","?","?","T","E","R","M","M","M","R","BOSS","M","?","M","?","$","E","R","M","T","M","M","?","M","?","R","BOSS","M","?","?","?"],"items_purchased_type":["Relic","Card"],"build_version":"2020-12-22","purchased_purges":0,"victory":false,"max_hp_per_floor":[75,75,75,75,75,75,75,77,77,77,77,77,77,77,77,77,77,77,77,77,62,62,62,62,62,62,62,62,62,62,62,62,64,64,66,66,66,70,70],"card_choices":[{"not_picked":["expansioncontent:StudyTheSpire","StuffTheSpire:Recharge"],"picked":"Transmutation","floor":0},{"not_picked":["TheSimpletonMod:ToughenUp","TheSimpletonMod:Rake"],"picked":"TheSimpletonMod:Pruning","floor":1},{"not_picked":["TheSimpletonMod:SeedCoat","TheSimpletonMod:PestManagement"],"picked":"TheSimpletonMod:Rake","floor":4},{"not_picked":["TheSimpletonMod:VineRipen","TheSimpletonMod:StockTheCellar"],"picked":"TheSimpletonMod:DoubleBarrel","floor":6},{"not_picked":["TheSimpletonMod:SoilSample","TheSimpletonMod:GoToMarket"],"picked":"TheSimpletonMod:CloseScrape","floor":8},{"not_picked":["TheSimpletonMod:SpiceUp","TheSimpletonMod:SoilSample"],"picked":"TheSimpletonMod:Sunchoke","floor":10},{"not_picked":["TheSimpletonMod:CropRotation","TheSimpletonMod:SlashAndBurn"],"picked":"TheSimpletonMod:HitTheSack","floor":12},{"not_picked":["TheSimpletonMod:SaladShooter","TheSimpletonMod:Aerate"],"picked":"TheSimpletonMod:BumperCrop","floor":13},{"not_picked":["TheSimpletonMod:Sunseed","TheSimpletonMod:CloseScrape"],"picked":"TheSimpletonMod:Potatoes","floor":14},{"not_picked":["TheSimpletonMod:BirdFeeder","TheSimpletonMod:BuzzBomb"],"picked":"TheSimpletonMod:HitTheSack","floor":16},{"not_picked":["Pace+1","StuffTheSpire:Injection+1","Choke"],"picked":"TheSimpletonMod:CullingStrike+1","floor":18},{"not_picked":["TheSimpletonMod:Aerate+1","Hidden Blade","StuffTheSpire:BumpUp"],"picked":"TheSimpletonMod:Potatoes","floor":20},{"not_picked":["Accuracy","Hidden Blade","StuffTheSpire:ClusterCrunch"],"picked":"Envenom","floor":23},{"not_picked":["TheSimpletonMod:ToughenUp","Deadly Poison","StuffTheSpire:Incantation+1","Hidden Blade"],"picked":"TheSimpletonMod:CloseScrape","floor":25},{"not_picked":["TheSimpletonMod:SlashAndBurn","StuffTheSpire:BumpUp+1","Deadly Poison+1","hubris:SlightOfHand"],"picked":"Reflex","floor":27},{"not_picked":["Predator","Setup","Flying Knee","Deadly Poison+1"],"picked":"StuffTheSpire:DoubleShiv","floor":28},{"not_picked":["Dash+1","hubris:SlightOfHand","aspiration:Lunge","Slice"],"picked":"TheSimpletonMod:SlashAndBurn","floor":29},{"not_picked":["Heel Hook","TheSimpletonMod:SlashAndBurn","StuffTheSpire:ClusterCrunch+1","StuffTheSpire:BumpUp"],"picked":"StuffTheSpire:Fury+1","floor":30},{"not_picked":["Atom Bomb","Malaise","TheSimpletonMod:ResistantStrain","Atom Bomb"],"picked":"TheSimpletonMod:ErosionControl","floor":33},{"not_picked":["TheSimpletonMod:ToughenUp+1","StuffTheSpire:Python+1","TheSimpletonMod:Fertilaser","Poisoned Stab+1","Masterful Stab"],"picked":"Cloak And Dagger+1","floor":35},{"not_picked":["The Bomb","Metamorphosis","vexMod:EmailVexCard","Replay:SS_hec_1"],"picked":"expansioncontent:ChargeUp","floor":36},{"not_picked":["infinitespire:TheBestDefense","ReplayTheSpireMod:Echoes of Time"],"picked":"ReplayTheSpireMod:Book of Names","floor":37}],"player_experience":55351,"relics_obtained":[{"floor":6,"key":"Orichalcum"},{"floor":9,"key":"MealTicket"},{"floor":10,"key":"CCEMRelics:Sandal"},{"floor":23,"key":"hubris:DisguiseKit"},{"floor":26,"key":"Rawhide"}],"event_choices":[{"damage_healed":0,"gold_gain":75,"player_choice":"Gather Gold","damage_taken":11,"max_hp_gain":0,"max_hp_loss":0,"event_name":"World of Goop","floor":3,"gold_loss":0},{"damage_healed":0,"gold_gain":0,"player_choice":"Trade","damage_taken":0,"relics_obtained":["SsserpentHead"],"max_hp_gain":0,"max_hp_loss":0,"event_name":"FaceTrader","floor":7,"gold_loss":0},{"damage_healed":0,"gold_gain":0,"player_choice":"Memory 1","damage_taken":0,"max_hp_gain":0,"max_hp_loss":0,"event_name":"SensoryStone","floor":36,"gold_loss":0}],"is_beta":false,"boss_relics":[{"not_picked":["hubris:RunicObelisk","StuffTheSpire:Kangaroo"],"picked":"Replay:Grab Bag"},{"not_picked":["Ectoplasm","Cursed Key"],"picked":"energizedSpire:MagnifyingGlass"},{"not_picked":["hubris:TerracottaHorce","StuffTheSpire:RunicConfusion"],"picked":"energizedSpire:RedRose"},{"not_picked":["WristBlade","halation:Yufonium"],"picked":"hubris:Backtick"},{"not_picked":["StuffTheSpire:RunicHypercube","Runic Pyramid"],"picked":"aspiration:SilentSkillbook"},{"not_picked":["Tiny House","Sozu"],"picked":"Honey Jar"}],"items_purged_floors":[],"is_endless":false,"potions_floor_spawned":[1,12,13,14,23,25,27,33,38],"killed_by":"Nightmare_Alpha","ascension_level":0}}