{"host":"m6aaltr68g9tvoay","time":1608689268,"event":{"mods":["AchievementEnabler","BaseMod","Colored Map","Minty Spire (QoL Compilation)","StSLib"],"gold_per_floor":[116,126,136,136,150,150,182,15,90,117,117,143,107,126,126,202,202,214,229,258,308,62,62,96,96,122,122,57,57,57,70,70,144,144,155,172,172,5,15,15,41,41,41,55,73,295,295,295],"floor_reached":47,"playtime":1700,"items_purged":["Gash"],"score":914,"play_id":"87c91398-027b-488c-baac-8992bac4426b","local_time":"20201222180748","is_ascension_mode":true,"campfire_choices":[{"floor":6.0,"key":"REST"},{"data":"Sunder","floor":11.0,"key":"SMITH"},{"floor":15.0,"key":"REST"},{"floor":23,"key":"REST"},{"floor":25,"key":"REST"},{"data":"Sunder","floor":27,"key":"SMITH"},{"data":"Defragment","floor":29,"key":"SMITH"},{"floor":32,"key":"REST"},{"floor":40,"key":"REST"},{"data":"Electrodynamics","floor":42,"key":"SMITH"}],"circlet_count":0,"master_deck":["AscendersBane","Strike_B","Strike_B","Strike_B","Strike_B","Defend_B","Defend_B","Defend_B","Defend_B","Zap","Dualcast","Chill","Leap","Hologram","Beam Cell","Sunder+1","Echo Form","Streamline","Melter","Sunder+1","Echo Form","Defragment+1","Defragment+1","Ball Lightning","Electrodynamics+1","Self Repair+1","Capacitor+1","Leap","Tempest","Chaos+1"],"relics":["Cracked Core","NlothsMask","Turnip","MealTicket","Art of War","Regal Pillow","Snecko Eye","Red Mask","Lantern","The Courier","Strawberry","Black Star","Oddly Smooth Stone","Frozen Egg 2","Orichalcum","CaptainsWheel"],"acts_visited":["Exordium","TheCity","TheBeyond"],"potions_floor_usage":[20,24,33,36,41,45],"damage_taken":[{"damage":4.0,"enemies":"Jaw Worm","floor":1.0,"turns":3.0},{"damage":1.0,"enemies":"Cultist","floor":2.0,"turns":3.0},{"damage":14.0,"enemies":"Small Slimes","floor":3.0,"turns":3.0},{"damage":14.0,"enemies":"2 Fungi Beasts","floor":5.0,"turns":4.0},{"damage":32.0,"enemies":"3 Sentries","floor":7.0,"turns":11.0},{"damage":4.0,"enemies":"Gremlin Nob","floor":10.0,"turns":3.0},{"damage":6.0,"enemies":"3 Louse","floor":14.0,"turns":3.0},{"damage":24.0,"enemies":"The Guardian","floor":16.0,"turns":8.0},{"damage":0.0,"enemies":"Chosen","floor":18.0,"turns":3.0},{"damage":21.0,"enemies":"Spheric Guardian","floor":19.0,"turns":4.0},{"damage":29,"enemies":"Masked Bandits","floor":20,"turns":4},{"damage":39,"enemies":"Book of Stabbing","floor":24,"turns":5},{"damage":30,"enemies":"Shelled Parasite and Fungi","floor":31,"turns":3},{"damage":2,"enemies":"Champ","floor":33,"turns":5},{"damage":0,"enemies":"3 Shapes","floor":35,"turns":2},{"damage":48,"enemies":"3 Darklings","floor":36,"turns":4},{"damage":19,"enemies":"Maw","floor":39,"turns":5},{"damage":20,"enemies":"Reptomancer","floor":41,"turns":8},{"damage":30,"enemies":"Writhing Mass","floor":44,"turns":4},{"damage":9,"enemies":"4 Shapes","floor":45,"turns":3},{"damage":48,"enemies":"Nemesis","floor":47,"turns":8}],"seed_played":"9041572471759190928","potions_obtained":[{"floor":7.0,"key":"EssenceOfDarkness"},{"floor":10.0,"key":"PowerPotion"},{"floor":16.0,"key":"AttackPotion"},{"floor":20,"key":"AttackPotion"},{"floor":31,"key":"FearPotion"},{"floor":33,"key":"Weak Potion"},{"floor":35,"key":"Explosive Potion"},{"floor":39,"key":"SteroidPotion"},{"floor":44,"key":"Swift Potion"}],"is_trial":false,"path_per_floor":["M","M","M","?","M","R","E","$","T","E","R","T","?","M","R","B",null,"M","M","?","?","$","R","E","R","T","R","$","R","?","M","R","B",null,"M","M","?","$","M","R","E","R","T","M","M","?","E"],"character_chosen":"DEFECT","items_purchased":["MealTicket","Lantern","Defragment","Oddly Smooth Stone","Leap"],"campfire_rested":6,"item_purchase_floors":[8,22,28,38,38],"current_hp_per_floor":[67,66,52,52,38,61,29,29,29,25,25,25,25,19,57,33,67,67,46,17,17,32,70,31,69,76,76,85,85,85,55,85,83,85,85,37,37,52,43,83,83,83,83,53,44,44,0,0],"gold":295,"neow_bonus":"TEN_PERCENT_HP_BONUS","is_daily":false,"chose_seed":false,"campfire_upgraded":4,"win_rate":0.0,"timestamp":1608689268,"path_taken":["M","M","M","?","?","R","E","$","T","E","R","?","?","M","R","BOSS","M","M","?","?","?","R","E","R","T","R","$","R","?","?","R","BOSS","M","M","?","$","M","R","E","R","T","M","M","?","E"],"items_purchased_type":["Relic","Relic","Card","Relic","Card"],"build_version":"2020-12-13","purchased_purges":1,"victory":false,"max_hp_per_floor":[78,78,78,78,78,78,78,78,78,78,78,78,78,78,78,78,78,78,78,78,78,78,78,78,78,85,85,85,85,85,85,85,85,85,85,85,85,85,85,85,85,85,85,85,85,85,85,85],"card_choices":[{"not_picked":["Rebound","Fusion"],"picked":"Gash","floor":1.0},{"not_picked":["Skim","Cold Snap"],"picked":"Chill","floor":2.0},{"not_picked":["Beam Cell","Conserve Battery"],"picked":"Leap","floor":3.0},{"not_picked":["Undo","Darkness"],"picked":"Hologram","floor":5.0},{"not_picked":["Go for the Eyes","Redo"],"picked":"Beam Cell","floor":7.0},{"not_picked":["Self Repair","Sweeping Beam"],"picked":"Sunder","floor":10.0},{"not_picked":["Coolheaded","Undo","Turbo"],"picked":"SKIP","floor":14.0},{"not_picked":["All For One","Meteor Strike"],"picked":"Echo Form","floor":16.0},{"not_picked":["Darkness+1","Heatsinks"],"picked":"Streamline","floor":18.0},{"not_picked":["Heatsinks","Self Repair"],"picked":"Melter","floor":19.0},{"not_picked":["Streamline","Recycle"],"picked":"Sunder","floor":20},{"not_picked":["Steam Power","Static Discharge"],"picked":"Echo Form","floor":24},{"not_picked":["White Noise","Hologram"],"picked":"Ball Lightning","floor":31},{"not_picked":["Amplify","Meteor Strike"],"picked":"Electrodynamics","floor":33},{"not_picked":["Sweeping Beam+1","Undo"],"picked":"Self Repair+1","floor":35},{"not_picked":["Barrage","Melter+1"],"picked":"Capacitor+1","floor":36},{"not_picked":["Lockon","Stack"],"picked":"Tempest","floor":39},{"not_picked":["Chill","Conserve Battery"],"picked":"Chaos+1","floor":41},{"not_picked":["Steam","Compile Driver","Leap"],"picked":"SKIP","floor":44},{"not_picked":["Coolheaded+1","Streamline","Echo Form+1"],"picked":"SKIP","floor":45}],"player_experience":1291073,"relics_obtained":[{"floor":7.0,"key":"Turnip"},{"floor":10.0,"key":"Art of War"},{"floor":12.0,"key":"Regal Pillow"},{"floor":20,"key":"Red Mask"},{"floor":24,"key":"The Courier"},{"floor":26,"key":"Strawberry"},{"floor":41,"key":"Frozen Egg 2"},{"floor":41,"key":"Orichalcum"},{"floor":43,"key":"CaptainsWheel"}],"event_choices":[{"damage_healed":0.0,"max_hp_gain":0.0,"max_hp_loss":0.0,"gold_gain":0.0,"event_name":"FaceTrader","player_choice":"Trade","floor":4.0,"gold_loss":0.0,"damage_taken":0.0,"relics_obtained":["NlothsMask"]},{"damage_healed":0.0,"max_hp_gain":0.0,"max_hp_loss":0.0,"gold_gain":0.0,"event_name":"World of Goop","player_choice":"Left Gold","floor":13.0,"gold_loss":36.0,"damage_taken":0.0},{"damage_healed":0,"gold_gain":0,"player_choice":"Fought Bandits","damage_taken":0,"max_hp_gain":0,"max_hp_loss":0,"event_name":"Masked Bandits","floor":20,"gold_loss":0},{"damage_healed":0,"gold_gain":50,"player_choice":"Stole From Cult","damage_taken":0,"max_hp_gain":0,"max_hp_loss":0,"event_name":"Nest","floor":21,"gold_loss":0},{"damage_healed":0,"gold_gain":0,"player_choice":"Copied","damage_taken":0,"max_hp_gain":0,"max_hp_loss":0,"event_name":"Duplicator","floor":30,"gold_loss":0,"cards_obtained":["Defragment"]},{"damage_healed":0,"gold_gain":0,"player_choice":"Ignored","damage_taken":0,"max_hp_gain":0,"max_hp_loss":0,"event_name":"The Moai Head","floor":37,"gold_loss":0},{"damage_healed":0,"gold_gain":222,"player_choice":"Wore Mask","damage_taken":0,"max_hp_gain":0,"max_hp_loss":0,"event_name":"Tomb of Lord Red Mask","floor":46,"gold_loss":0}],"is_beta":false,"boss_relics":[{"not_picked":["Runic Dome","Coffee Dripper"],"picked":"Snecko Eye"},{"not_picked":["Pandora\u0027s Box","Empty Cage"],"picked":"Black Star"}],"items_purged_floors":[22],"is_endless":false,"potions_floor_spawned":[7,10,16,20,31,33,35,39,44],"killed_by":"Nemesis","ascension_level":18}}