{"host":"jm9833yuloeli2yd","time":1608689529,"event":{"mods":["AchievementEnabler","BaseMod","Better Altar","Better Match","Better Note","Better Sensory Stone","Better Skull","Better Third Choice","Better Vampires","BetterRewards","Colored Map","Colored Powertips","DeckTracker","Hubris","Marked Mod","Minty Spire (QoL Compilation)","Permanent Neow","Quick Restart","StSLib","SuperFastMode"],"gold_per_floor":[116,134,150,170,189,189,203,203,227,259,259,52,63,74,74,173,173,187,87,104,104,115,115,115,115],"floor_reached":24,"playtime":794,"items_purged":["Pain","Strike_P"],"score":429,"play_id":"37e6a2d9-ce5c-4bbf-a94e-d5b0ce9e39ce","local_time":"20201222211209","is_ascension_mode":true,"campfire_choices":[{"data":"Wallop","floor":6,"key":"SMITH"},{"data":"LikeWater","floor":8,"key":"SMITH"},{"floor":15,"key":"REST"},{"data":"LikeWater","floor":23,"key":"SMITH"}],"circlet_count":0,"master_deck":["AscendersBane","Defend_P","Defend_P","Defend_P","Defend_P","Eruption","Vigilance","PathToVictory","Wallop+1","MarkedMod:GentlePulse","LikeWater+1","LikeWater+1","Scrawl","MarkedMod:GracefulMovements","Halt","MarkedMod:GentlePulse","MarkedMod:ChiBlock","Wish+1","WheelKick+1","WheelKick+1","MarkedMod:FirstStrike","ThirdEye","Necronomicurse","DeceiveReality+1"],"relics":["PureWater","Happy Flower","Oddly Smooth Stone","Orichalcum","WarpedTongs","Astrolabe","Necronomicon"],"acts_visited":["Exordium","TheCity"],"potions_floor_usage":[5,5,16,24,24],"damage_taken":[{"damage":2.0,"enemies":"Cultist","floor":1.0,"turns":3.0},{"damage":0.0,"enemies":"2 Louse","floor":2.0,"turns":3.0},{"damage":0.0,"enemies":"Small Slimes","floor":3.0,"turns":4.0},{"damage":0.0,"enemies":"3 Louse","floor":4.0,"turns":2.0},{"damage":0,"enemies":"Lots of Slimes","floor":5,"turns":6},{"damage":27,"enemies":"Gremlin Gang","floor":7,"turns":7},{"damage":0,"enemies":"Lagavulin","floor":10,"turns":8},{"damage":3,"enemies":"Exordium Thugs","floor":13,"turns":5},{"damage":10,"enemies":"2 Fungi Beasts","floor":14,"turns":5},{"damage":0,"enemies":"The Guardian","floor":16,"turns":9},{"damage":10,"enemies":"Chosen","floor":18,"turns":6},{"damage":4,"enemies":"Spheric Guardian","floor":20,"turns":6},{"damage":0,"enemies":"Snake Plant","floor":22,"turns":2},{"damage":46,"enemies":"Slavers","floor":24,"turns":3}],"seed_played":"5427580697762541790","potions_obtained":[{"floor":1.0,"key":"BlessingOfTheForge"},{"floor":2.0,"key":"SkillPotion"},{"floor":7,"key":"SneckoOil"},{"floor":13,"key":"PowerPotion"},{"floor":20,"key":"BottledMiracle"}],"is_trial":false,"path_per_floor":["M","M","M","M","M","R","M","R","T","E","?","$","M","M","R","B",null,"M","$","M","?","M","R","E"],"character_chosen":"WATCHER","items_purchased":["MarkedMod:GracefulMovements","AttackPotion"],"campfire_rested":1,"item_purchase_floors":[12,12],"current_hp_per_floor":[63,63,63,63,63,63,36,36,36,36,36,36,33,23,44,44,65,55,55,51,35,35,35,0,0],"gold":115,"neow_bonus":"RANDOM_COMMON_RELIC","is_daily":false,"chose_seed":false,"campfire_upgraded":3,"win_rate":0.0,"timestamp":1608689529,"path_taken":["M","M","M","M","?","R","M","R","T","E","?","$","M","?","R","BOSS","M","$","?","?","M","R","E"],"items_purchased_type":["Card","Potion"],"build_version":"2020-12-13","purchased_purges":2,"victory":false,"max_hp_per_floor":[72,72,72,72,72,72,72,72,72,72,72,72,72,72,72,72,72,72,72,72,72,72,72,72,72],"card_choices":[{"not_picked":["EmptyFist","ClearTheMind"],"picked":"PathToVictory","floor":1.0},{"not_picked":["Protect","PathToVictory"],"picked":"Wallop","floor":2.0},{"not_picked":["CrushJoints","ClearTheMind"],"picked":"MarkedMod:GentlePulse","floor":3.0},{"not_picked":["Pray","FlurryOfBlows"],"picked":"LikeWater","floor":4.0},{"not_picked":["Pray","EmptyBody","InnerPeace"],"picked":"SKIP","floor":5},{"not_picked":["Omniscience","CutThroughFate"],"picked":"LikeWater","floor":7},{"not_picked":["MarkedMod:GentlePulse","ConjureBlade"],"picked":"Scrawl","floor":10},{"not_picked":["ForeignInfluence","ClearTheMind"],"picked":"Halt","floor":13},{"not_picked":["Weave","Consecrate"],"picked":"MarkedMod:GentlePulse","floor":14},{"not_picked":["Blasphemy","DeusExMachina"],"picked":"MarkedMod:ChiBlock","floor":16},{"not_picked":["CarveReality+1","FlyingSleeves"],"picked":"MarkedMod:FirstStrike","floor":18},{"not_picked":["Nirvana","Judgement"],"picked":"ThirdEye","floor":20},{"not_picked":["MarkedMod:Acupuncture","Prostrate"],"picked":"DeceiveReality+1","floor":22}],"player_experience":1154563,"relics_obtained":[{"floor":9,"key":"Oddly Smooth Stone"},{"floor":10,"key":"Orichalcum"},{"floor":21,"key":"Necronomicon"}],"event_choices":[{"damage_healed":0,"gold_gain":0,"player_choice":"Rummage","damage_taken":0,"relics_obtained":["WarpedTongs"],"max_hp_gain":0,"max_hp_loss":0,"event_name":"Accursed Blacksmith","floor":11,"gold_loss":0,"cards_obtained":["Pain"]},{"damage_healed":0,"gold_gain":0,"player_choice":"Obtained Book","damage_taken":16,"max_hp_gain":0,"max_hp_loss":0,"event_name":"Cursed Tome","floor":21,"gold_loss":0}],"is_beta":false,"boss_relics":[{"not_picked":["Runic Pyramid","Snecko Eye"],"picked":"Astrolabe"}],"items_purged_floors":[12,19],"is_endless":false,"potions_floor_spawned":[1,2,4,7,13,20],"killed_by":"Slavers","ascension_level":11}}