{"host":"951sez6ulsv0fw1i","time":1608730816,"event":{"mods":["2.2 Compatiblity","Aspiration","BaseMod","Better Third Choice","BetterRewards","CCEM","CapriCore","Conspire","Downfall","Googly Eyes","Hermit","Infinite Spire","JesterMod","Luminous","Mari Mod (Legacy)","Mari\u0027s V1 Patch","Marisa????????","Minty Spire (QoL Compilation)","Potionbrewer","Reimu??????","Shade Mod","StSLib","The Cursed","The Immortal","The Runesmith","The Servant 0.9.4","TheBandit","TheSwordswoman"],"gold_per_floor":[119,65,65,40,40,75,75,102,150,167,167,167],"floor_reached":11,"playtime":335,"items_purged":[],"score":91,"play_id":"b7833fa1-6857-4a95-8e1d-8b988f3edaf9","local_time":"20201223144016","is_ascension_mode":true,"campfire_choices":[{"floor":7,"key":"REST"}],"circlet_count":0,"master_deck":["TheCursedMod:Strike_TheCursed","TheCursedMod:Strike_TheCursed","TheCursedMod:Strike_TheCursed","TheCursedMod:Defend_TheCursed","TheCursedMod:CursedWand","TheCursedMod:CleanUpWorkshop","TheCursedMod:Dregs","TheCursedMod:Wield","TheCursedMod:FleshFromBone","TheCursedMod:CursedShiv","Leg Sweep","Slice","Storm of Steel","TheCursedMod:CursedBlade","TheCursedMod:SmokeScreen","TheCursedMod:CircleOfCorruption"],"relics":["TheCursedMod:BlackMagic101","aspiration:Nostalgia","Shade:YorickSkull","conspire:TopHat","White Beast Statue","Runesmith:AutoHammer"],"acts_visited":["Exordium"],"potions_floor_usage":[],"damage_taken":[{"damage":0,"enemies":"Cultist","floor":1,"turns":5},{"damage":54,"enemies":"Gremlin Nob","floor":6,"turns":5},{"damage":35,"enemies":"Lagavulin","floor":8,"turns":6},{"damage":0,"enemies":"Small Slimes","floor":10,"turns":2},{"damage":1,"enemies":"Gremlin Nob","floor":11,"turns":2}],"seed_played":"-1811766403559020188","potions_obtained":[{"floor":6,"key":"SkillPotion"},{"floor":10,"key":"TheCursedMod:DregsPotion"}],"is_trial":false,"path_per_floor":["M","$","?","$","?","E","R","E","T","M","E"],"character_chosen":"THE_CURSED","items_purchased":["TheCursedMod:FleshFromBone","TheCursedMod:CursedShiv"],"campfire_rested":1,"item_purchase_floors":[2,4],"current_hp_per_floor":[75,75,68,68,68,14,36,1,1,1,0,0],"gold":167,"neow_bonus":"NOSTALGIA","is_daily":false,"chose_seed":false,"campfire_upgraded":0,"win_rate":0.0,"timestamp":1608730816,"path_taken":["M","?","?","$","?","E","R","E","T","M","E"],"items_purchased_type":["Card","Card"],"build_version":"2020-12-22","purchased_purges":0,"victory":false,"max_hp_per_floor":[75,75,75,75,75,75,75,75,75,75,75,75],"card_choices":[{"not_picked":["TheCursedMod:TacticalStrike","TheCursedMod:SpreadPlague"],"picked":"TheCursedMod:Wield","floor":1},{"not_picked":["TheCursedMod:EmpowerCircles","TheCursedMod:CircleOfFlame"],"picked":"TheCursedMod:CursedBlade","floor":6},{"not_picked":["TheCursedMod:CursedBlade","TheCursedMod:TroublousMinions"],"picked":"TheCursedMod:SmokeScreen","floor":8},{"not_picked":["TheCursedMod:Torture","TheCursedMod:CursedSpellbook"],"picked":"TheCursedMod:CircleOfCorruption","floor":10}],"player_experience":520113,"relics_obtained":[{"floor":6,"key":"conspire:TopHat"},{"floor":8,"key":"White Beast Statue"},{"floor":9,"key":"Runesmith:AutoHammer"}],"event_choices":[{"cards_removed":["TheCursedMod:Defend_TheCursed"],"damage_healed":0,"gold_gain":0,"player_choice":"Card Removal","damage_taken":7,"max_hp_gain":0,"max_hp_loss":0,"event_name":"Golden Wing","floor":3,"gold_loss":0}],"is_beta":false,"boss_relics":[],"items_purged_floors":[],"is_endless":false,"potions_floor_spawned":[6,10],"killed_by":"Gremlin Nob","ascension_level":3}}