{"host":"sdjng9zhqonqi3uc","time":1608765909,"event":{"mods":["2.2 Compatiblity","AchievementEnabler","BaseMod","BetterRewards","Colored Powertips","Hero for Fun","Minty Spire (QoL Compilation)","StSLib","Td1madao Mod","The Animator","The Cursed","The Servant 0.9.4"],"gold_per_floor":[128,128,148,166,81,81,111,111,134,147,178,178,188,188,188,287,287,306,306,325,159,182,182,193,193,217,228,228,228],"floor_reached":28,"playtime":1447,"items_purged":[],"score":268,"play_id":"dc6022a5-f139-495d-9909-130a1ffaedb2","local_time":"20201224002509","is_ascension_mode":true,"campfire_choices":[{"data":"animator:AcuraAkari","floor":6,"key":"SMITH"},{"data":"animator:KyokoSakura","floor":8,"key":"SMITH"},{"data":"animator:MamiTomoe","floor":12,"key":"SMITH"},{"data":"animator:Layla","floor":15,"key":"SMITH"},{"data":"animator:Zero","floor":23,"key":"SMITH"},{"data":"animator:Tyuule","floor":25,"key":"SMITH"}],"circlet_count":0,"master_deck":["animator:Strike_TenSura","animator:Defend_TenSura","animator:Benimaru","animator:Shuna","animator:YunYun","animator:Mitsurugi","animator:AcuraAkari+1","animator:Strike_AccelWorld","animator:Strike_FullmetalAlchemist","animator:Strike_Elsword","animator:Defend_FullmetalAlchemist","animator:Defend_MadokaMagica","animator:KyokoSakura+1","animator:MamiTomoe+1","animator:Layla+1","animator:Benimaru","animator:ChaikaTrabant","CurseOfTheBell","animator:NagisaMomoe","animator:WinryRockbell+1","animator:Elesis","animator:Zero+1","animator:Souei","animator:Tyuule+1","animator:SayakaMiki"],"relics":["animator:LivingPicture","animator:TheMissingPiece","animator:PurgingStone","NeowsBlessing","Lantern","animator:ShionDessert","animator:BattleDrones","Calling Bell","PreservedInsect","Paper Frog","animator:EngravedStaff","Red Skull"],"acts_visited":["Exordium","TheCity"],"potions_floor_usage":[11,16,22],"damage_taken":[{"damage":0,"enemies":"Jaw Worm","floor":1,"turns":1},{"damage":0,"enemies":"2 Louse","floor":3,"turns":1},{"damage":0,"enemies":"Cultist","floor":4,"turns":1},{"damage":13,"enemies":"Lagavulin","floor":7,"turns":5},{"damage":0,"enemies":"3 Louse","floor":10,"turns":1},{"damage":0,"enemies":"3 Sentries","floor":11,"turns":4},{"damage":0,"enemies":"Large Slime","floor":13,"turns":3},{"damage":3,"enemies":"Slime Boss","floor":16,"turns":6},{"damage":6,"enemies":"3 Byrds","floor":18,"turns":3},{"damage":17,"enemies":"Shell Parasite","floor":20,"turns":3},{"damage":4,"enemies":"Cultist and Chosen","floor":22,"turns":4},{"damage":9,"enemies":"Chosen and Byrds","floor":24,"turns":3},{"damage":10,"enemies":"Centurion and Healer","floor":27,"turns":3},{"damage":24,"enemies":"Snake Plant","floor":28,"turns":2}],"seed_played":"2992473060479657142","potions_obtained":[{"floor":1,"key":"GamblersBrew"},{"floor":10,"key":"SteroidPotion"},{"floor":11,"key":"Explosive Potion"},{"floor":20,"key":"SkillPotion"}],"is_trial":false,"path_per_floor":["M","?","M","M","?","R","E","R","T","M","E","R","M","?","R","B",null,"M","?","M","$","M","R","M","R","T","M","M"],"character_chosen":"THE_ANIMATOR","items_purchased":["animator:Elesis","animator:Zero"],"campfire_rested":0,"item_purchase_floors":[21,21],"current_hp_per_floor":[66,59,60,60,60,60,47,47,47,47,47,47,47,67,67,64,67,61,61,44,44,40,40,31,31,31,21,0,0],"gold":228,"neow_bonus":"THREE_ENEMY_KILL","is_daily":false,"chose_seed":false,"campfire_upgraded":6,"win_rate":0.0,"timestamp":1608765909,"path_taken":["M","?","M","M","?","R","E","R","T","M","E","R","M","?","R","BOSS","M","?","M","$","M","R","M","R","T","M","M"],"items_purchased_type":["Card","Card"],"build_version":"2020-12-22","purchased_purges":0,"victory":false,"max_hp_per_floor":[66,66,67,67,67,67,67,67,67,67,67,67,67,67,67,67,67,67,67,67,67,67,67,67,67,67,67,67,67],"card_choices":[{"not_picked":["animator:Kazuma","animator:Pride"],"picked":"animator:YunYun","floor":1},{"not_picked":["animator:Sonic","animator:Aisha"],"picked":"animator:Mitsurugi","floor":3},{"not_picked":["animator:Konayuki","animator:Pride"],"picked":"animator:AcuraAkari","floor":4},{"not_picked":["animator:IrohaTamaki","animator:OrikoMikuni"],"picked":"animator:KyokoSakura","floor":7},{"not_picked":["animator:Viivi","animator:Kuribayashi"],"picked":"animator:MamiTomoe","floor":10},{"not_picked":["animator:Shuna","animator:Rena"],"picked":"animator:Layla","floor":11},{"not_picked":["animator:Raven","animator:Sloth"],"picked":"animator:Benimaru","floor":13},{"not_picked":["animator:Greed","animator:MadokaKaname"],"picked":"animator:ChaikaTrabant","floor":16},{"not_picked":["animator:KyokoSakura","animator:Walpurgisnacht"],"picked":"animator:NagisaMomoe","floor":18},{"not_picked":["animator:Layla","animator:Geryuganshoop"],"picked":"animator:WinryRockbell+1","floor":20},{"not_picked":["animator:Mitsurugi","animator:Lu"],"picked":"animator:Souei","floor":22},{"not_picked":["animator:Megumin","animator:Azekura"],"picked":"animator:Tyuule","floor":24},{"not_picked":["animator:KyokoSakura","animator:IrohaTamaki"],"picked":"animator:SayakaMiki","floor":27}],"player_experience":246401,"relics_obtained":[{"floor":7,"key":"Lantern"},{"floor":9,"key":"animator:ShionDessert"},{"floor":11,"key":"animator:BattleDrones"},{"floor":17,"key":"PreservedInsect"},{"floor":17,"key":"Paper Frog"},{"floor":17,"key":"animator:EngravedStaff"},{"floor":26,"key":"Red Skull"}],"event_choices":[{"cards_removed":["animator:Defend"],"damage_healed":0,"gold_gain":0,"player_choice":"Card Removal","damage_taken":7,"max_hp_gain":0,"max_hp_loss":0,"event_name":"Golden Wing","floor":2,"gold_loss":0},{"damage_healed":20,"gold_gain":0,"player_choice":"Full Heal","damage_taken":0,"max_hp_gain":0,"max_hp_loss":0,"event_name":"Wheel of Change","floor":14,"gold_loss":0},{"damage_healed":0,"gold_gain":0,"player_choice":"Ignored","damage_taken":0,"max_hp_gain":0,"max_hp_loss":0,"event_name":"Vampires","floor":19,"gold_loss":0}],"is_beta":false,"boss_relics":[{"not_picked":["Philosopher\u0027s Stone","Velvet Choker"],"picked":"Calling Bell"}],"items_purged_floors":[],"is_endless":false,"potions_floor_spawned":[1,10,11,20],"killed_by":"Snake Plant","ascension_level":1}}