{"host":"d8hh7rr4yzitjeuj","time":1608746166,"event":{"mods":["2.2 Compatiblity","AchievementEnabler","BaseMod","CapriCore","Colored Map","Colored Powertips","Highlight Path","Keyboard Shortcuts","Marisa£¨Ùöéë¡¡Øª×âÞÞ£©","Minty Spire (QoL Compilation)","Permanent Neow","Quick Restart","StSLib","SuperFastMode"],"gold_per_floor":[116,130,162,175,100,100,157,203,203,267,267,71,71,71,71,188,188,230,230,243,268,106,134,134],"floor_reached":23,"playtime":777,"items_purged":["Strike_MRS","Strike_MRS"],"score":279,"play_id":"1d6a42fc-bc55-4c21-b1dd-fd896cbd9d24","local_time":"20201224025606","is_ascension_mode":true,"campfire_choices":[{"data":"ManaRampage","floor":6.0,"key":"SMITH"},{"floor":13.0,"key":"REST"},{"data":"ManaConvection","floor":15.0,"key":"SMITH"}],"circlet_count":0,"master_deck":["Strike_MRS","Strike_MRS","Defend_MRS","Defend_MRS","Defend_MRS","Defend_MRS","MasterSpark","UpSweep","ManaRampage+1","Robbery","ManaConvection+1","WitchOfGreed","Acceleration","ChargeUpSpray","MilkyWay","DoubleSpark","UltimateShortwave","ManaConvection","BinaryStars"],"relics":["MiniHakkero","Matryoshka","Bag of Marbles","Kunai","Bottled Lightning","SlaversCollar","Red Mask"],"acts_visited":["Exordium","TheCity"],"potions_floor_usage":[23],"damage_taken":[{"damage":2.0,"enemies":"Jaw Worm","floor":1.0,"turns":3.0},{"damage":0.0,"enemies":"Small Slimes","floor":2.0,"turns":1.0},{"damage":6.0,"enemies":"Cultist","floor":3.0,"turns":3.0},{"damage":3.0,"enemies":"Exordium Wildlife","floor":4.0,"turns":3.0},{"damage":20.0,"enemies":"Lagavulin","floor":7.0,"turns":6.0},{"damage":0.0,"enemies":"3 Louse","floor":8.0,"turns":2.0},{"damage":27.0,"enemies":"3 Sentries","floor":10.0,"turns":6.0},{"damage":24.0,"enemies":"The Guardian","floor":16.0,"turns":11.0},{"damage":44.0,"enemies":"2 Thieves","floor":18.0,"turns":4.0},{"damage":0.0,"enemies":"Spheric Guardian","floor":20.0,"turns":2.0},{"damage":21.0,"enemies":"Masked Bandits","floor":21.0,"turns":3.0},{"damage":17,"enemies":"Gremlin Leader","floor":23,"turns":3}],"seed_played":"-6482058099721691107","potions_obtained":[{"floor":2.0,"key":"Explosive Potion"},{"floor":3.0,"key":"SpeedPotion"},{"floor":4.0,"key":"SpeedPotion"},{"floor":7.0,"key":"DuplicationPotion"},{"floor":8.0,"key":"LiquidBronze"},{"floor":10.0,"key":"SmokeBomb"},{"floor":14.0,"key":"CultistPotion"},{"floor":14.0,"key":"GamblersBrew"}],"is_trial":false,"path_per_floor":["M","M","M","M","$","R","E","M","T","E","?","$","R","?","R","B",null,"M","?","M","?","$","E"],"character_chosen":"MARISA","items_purchased":["MilkyWay","DoubleSpark","BinaryStars"],"campfire_rested":1,"item_purchase_floors":[12,12,22],"current_hp_per_floor":[66,66,60,57,57,57,37,37,37,10,10,10,30,30,30,6,53,9,31,31,10,10,0,0],"gold":134,"neow_bonus":"THREE_RARE_CARDS","is_daily":false,"chose_seed":false,"campfire_upgraded":2,"win_rate":0.0,"timestamp":1608746166,"path_taken":["M","M","M","M","$","R","E","M","T","E","?","$","R","?","R","BOSS","M","?","M","?","$","E"],"items_purchased_type":["Card","Card","Card"],"build_version":"2020-12-22","purchased_purges":2,"victory":false,"max_hp_per_floor":[68,68,68,68,68,68,68,68,68,68,68,68,68,68,68,68,68,68,68,68,68,68,68,68],"card_choices":[{"not_picked":["AbsoluteMagnitude","CollectingQuirk"],"picked":"ManaRampage","floor":0.0},{"not_picked":["DC","StarlightTyphoon"],"picked":"Robbery","floor":1.0},{"not_picked":["MeteoricShower","NonDirectionalLaser"],"picked":"ManaConvection","floor":2.0},{"not_picked":["6A","IllusionStar"],"picked":"WitchOfGreed","floor":3.0},{"not_picked":["DC","Occultation","WitchLeyline"],"picked":"SKIP","floor":4.0},{"not_picked":["ShootingEcho","WitchLeyline","DeepEcoloBomb"],"picked":"SKIP","floor":7.0},{"not_picked":["ShootingEcho","DC"],"picked":"Acceleration","floor":8.0},{"not_picked":["GrandCross","EnergyRecoil"],"picked":"ChargeUpSpray","floor":10.0},{"not_picked":["AbsoluteMagnitude","JA"],"picked":"UltimateShortwave","floor":16.0},{"not_picked":["ChargeUpSpray","GravityBeat","DC"],"picked":"SKIP","floor":18.0},{"not_picked":["GrandCross+1","Acceleration+1","SporeBomb+1"],"picked":"SKIP","floor":20.0},{"not_picked":["IllusionStar+1","GrandCross"],"picked":"ManaConvection","floor":21.0}],"player_experience":1433919,"relics_obtained":[{"floor":7.0,"key":"Matryoshka"},{"floor":9.0,"key":"Bag of Marbles"},{"floor":9.0,"key":"Kunai"},{"floor":10.0,"key":"Bottled Lightning"},{"floor":21.0,"key":"Red Mask"}],"event_choices":[{"damage_healed":0.0,"max_hp_gain":0.0,"max_hp_loss":0.0,"gold_gain":0.0,"event_name":"Scrap Ooze","player_choice":"Fled","floor":11.0,"gold_loss":0.0,"damage_taken":0.0},{"damage_healed":0.0,"max_hp_gain":0.0,"max_hp_loss":0.0,"gold_gain":0.0,"event_name":"Lab","player_choice":"Got Potions","floor":14.0,"gold_loss":0.0,"damage_taken":0.0},{"damage_healed":22.0,"max_hp_gain":0.0,"max_hp_loss":0.0,"gold_gain":0.0,"event_name":"The Library","player_choice":"Heal","floor":19.0,"gold_loss":0.0,"damage_taken":0.0},{"damage_healed":0.0,"max_hp_gain":0.0,"max_hp_loss":0.0,"gold_gain":0.0,"event_name":"Masked Bandits","player_choice":"Fought Bandits","floor":21.0,"gold_loss":0.0,"damage_taken":0.0}],"is_beta":false,"boss_relics":[{"not_picked":["BewitchedHakkero","Cursed Key"],"picked":"SlaversCollar"}],"items_purged_floors":[5,12],"is_endless":false,"potions_floor_spawned":[2,3,4,10,18,20],"killed_by":"Gremlin Leader","ascension_level":8}}