{"host":"rjmu5g8hpiele53d","time":1608758706,"event":{"mods":["2.2 Compatiblity","BaseMod","Downfall","GifTheSpireLib","Minty Spire (QoL Compilation)","StSLib"],"gold_per_floor":[99,99,157,157,157,189,189,189,224,224,224,224,241,241,259,259,259,259],"floor_reached":16,"playtime":676,"items_purged":[],"score":109,"play_id":"9c34d5d2-e2d1-46b1-b023-7507f0d66f64","local_time":"20201223212506","is_ascension_mode":true,"campfire_choices":[{"data":"hexamod:Float","floor":1,"key":"SMITH"},{"data":"hexamod:SpectersWail","floor":8,"key":"SMITH"},{"data":"hexamod:Toasty","floor":12,"key":"SMITH"}],"circlet_count":0,"master_deck":["hexamod:Strike","hexamod:Strike","hexamod:Strike","hexamod:Defend","hexamod:Defend","hexamod:Defend","hexamod:Defend","hexamod:Sear","hexamod:Float+1","hexamod:SoulSteal+1","hexamod:SpectersWail+1","hexamod:SuperheatedStrike","hexamod:Hexaguard","hexamod:Toasty+1","hexamod:ChargedBarrage"],"relics":["hexamod:SpiritBrand","downfall:HeartsMalice","Centennial Puzzle","Blood Vial","Gremlin Horn","Akabeko","Bag of Marbles","downfall:BrokenWingStatue"],"acts_visited":["Exordium"],"potions_floor_usage":[16],"damage_taken":[{"damage":0,"enemies":"2 Louse","floor":2,"turns":1},{"damage":0,"enemies":"Lagavulin Event","floor":3,"turns":1},{"damage":0,"enemies":"Small Slimes","floor":5,"turns":1},{"damage":5,"enemies":"3 Sentries","floor":6,"turns":6},{"damage":8,"enemies":"Gremlin Nob","floor":9,"turns":3},{"damage":0,"enemies":"Cultist","floor":13,"turns":3},{"damage":0,"enemies":"3 Louse","floor":15,"turns":2},{"damage":70,"enemies":"downfall:Defect","floor":16,"turns":6}],"seed_played":"-5188878264237190764","potions_obtained":[{"floor":3,"key":"DistilledChaos"},{"floor":6,"key":"SteroidPotion"},{"floor":9,"key":"Strength Potion"}],"is_trial":false,"path_per_floor":["R","M","?","?","M","E","T","R","E","?","?","R","M","?","M","B"],"character_chosen":"THE_SPIRIT","items_purchased":[],"campfire_rested":0,"item_purchase_floors":[],"current_hp_per_floor":[70,70,70,70,70,65,65,65,59,56,56,56,58,58,60,0,0,0],"gold":259,"neow_bonus":"THREE_ENEMY_KILL","is_daily":false,"chose_seed":false,"campfire_upgraded":3,"win_rate":0.0,"timestamp":1608758706,"path_taken":["R","M","?","?","?","E","T","R","E","?","?","R","?","?","M","BOSS"],"items_purchased_type":[],"build_version":"2020-12-22","purchased_purges":0,"victory":false,"max_hp_per_floor":[70,70,70,70,70,70,70,70,70,70,70,70,70,70,70,70,70,70],"card_choices":[{"not_picked":["hexamod:HauntingEcho","hexamod:PowerFromBeyond"],"picked":"hexamod:SoulSteal","floor":2},{"not_picked":["hexamod:Hexaguard","hexamod:HauntingEcho"],"picked":"hexamod:SpectersWail","floor":3},{"not_picked":["hexamod:FastForward","hexamod:GhostLash"],"picked":"hexamod:SuperheatedStrike","floor":5},{"not_picked":["hexamod:AdvancingGuard","hexamod:ThermalTransfer"],"picked":"hexamod:Hexaguard","floor":6},{"not_picked":["hexamod:SoulSteal","hexamod:EtherealExpedition"],"picked":"hexamod:Toasty","floor":9},{"not_picked":["hexamod:Haunt","hexamod:SuperheatedStrike"],"picked":"hexamod:ChargedBarrage","floor":13},{"not_picked":["hexamod:BacktrackSmack","hexamod:SpectralSpark","hexamod:ThermalTransfer"],"picked":"SKIP","floor":15}],"player_experience":1567257,"relics_obtained":[{"floor":3,"key":"Centennial Puzzle"},{"floor":6,"key":"Blood Vial"},{"floor":7,"key":"Gremlin Horn"},{"floor":9,"key":"Akabeko"}],"event_choices":[{"damage_healed":0,"gold_gain":0,"player_choice":"Upgraded","damage_taken":0,"max_hp_gain":0,"max_hp_loss":0,"event_name":"Upgrade Shrine","floor":4,"gold_loss":0,"cards_upgraded":["hexamod:SoulSteal"]},{"damage_healed":0,"gold_gain":0,"player_choice":"Success","damage_taken":3,"relics_obtained":["Bag of Marbles"],"max_hp_gain":0,"max_hp_loss":0,"event_name":"Scrap Ooze","floor":10,"gold_loss":0},{"cards_removed":["hexamod:Strike"],"damage_healed":0,"gold_gain":0,"player_choice":"Purged","damage_taken":0,"max_hp_gain":0,"max_hp_loss":0,"event_name":"Purifier","floor":11,"gold_loss":0}],"is_beta":false,"boss_relics":[],"items_purged_floors":[],"is_endless":false,"potions_floor_spawned":[3,6,9],"killed_by":"downfall:Defect","ascension_level":1}}