{"host":"o3b7ow6d1xe49css","time":1608763796,"event":{"mods":["Act Like it!","Aspiration","BaseMod","Bestiary","Better Altar","Better Match","Better Note","Better Sensory Stone","Better Skull","Better Third Choice","Colored Powertips","Conspire","Energized Spire","Force Act Four","GifTheSpireLib","Halation","Hermit","Hubris","Infinite Spire","Lobotomy","Minty Spire (QoL Compilation)","Quick Restart","Replay The Spire","Spicy Shops","Spikes Relics","StSLib","Stuff the Spire","The Blue Laboratory","Wandering Minibosses","vexMod"],"gold_per_floor":[111,125,138,148,41,71,102,102,102,127,127,160,190,39,39,142,142,158,177,194,194,51,84,115,148,171,171,204,204,235,87,87,187,187,204,52,68,68,368,368,368],"floor_reached":40,"playtime":1767,"items_purged":["Strike_P","Strike_P","Strike_P"],"score":916,"play_id":"c6fd643b-3950-42d7-b776-b935a0163ec7","local_time":"20201223134956","daily_mods":["Heirloom","Flight","Elite Swarm"],"is_ascension_mode":true,"campfire_choices":[{"floor":8,"key":"REST"},{"data":"Eruption","floor":11,"key":"SMITH"},{"data":"Vault","floor":15,"key":"SMITH"},{"data":"1","floor":27,"key":"LIFT"},{"data":"2","floor":32,"key":"LIFT"}],"circlet_count":0,"master_deck":["Strike_P","Defend_P","Defend_P","Defend_P","Defend_P","Eruption+1","Vigilance","Evaluate+1","SashWhip","UniverseFragment","Replay:BluntJabs+1","Wireheading+1","Consecrate","DeusExMachina","OldLady","Vault+1","Blasphemy","OSAHOGD","Replay:AllIn","Evaluate+1","Scorched","DevaForm","Scrawl","LessonLearned","BattleHymn","Indignation+1","Crescendo","WindmillStrike"],"relics":["PureWater","Ring of Chaos","Replay:Purple Gloves","CogitoBucket","Guide Book","StuffTheSpire:Mouthbags","StuffTheSpire:OldFever","MealTicket","StuffTheSpire:Gunfinga","Potion Belt","vexMod:Spyglass","Snecko Eye","wanderingMiniBosses:Inkheart","infinitespire:Satchel","StuffTheSpire:Wildfire","StuffTheSpire:NeowsTribute","Girya","StuffTheSpire:Experiment12","Boot","aspiration:HiddenCompartment","halation:AfternoonTea","Coffee Dripper","LuminousBracelet","Oddly Smooth Stone"],"acts_visited":["Exordium","TheCity","TheBeyond"],"potions_floor_usage":[6,20,24,24],"damage_taken":[{"damage":1,"enemies":"2 Louse","floor":1,"turns":2},{"damage":0,"enemies":"Small Slimes","floor":2,"turns":6},{"damage":1,"enemies":"conspire:RoseBush","floor":3,"turns":1},{"damage":0,"enemies":"Looter","floor":4,"turns":3},{"damage":22,"enemies":"3 Sentries","floor":6,"turns":4},{"damage":29,"enemies":"Lagavulin","floor":7,"turns":5},{"damage":4,"enemies":"3 Sentries","floor":10,"turns":3},{"damage":0,"enemies":"Lagavulin","floor":12,"turns":3},{"damage":2,"enemies":"Replay:BlueRogue","floor":13,"turns":3},{"damage":0,"enemies":"The Guardian","floor":16,"turns":4},{"damage":0,"enemies":"3 Byrds","floor":18,"turns":2},{"damage":0,"enemies":"Spheric Guardian","floor":19,"turns":1},{"damage":0,"enemies":"Cultist and Chosen","floor":20,"turns":4},{"damage":0,"enemies":"conspire:Head Lice","floor":23,"turns":3},{"damage":5,"enemies":"Book of Stabbing","floor":24,"turns":2},{"damage":0,"enemies":"Slavers","floor":25,"turns":2},{"damage":40,"enemies":"Nightmare","floor":28,"turns":3},{"damage":0,"enemies":"Book of Stabbing","floor":30,"turns":2},{"damage":2,"enemies":"Champ","floor":33,"turns":3},{"damage":43,"enemies":"Orb Walker","floor":35,"turns":4},{"damage":0,"enemies":"3 Darklings","floor":37,"turns":3},{"damage":58,"enemies":"Nightmare","floor":40,"turns":2}],"seed_played":"-3393402139931998265","potions_obtained":[{"floor":2,"key":"GamblersBrew"},{"floor":6,"key":"Milkshake"},{"floor":13,"key":"blueLaboratory:FaithlessPotion"},{"floor":16,"key":"ColorlessPotion"},{"floor":18,"key":"PowerPotion"},{"floor":20,"key":"blueLaboratory:HorrorPotion"},{"floor":30,"key":"blueLaboratory:FaithlessPotion"},{"floor":33,"key":"blueLaboratory:HorrorPotion"},{"floor":35,"key":"blueLaboratory:PressurePotion"}],"is_trial":true,"path_per_floor":["M","M","M","M","$","E","E","R","T","E","R","E","E","$","R","B",null,"M","M","M","?","$","E","E","E","T","R","NM","AVR","E","$","R","B",null,"M","$","M","T","?","NM"],"character_chosen":"WATCHER","items_purchased":["Consecrate","Guide Book","vexMod:Spyglass","infinitespire:Satchel","BattleHymn","Crescendo"],"campfire_rested":1,"item_purchase_floors":[5,5,14,22,31,36],"current_hp_per_floor":[71,71,70,70,70,48,19,40,40,36,36,36,34,49,49,49,66,66,66,66,66,72,72,67,67,67,67,27,27,27,42,42,40,64,36,51,51,51,51,0,0],"gold":368,"neow_bonus":"","is_daily":false,"chose_seed":false,"campfire_upgraded":2,"win_rate":0.0,"timestamp":1608763796,"path_taken":["M","M","M","M","$","E","E","R","T","E","R","E","E","$","R","BOSS","M","M","M","?","$","E","E","E","T","R","NM","AVR","E","$","R","BOSS","M","?","M","?","?","NM"],"items_purchased_type":["Card","Relic","Relic","Relic","Card","Card"],"build_version":"2020-12-22","purchased_purges":3,"victory":false,"max_hp_per_floor":[72,72,72,72,72,72,72,72,72,72,72,72,72,72,72,72,72,72,72,72,72,72,72,72,72,72,72,72,72,72,72,72,72,72,87,87,87,87,87,87,87],"card_choices":[{"not_picked":["MeatLantern","MHz","PunishingBird"],"picked":"Singing Bowl","floor":1},{"not_picked":["ThirdEye","ClearTheMind"],"picked":"Evaluate","floor":1},{"not_picked":["BigBadWolf","SpiderBud","QueenOfHatred"],"picked":"Singing Bowl","floor":2},{"not_picked":["Halt","Adaptation"],"picked":"SashWhip","floor":2},{"not_picked":["CherryBlossoms","ShyLook","CrumblingArmor"],"picked":"Singing Bowl","floor":3},{"not_picked":["Bloodbath","VoidDream"],"picked":"UniverseFragment","floor":3},{"not_picked":["Prostrate","FollowUp"],"picked":"Replay:BluntJabs","floor":3},{"not_picked":["Bloodbath","NakedNest","CherryBlossoms"],"picked":"Singing Bowl","floor":4},{"not_picked":["Evaluate","FollowUp"],"picked":"Wireheading","floor":4},{"not_picked":["VoidDream","Laetitia","GalaxyChild"],"picked":"Singing Bowl","floor":6},{"not_picked":["Ragnarok","Devotion"],"picked":"DeusExMachina","floor":6},{"not_picked":["Bloodbath","BeautyBeast","Alriune"],"picked":"Singing Bowl","floor":7},{"not_picked":["DevaForm","MasterReality","Wish"],"picked":"SKIP","floor":7},{"not_picked":["MeatLantern","CherryBlossoms"],"picked":"OldLady","floor":10},{"not_picked":["LessonLearned","Devotion"],"picked":"Vault","floor":10},{"not_picked":["CherryBlossoms","SingingMachine","OSAHOGD"],"picked":"Singing Bowl","floor":12},{"not_picked":["LessonLearned","Judgement","Ragnarok"],"picked":"SKIP","floor":12},{"not_picked":["LongBird","Woodsman","FairyFestival"],"picked":"Singing Bowl","floor":13},{"not_picked":["Brilliance","Replay:LoomingThreat"],"picked":"Blasphemy","floor":13},{"not_picked":["Bloodbath","ShyLook"],"picked":"OSAHOGD","floor":16},{"not_picked":["Ragnarok","DeusExMachina"],"picked":"Replay:AllIn","floor":16},{"not_picked":["CherryBlossoms","NakedNest","Porccubus"],"picked":"Singing Bowl","floor":18},{"not_picked":["Adaptation","MentalFortress"],"picked":"Evaluate+1","floor":18},{"not_picked":["WhitesApple","SpiderBud","Bloodbath"],"picked":"Singing Bowl","floor":19},{"not_picked":["Funeral","BeautyBeast"],"picked":"Scorched","floor":19},{"not_picked":["WreathOfFlame","Replay:AtTheReady+1"],"picked":"DevaForm","floor":19},{"not_picked":["HeroicMonk","MeatLantern","Variant"],"picked":"Singing Bowl","floor":20},{"not_picked":["EmptyBody","FlurryOfBlows+1","FlyingSleeves"],"picked":"SKIP","floor":20},{"not_picked":["Variant","ShyLook","SingingMachine"],"picked":"Singing Bowl","floor":23},{"not_picked":["Judgement","Omniscience"],"picked":"Scrawl","floor":23},{"not_picked":["WallGazer","FairyFestival","SpiderBud"],"picked":"Singing Bowl","floor":24},{"not_picked":["Replay:LoomingThreat","Devotion","Blasphemy"],"picked":"SKIP","floor":24},{"not_picked":["LittlePrince","LaLuna","WallGazer"],"picked":"Singing Bowl","floor":25},{"not_picked":["Wish","Ragnarok","Devotion"],"picked":"SKIP","floor":25},{"not_picked":["Bloodbath","SilentOrchestra","BigBird"],"picked":"Singing Bowl","floor":28},{"not_picked":["Replay:AllIn","Ragnarok","Blasphemy"],"picked":"SKIP","floor":28},{"not_picked":["QueenOfHatred","MeatLantern","Alriune"],"picked":"Singing Bowl","floor":30},{"not_picked":["DevaForm","Replay:LoomingThreat"],"picked":"LessonLearned","floor":30},{"not_picked":["SilentOrchestra","SingingMachine","CENSORED"],"picked":"Singing Bowl","floor":33},{"not_picked":["Variant","Alriune","NothingThere"],"picked":"Singing Bowl","floor":35},{"not_picked":["Study","FlyingSleeves+1"],"picked":"Indignation+1","floor":35},{"not_picked":["SilentOrchestra","BeautyBeast","LongBird"],"picked":"Singing Bowl","floor":37},{"not_picked":["Wireheading","EmptyBody+1"],"picked":"WindmillStrike","floor":37}],"player_experience":1838980,"relics_obtained":[{"floor":6,"key":"StuffTheSpire:Mouthbags"},{"floor":7,"key":"StuffTheSpire:OldFever"},{"floor":10,"key":"MealTicket"},{"floor":12,"key":"StuffTheSpire:Gunfinga"},{"floor":13,"key":"Potion Belt"},{"floor":20,"key":"wanderingMiniBosses:Inkheart"},{"floor":23,"key":"StuffTheSpire:Wildfire"},{"floor":24,"key":"StuffTheSpire:NeowsTribute"},{"floor":25,"key":"Girya"},{"floor":26,"key":"StuffTheSpire:Experiment12"},{"floor":28,"key":"Boot"},{"floor":30,"key":"halation:AfternoonTea"},{"floor":38,"key":"Oddly Smooth Stone"}],"event_choices":[{"cards_removed":["Decay"],"damage_healed":0,"gold_gain":0,"player_choice":"Removed Curses","damage_taken":0,"max_hp_gain":0,"max_hp_loss":0,"event_name":"Fountain of Cleansing","floor":21,"gold_loss":0},{"damage_healed":0,"gold_gain":300,"player_choice":"Gold","damage_taken":0,"max_hp_gain":0,"max_hp_loss":0,"event_name":"Wheel of Change","floor":39,"gold_loss":0}],"is_beta":false,"boss_relics":[{"not_picked":["ChewingGum","halation:HeavySnake"],"picked":"Snecko Eye"},{"not_picked":["energizedSpire:RedRose","ReplayTheSpireMod:SealedPack"],"picked":"Coffee Dripper"}],"items_purged_floors":[29,31,36],"is_endless":false,"potions_floor_spawned":[2,6,13,16,18,20,30,33,35],"killed_by":"Nightmare","ascension_level":5}}