{"host":"Fun","time":1608731379,"event":{"mods":["BaseMod","Colored Map","Filter the Spire","Minty Spire (QoL Compilation)","Relic Stats","StSLib"],"gold_per_floor":[214,229,404,17,36,46,71,71,71,71,171,203,203,228,228,307,307,325,335,348,69,69,69,83,83,83],"floor_reached":25,"playtime":648,"items_purged":["Doubt","Strike_R"],"score":390,"play_id":"af191a3c-e1f1-402e-afd2-fc4feb3d6ae6","local_time":"20201223084939","is_ascension_mode":true,"campfire_choices":[{"data":"Cleave","floor":8,"key":"SMITH"},{"data":"Twin Strike","floor":10,"key":"SMITH"},{"data":"Bash","floor":13,"key":"SMITH"},{"floor":15,"key":"REST"},{"data":"Ghostly","floor":23,"key":"SMITH"}],"circlet_count":0,"master_deck":["AscendersBane","Strike_R","Strike_R","Strike_R","Strike_R","Defend_R","Defend_R","Defend_R","Defend_R","Bash+1","Cleave+1","Twin Strike+1","Fire Breathing","Anger","Feel No Pain","Berserk","True Grit","Ghostly+1","Ghostly","Ghostly","Ghostly","Ghostly"],"relics":["Burning Blood","WarpedTongs","Singing Bowl","Red Skull","Happy Flower","Sundial","Art of War","Philosopher\u0027s Stone","Regal Pillow"],"acts_visited":["Exordium","TheCity"],"potions_floor_usage":[12,25],"damage_taken":[{"damage":0,"enemies":"Cultist","floor":1,"turns":3},{"damage":7,"enemies":"Small Slimes","floor":2,"turns":3},{"damage":0,"enemies":"2 Louse","floor":5,"turns":3},{"damage":12,"enemies":"Gremlin Gang","floor":6,"turns":4},{"damage":24,"enemies":"Lagavulin","floor":7,"turns":7},{"damage":13,"enemies":"Gremlin Nob","floor":12,"turns":3},{"damage":20,"enemies":"3 Sentries","floor":14,"turns":4},{"damage":28,"enemies":"Slime Boss","floor":16,"turns":6},{"damage":7,"enemies":"Chosen","floor":18,"turns":5},{"damage":36,"enemies":"2 Thieves","floor":19,"turns":5},{"damage":8,"enemies":"Cultist and Chosen","floor":20,"turns":6},{"damage":15,"enemies":"Sentry and Sphere","floor":24,"turns":7},{"damage":45,"enemies":"Book of Stabbing","floor":25,"turns":7}],"seed_played":"-5036111866898886319","potions_obtained":[{"floor":2,"key":"FearPotion"},{"floor":12,"key":"Dexterity Potion"},{"floor":14,"key":"PowerPotion"}],"is_trial":false,"path_per_floor":["M","M","?","$","M","M","E","R","T","R","?","E","R","E","R","B",null,"M","M","M","$","?","R","M","E"],"character_chosen":"IRONCLAD","items_purchased":["Singing Bowl","Fire Breathing","Regal Pillow","True Grit"],"campfire_rested":1,"item_purchase_floors":[4,4,21,21],"current_hp_per_floor":[78,77,77,77,82,76,60,60,60,60,60,53,53,39,64,44,76,77,49,49,49,46,46,39,0,0],"gold":83,"neow_bonus":"HUNDRED_GOLD","is_daily":false,"chose_seed":false,"campfire_upgraded":4,"win_rate":0.0,"timestamp":1608731379,"path_taken":["M","?","?","$","M","M","E","R","T","R","?","E","R","E","R","BOSS","M","?","M","$","?","R","M","E"],"items_purchased_type":["Relic","Card","Relic","Card"],"build_version":"2020-12-18","purchased_purges":2,"victory":false,"max_hp_per_floor":[80,80,80,80,82,82,84,84,84,84,84,84,84,84,84,86,86,88,90,92,92,46,46,48,48,48],"relic_stats":{"Regal Pillow":0,"Singing Bowl":14,"Happy Flower":[14],"counters":[13,63],"Sundial":[4],"Art of War":[0],"obtain_stats":[{"Regal Pillow":21,"Singing Bowl":4,"Happy Flower":9,"Sundial":12,"Philosopher\u0027s Stone":17,"Art of War":14,"Burning Blood":0,"Red Skull":7,"WarpedTongs":0},{"Regal Pillow":11,"Singing Bowl":2,"Happy Flower":5,"Sundial":6,"Philosopher\u0027s Stone":8,"Art of War":7,"Burning Blood":0,"Red Skull":5,"WarpedTongs":0},{"Regal Pillow":49,"Singing Bowl":6,"Happy Flower":20,"Sundial":23,"Philosopher\u0027s Stone":33,"Art of War":27,"Burning Blood":0,"Red Skull":20,"WarpedTongs":0}],"Burning Blood":69,"WarpedTongs":[62]},"card_choices":[{"not_picked":["Iron Wave","Infernal Blade"],"picked":"Cleave","floor":1},{"not_picked":["Battle Trance","Dual Wield"],"picked":"Twin Strike","floor":2},{"not_picked":["Clash","Second Wind","Headbutt"],"picked":"Singing Bowl","floor":5},{"not_picked":["Iron Wave","Heavy Blade"],"picked":"Anger","floor":6},{"not_picked":["Cleave","Wild Strike","Warcry"],"picked":"Singing Bowl","floor":7},{"not_picked":["Battle Trance","Seeing Red"],"picked":"Feel No Pain","floor":12},{"not_picked":["Entrench","Exhume"],"picked":"Berserk","floor":14},{"not_picked":["Berserk","Brutality","Juggernaut"],"picked":"Singing Bowl","floor":16},{"not_picked":["Perfected Strike","Rupture","Anger"],"picked":"Singing Bowl","floor":18},{"not_picked":["Perfected Strike","Flex","Infernal Blade"],"picked":"Singing Bowl","floor":19},{"not_picked":["Entrench","Hemokinesis+1","Havoc"],"picked":"Singing Bowl","floor":20},{"not_picked":["Sever Soul","Twin Strike","Perfected Strike+1"],"picked":"Singing Bowl","floor":24}],"player_experience":101968,"relics_obtained":[{"floor":7,"key":"Red Skull"},{"floor":9,"key":"Happy Flower"},{"floor":12,"key":"Sundial"},{"floor":14,"key":"Art of War"}],"event_choices":[{"damage_healed":0,"gold_gain":175,"player_choice":"AGREE","damage_taken":0,"max_hp_gain":0,"max_hp_loss":0,"event_name":"Liars Game","floor":3,"gold_loss":0,"cards_obtained":["Doubt"]},{"damage_healed":0,"gold_gain":100,"player_choice":"Pray","damage_taken":0,"max_hp_gain":0,"max_hp_loss":0,"event_name":"Golden Shrine","floor":11,"gold_loss":0},{"damage_healed":0,"gold_gain":0,"player_choice":"Became a Ghost","damage_taken":0,"max_hp_gain":0,"max_hp_loss":46,"event_name":"Ghosts","floor":22,"gold_loss":0,"cards_obtained":["Ghostly","Ghostly","Ghostly","Ghostly","Ghostly"]}],"is_beta":true,"boss_relics":[{"not_picked":["Runic Pyramid","SacredBark"],"picked":"Philosopher\u0027s Stone"}],"items_purged_floors":[4,21],"is_endless":false,"potions_floor_spawned":[2,12,14,18],"killed_by":"Book of Stabbing","ascension_level":13}}