{"host":"s7tmyr5e6xvpia4b","time":1608718046,"event":{"mods":["ATMod(°¢èªMod)","BaseMod","Bestiary","Better Synergies","BshForSts","Curses Come First","GifTheSpireLib","Lobotomy","Minty Spire (QoL Compilation)","Replay The Spire","StSLib","The Blue Laboratory","[IsaacMod]ÒÔÈö¼âËþ","noobMod","¡¾ÒÅÎï¿¨ÅÆ¡¿REMEMod"],"gold_per_floor":[115,290,290,304,9,9,45,68,117,117,117,132,180,200,150,273,273,288,125,146,146,165,203,203,241,265,265,299,322,447,447,447,570,570,591,244,259,259,259,259,290,0,0,0,0],"floor_reached":44,"playtime":2795,"items_purged":["Strike_R","Corruption+1"],"score":867,"play_id":"32890569-7a10-4723-9f16-83b18717ab2c","local_time":"20201223180726","is_ascension_mode":true,"campfire_choices":[{"data":"AT_ChampionStep","floor":6.0,"key":"SMITH"},{"data":"Limit Break","floor":10.0,"key":"SMITH"},{"data":"Corruption","floor":24.0,"key":"SMITH"},{"data":"True Grit","floor":27.0,"key":"SMITH"},{"data":"ReplayTheSpireMod:Uncanny Aura","floor":32,"key":"SMITH"},{"data":"Spot Weakness","floor":40,"key":"SMITH"}],"circlet_count":0,"master_deck":["Defend_R","Defend_R","Bash","AT_ChampionStep+1","REME_TheLastStrike","UniverseFragment","BigBadWolf","Clumsy","Limit Break+1","Shrug It Off","Clash","QueenOfHatred","Warcry","True Grit+1","Purity+1","Spot Weakness+1","Life Link","ReplayTheSpireMod:Uncanny Aura+1","HappyTeddy","CurseOfTheBell","REME_ACTH+1","Woodsman","Dual Wield+1","Decay","Corruption+1","BlueStar","Demon Form+1","HeroicMonk","BlackSwan","Madness","Madness","ReplayReversal"],"relics":["Burning Blood","AT_ATBox","ice","HushsDoor","REME_ComplimentaryCards","CogitoBucket","Chaos","Golden Idol","Replay:PocketPolymizer","NineVolt","Ring of Searing","Ring of Misfortune","Succubus","ResearcherNote","Golden Egg","AT_GoldPhoenixTree","Iron Hammer","HoveringKite","Calling Bell","SatanicBible","AT_BellowingDragoncrestRing","AtMidnight","GuppysHead","Lantern","Red Mask","AT_SilvercatRing"],"acts_visited":["Exordium","TheCity","TheBeyond"],"potions_floor_usage":[],"damage_taken":[{"damage":1.0,"enemies":"Cultist","floor":1.0,"turns":3.0},{"damage":0.0,"enemies":"Small Slimes","floor":4.0,"turns":3.0},{"damage":26.0,"enemies":"Replay:BlueRogue","floor":7.0,"turns":7.0},{"damage":4.0,"enemies":"Jaw Worm","floor":8.0,"turns":2.0},{"damage":3.0,"enemies":"Looter","floor":12.0,"turns":2.0},{"damage":8.0,"enemies":"Gremlin Gang","floor":14.0,"turns":3.0},{"damage":22.0,"enemies":"Slime Boss","floor":16.0,"turns":3.0},{"damage":32.0,"enemies":"Spheric Guardian","floor":18.0,"turns":4.0},{"damage":12.0,"enemies":"Chosen","floor":20.0,"turns":2.0},{"damage":3.0,"enemies":"Sentry and Sphere","floor":22.0,"turns":3.0},{"damage":45.0,"enemies":"REME_1_Revenger","floor":23.0,"turns":4.0},{"damage":31.0,"enemies":"Slavers","floor":25.0,"turns":4.0},{"damage":40.0,"enemies":"Gremlin Leader","floor":28.0,"turns":4.0},{"damage":18,"enemies":"Snecko","floor":29,"turns":4},{"damage":8,"enemies":"Colosseum Slavers","floor":30,"turns":3},{"damage":50,"enemies":"Colosseum Nobs","floor":30,"turns":3},{"damage":28,"enemies":"Pondfish","floor":33,"turns":7},{"damage":0,"enemies":"3 Shapes","floor":35,"turns":1},{"damage":0,"enemies":"3 Darklings","floor":37,"turns":2},{"damage":36,"enemies":"Reptomancer","floor":41,"turns":3},{"damage":7,"enemies":"Transient","floor":44,"turns":3}],"seed_played":"-5844556575040788062","potions_obtained":[{"floor":7.0,"key":"Explosive Potion"},{"floor":16.0,"key":"blueLaboratory:BottleOfVodka"},{"floor":18.0,"key":"LiquidMemories"},{"floor":22.0,"key":"BlessingOfTheForge"},{"floor":29,"key":"Flashbang"},{"floor":35,"key":"blueLaboratory:LouseDecoction"}],"is_trial":false,"path_per_floor":["M","?","?","M","$","R","E","M","T","R","?","M","T","M","R","B",null,"M","$","M","?","M","E","R","E","T","R","E","M","?","?","R","B",null,"M","$","M","?","?","R","E","?","T","M"],"character_chosen":"IRONCLAD","items_purchased":["Replay:PocketPolymizer","Purity","AT_BellowingDragoncrestRing"],"campfire_rested":0,"item_purchase_floors":[5,19,36],"current_hp_per_floor":[80,80,60,66,66,66,46,48,48,48,48,29,29,27,27,17,74,48,48,48,48,53,73,73,50,50,50,21,17,18,18,18,23,94,94,94,94,77,63,63,94,94,94,87,35],"gold":0,"neow_bonus":"","is_daily":false,"chose_seed":false,"campfire_upgraded":6,"win_rate":0.0,"timestamp":1608718046,"path_taken":["M","?","?","?","?","R","E","M","T","R","?","M","?","M","R","BOSS","M","$","M","?","M","E","R","E","T","R","E","M","?","?","R","BOSS","M","$","?","?","?","R","E","?","T","M"],"items_purchased_type":["Relic","Card","Relic"],"build_version":"2020-12-22","purchased_purges":2,"victory":false,"max_hp_per_floor":[80,80,80,80,80,80,77,74,74,74,74,74,74,74,74,74,74,74,74,74,74,73,73,73,81,81,81,87,89,91,91,91,94,94,94,94,94,94,94,94,94,94,94,96,96],"card_choices":[{"not_picked":[],"picked":"BloodyBrimstone","floor":0.0},{"not_picked":["Murderer","OldLady"],"picked":"UniverseFragment","floor":1.0},{"not_picked":["Perfected Strike","REME_TheLastStrike","Clothesline"],"picked":"SKIP","floor":1.0},{"not_picked":["VoidDream","ShyLook"],"picked":"BigBadWolf","floor":4.0},{"not_picked":["Clash","AT_DrawKnifeCut","Carnage"],"picked":"SKIP","floor":4.0},{"not_picked":["Woodsman","VoidDream"],"picked":"Yin","floor":7.0},{"not_picked":["Body Slam","Metallicize"],"picked":"Limit Break","floor":7.0},{"not_picked":["Heavy Blade","Clothesline"],"picked":"Shrug It Off","floor":8.0},{"not_picked":["MHz","DespairKnight"],"picked":"FieryBird","floor":12.0},{"not_picked":["Clothesline","Perfected Strike","Shockwave"],"picked":"SKIP","floor":12.0},{"not_picked":["Clothesline","Perfected Strike","Shockwave"],"picked":"SKIP","floor":12.0},{"not_picked":["Murderer","DespairKnight"],"picked":"QueenOfHatred","floor":14.0},{"not_picked":["Juggernaut","Infernal Blade"],"picked":"Warcry","floor":14.0},{"not_picked":["PunishingBird","Scorched"],"picked":"Freischutz","floor":16.0},{"not_picked":["Bludgeon","REME_TheLastStrike"],"picked":"Corruption","floor":16.0},{"not_picked":["Headbutt","Perfected Strike"],"picked":"True Grit","floor":18.0},{"not_picked":["Heavy Blade+1","Wild Strike+1"],"picked":"Spot Weakness","floor":20.0},{"not_picked":["Scorched","Porccubus"],"picked":"SnowQueen","floor":22.0},{"not_picked":["Demon Form","Armaments","Clash"],"picked":"SKIP","floor":22.0},{"not_picked":["Fire Breathing+1","Headbutt+1","Anger"],"picked":"SKIP","floor":23.0},{"not_picked":["Perfected Strike+1","Flame Barrier","Sever Soul"],"picked":"SKIP","floor":25.0},{"not_picked":["Porccubus","HeroicMonk"],"picked":"HappyTeddy","floor":28.0},{"not_picked":["ReplayTheSpireMod:Corrosion Curse","Heavy Blade"],"picked":"REME_ACTH","floor":28.0},{"not_picked":["CENSORED","Scarecrow"],"picked":"Woodsman","floor":29},{"not_picked":["ReplayReversal+1","Body Slam","ReplayTheSpireMod:Stacked"],"picked":"SKIP","floor":29},{"not_picked":["AT_IchimonjiDouble","AT_BodySlamDance"],"picked":"Dual Wield+1","floor":30},{"not_picked":["CherryBlossoms","BeautyBeast"],"picked":"BlueStar","floor":33},{"not_picked":["Impervious","Corruption"],"picked":"Demon Form","floor":33},{"not_picked":["Rudolta","Laetitia"],"picked":"HeroicMonk","floor":35},{"not_picked":["Spot Weakness","Sword Boomerang","Clash"],"picked":"SKIP","floor":35},{"not_picked":["Alriune","CrumblingArmor"],"picked":"BlackSwan","floor":37},{"not_picked":["Dropkick","ReplayTheSpireMod:LeadingStrike","ReplayTheSpireMod:Muscle Training+1"],"picked":"SKIP","floor":37},{"not_picked":["Clash","Armaments","ReplayTheSpireMod:Strike From Hell"],"picked":"SKIP","floor":41}],"player_experience":13637,"relics_obtained":[{"floor":7.0,"key":"NineVolt"},{"floor":11.0,"key":"Ring of Searing"},{"floor":11.0,"key":"Ring of Misfortune"},{"floor":13.0,"key":"Succubus"},{"floor":23.0,"key":"AT_GoldPhoenixTree"},{"floor":25.0,"key":"Iron Hammer"},{"floor":26.0,"key":"HoveringKite"},{"floor":28.0,"key":"Calling Bell"},{"floor":37,"key":"AtMidnight"},{"floor":41,"key":"Lantern"},{"floor":43,"key":"AT_SilvercatRing"}],"event_choices":[{"damage_healed":0.0,"max_hp_gain":0.0,"max_hp_loss":0.0,"gold_gain":175.0,"event_name":"Liars Game","player_choice":"AGREE","floor":2.0,"gold_loss":0.0,"damage_taken":0.0,"cards_obtained":["Doubt"]},{"damage_healed":0.0,"max_hp_gain":0.0,"max_hp_loss":0.0,"gold_gain":0.0,"event_name":"Golden Idol","player_choice":"Take Damage","floor":3.0,"gold_loss":0.0,"damage_taken":20.0,"relics_obtained":["Golden Idol"]},{"cards_removed":["Strike_R"],"damage_healed":0.0,"max_hp_gain":0.0,"max_hp_loss":0.0,"gold_gain":0.0,"event_name":"The Cleric","player_choice":"Card Removal","floor":15.0,"gold_loss":50.0,"damage_taken":0.0},{"cards_removed":["Strike_R"],"damage_healed":0.0,"max_hp_gain":0.0,"max_hp_loss":0.0,"gold_gain":0.0,"event_name":"Back to Basics","player_choice":"Elegance","floor":21.0,"gold_loss":0.0,"damage_taken":0.0},{"damage_healed":0,"gold_gain":0,"player_choice":"Fight","damage_taken":0,"max_hp_gain":0,"max_hp_loss":0,"event_name":"Colosseum","floor":30,"gold_loss":0},{"damage_healed":0,"gold_gain":0,"player_choice":"Fought Nobs","damage_taken":0,"max_hp_gain":0,"max_hp_loss":0,"event_name":"Colosseum","floor":30,"gold_loss":0},{"damage_healed":0,"gold_gain":0,"player_choice":"Cursed","damage_taken":0,"max_hp_gain":0,"max_hp_loss":0,"event_name":"Wheel of Change","floor":31,"gold_loss":0,"cards_obtained":["Decay"]},{"damage_healed":0,"gold_gain":0,"player_choice":"Embrace Madness","damage_taken":12,"max_hp_gain":0,"max_hp_loss":0,"event_name":"Winding Halls","floor":39,"gold_loss":0,"cards_obtained":["Madness","Madness"]},{"damage_healed":0,"gold_gain":0,"player_choice":"Paid","damage_taken":0,"relics_obtained":["Red Mask"],"max_hp_gain":0,"max_hp_loss":0,"event_name":"Tomb of Lord Red Mask","floor":42,"gold_loss":290}],"is_beta":false,"boss_relics":[{"not_picked":["Empty Cage","Frozen Egg 2"],"picked":"Golden Egg"},{"not_picked":[]},{"not_picked":["Garlic","AT_SunfireAegis"],"picked":"SatanicBible"},{"not_picked":[]}],"items_purged_floors":[19,36],"is_endless":false,"potions_floor_spawned":[7,16,18,22,23,29,33,35],"killed_by":"Transient","ascension_level":3}}