{"host":"8u40nq559zpgb6zp","time":1608701477,"event":{"mods":["Aspiration","Bard","BaseMod","Beaked The Cultist","Better Altar","Better Match","Better Note","Better Sensory Stone","Better Skull","Better Third Choice","BetterRewards","CCEM","Clawfect","Conspire","Duelist Mod","Googly Eyes","Halation","Hermit","Highlight Path","Infinite Spire","Jedi Mod","Jorbs\u0027s Wanderer Trilogy","Mad Scientist","Marisa（霧雨　魔理沙）","Minty Spire (QoL Compilation)","Permanent Neow","Replay The Spire","Shade Mod","Shop Mod","Spicy Shops","StSLib","The Bladedancer","The Construct","The Cursed","The Disciple","The Druid","The Gatherer","The Hierophant","The IronCluck","The Jungle","The Mystic","The Necromancer","The Runesmith","The Senshi","The Servant 0.9.4","The Spell Scribe","The Witch","slay the spire mod where everything is the same but ironclad has a cowboy hat"],"gold_per_floor":[215,18,34,50,64,64,64,64,88,100,120,174,174,207,207,309,309,321,333,333,333,344,373,388,388,388,414,226,2,18,34,34,137,137,150,150,150,169,169,194,211,211,211,211,211,84,100,120,120,221,221,223,223,223,236,316,316,335,335,335,312,312],"floor_reached":61,"playtime":4474,"items_purged":["Overencumbered"],"score":858,"play_id":"c559b625-487e-4216-95f0-6291e0c1966d","local_time":"20201223003117","is_ascension_mode":false,"campfire_choices":[{"data":"Shade_Step","floor":6.0,"key":"SMITH"},{"data":"Summon_Undead_Army","floor":8.0,"key":"SMITH"},{"data":"Bone_Shift","floor":13.0,"key":"SMITH"},{"floor":15.0,"key":"RECALL"},{"data":"Summon_Vampire_Lady","floor":25,"key":"SMITH"},{"data":"Parasite","floor":42,"key":"SMITH"},{"data":"Sickly","floor":45,"key":"SMITH"},{"data":"theDuelist:CurseDarkness","floor":49,"key":"SMITH"},{"data":"infinitespire:DeathsTouch+1","floor":57,"key":"SMITH"},{"data":"infinitespire:DeathsTouch+2","floor":59,"key":"SMITH"}],"circlet_count":0,"master_deck":["Strike_W+1","Strike_W","Strike_W","Strike_W","Defend_W","Defend_W","Defend_W","Defend_W","Negative_Energy_Arrows","Bone_Wall+1","Summon_Undead_Army+1","Bone_Armory","Bone_Armory","Bone_Bullets","Shade_Step+1","Summon_Lich","Bone_Shift+1","Cloudkill+1","Summon_Death_Knight+1","Negative_Energy_Sphere+1","Negative_Energy_Javelin+1","Summon_Death_Knight","Summon_Vampire_Lady+1","Pot Of Greed","Pot Of Greed+1","Negative_Energy_Javelin+1","Pot Of Greed","Shade_Step","Summon_Lich","Summon_Vampire_Lady+1","Summon_Undead_Army","Negative_Energy_Shield","Negative_Energy_Javelin+1","Summon_Death_Knight+1","Summon_Death_Knight","Summon_Vampire_Lady+1","Pot Of Greed","infinitespire:DeathsTouch+3","ReplayTheSpireMod:Black Plague","Plague_Bolt+1","Whirlwind_of_Bones+1","Bones_to_Steel+1","Cloudkill","Necrotic_Claws","Summon_Vampire_Lady"],"relics":["Vampire_Amulet","Incense Burner","Bag of Marbles","Bronze Scales","halation:PrussianBluePaint","Sozu","conspire:DecoderRing","Grinning Jar","DollysMirror","Replay:Ancient Bell","Juzu Bracelet","Replay:Bottled Steam","conspire:InfiniteJournal","conspire:SpecialSausage","Guide Book","Lizard Tail","Mummified Hand","Ginger","halation:SwordOfLegend","War Paint"],"acts_visited":["Exordium","Exordium","TheBeyond","Exordium"],"potions_floor_usage":[27],"damage_taken":[{"damage":0.0,"enemies":"Cultist","floor":1.0,"turns":4.0},{"damage":1.0,"enemies":"Jaw Worm","floor":3.0,"turns":5.0},{"damage":2.0,"enemies":"Small Slimes","floor":4.0,"turns":4.0},{"damage":0.0,"enemies":"Exordium Wildlife","floor":5.0,"turns":5.0},{"damage":6.0,"enemies":"Looter","floor":10.0,"turns":3.0},{"damage":1.0,"enemies":"conspire:2 RoseBushes","floor":11.0,"turns":4.0},{"damage":27.0,"enemies":"Lagavulin","floor":14.0,"turns":7.0},{"damage":27.0,"enemies":"Slime Boss","floor":16.0,"turns":7.0},{"damage":7.0,"enemies":"theJungle:MUSHROOMGANG","floor":18.0,"turns":4.0},{"damage":8.0,"enemies":"theJungle:5_Spyders","floor":19.0,"turns":5.0},{"damage":15.0,"enemies":"theJungle:JungleHuntersEncounter","floor":22.0,"turns":4.0},{"damage":26,"enemies":"theJungle:Cassacara","floor":23,"turns":7},{"damage":2,"enemies":"theJungle:Lyon","floor":24,"turns":4},{"damage":49,"enemies":"theJungle:MamaSnecko","floor":27,"turns":7},{"damage":13,"enemies":"Snake Plant","floor":30,"turns":3},{"damage":13,"enemies":"theJungle:2_Flameangoes","floor":31,"turns":5},{"damage":14,"enemies":"theJungle:FunGuy","floor":33,"turns":9},{"damage":20,"enemies":"3 Darklings","floor":35,"turns":6},{"damage":23,"enemies":"3 Shapes","floor":38,"turns":4},{"damage":30,"enemies":"Nightmare","floor":40,"turns":9},{"damage":22,"enemies":"Writhing Mass","floor":41,"turns":5},{"damage":29,"enemies":"Spire Growth","floor":47,"turns":4},{"damage":22,"enemies":"Maw","floor":48,"turns":6},{"damage":58,"enemies":"Donu and Deca","floor":50,"turns":8},{"damage":0,"enemies":"Cultist","floor":52,"turns":2},{"damage":0,"enemies":"Small Slimes","floor":55,"turns":1},{"damage":39,"enemies":"3 Sentries","floor":58,"turns":3},{"damage":105,"enemies":"Nightmare","floor":61,"turns":5}],"seed_played":"372253624606776612","potions_obtained":[{"floor":3.0,"key":"BlessingOfTheForge"},{"floor":4.0,"key":"Energy Potion"},{"floor":16.0,"key":"PowerPotion"}],"is_trial":false,"path_per_floor":["M","$","M","M","M","R","?","R","T","M","M","T","R","E","R","B",null,"M","M","?","?","M","E","M","R","T","E","$","$","M","M","R","B",null,"M","?","?","M","AVR","NM","M","R","T","?","R","?","M","M","R","B",null,"M","?","?","M","?","R","E","R","T","NM"],"character_chosen":"NECROMANCER","items_purchased":["Incense Burner","Bone_Armory","Negative_Energy_Javelin+1","Shade_Step","Summon_Lich","DollysMirror","Summon_Undead_Army"],"campfire_rested":0,"item_purchase_floors":[2,2,28,28,28,29,29],"current_hp_per_floor":[75,75,75,75,75,75,75,75,75,71,74,74,74,49,49,30,75,74,75,75,75,64,48,51,51,51,26,26,26,27,30,52,67,75,75,75,57,55,55,72,73,72,72,72,72,72,48,55,55,55,72,72,72,72,72,72,72,39,38,38,0,0],"gold":312,"neow_bonus":"HUNDRED_GOLD","is_daily":false,"chose_seed":false,"campfire_upgraded":9,"win_rate":0.0,"timestamp":1608701477,"path_taken":["M","$","M","M","M","R","?","R","T","M","M","?","R","E","R","BOSS","M","?","?","?","M","E","?","R","T","E","?","$","M","M","R","BOSS","M","?","?","M","AVR","NM","M","R","T","?","R","?","M","M","R","BOSS","M","?","?","M","?","R","E","R","T","NM"],"items_purchased_type":["Relic","Card","Card","Card","Card","Relic","Card"],"build_version":"2020-12-22","purchased_purges":1,"victory":false,"max_hp_per_floor":[75,75,75,75,75,75,75,75,75,75,75,75,75,75,75,75,75,75,75,75,75,75,75,75,75,75,75,75,75,75,75,75,75,75,75,75,75,75,75,75,75,72,72,72,72,72,72,72,72,72,72,72,72,72,72,72,72,72,72,72,72,72],"card_choices":[{"not_picked":["Bone_Armory","Blood_Whip"],"picked":"Summon_Undead_Army","floor":1.0},{"not_picked":["Bone_Bullets","Negative_Energy_Mist"],"picked":"Bone_Armory","floor":3.0},{"not_picked":["Negative_Energy_Shield","Finger_Of_Death"],"picked":"Bone_Bullets","floor":4.0},{"not_picked":["Deaths_Shadow","Siphon_Strength"],"picked":"Shade_Step","floor":5.0},{"not_picked":["Bone_Spikes","Shade_Step"],"picked":"Summon_Lich","floor":10.0},{"not_picked":["Consume_Illness","Epidemic"],"picked":"Bone_Shift","floor":11.0},{"not_picked":["Negative_Energy_Javelin","Uncharnel"],"picked":"Cloudkill","floor":14.0},{"not_picked":["Blood_Wake","Detonate_Bones"],"picked":"Summon_Death_Knight","floor":16.0},{"not_picked":["Chill_Blood","Strike_from_Beyond"],"picked":"Negative_Energy_Sphere+1","floor":18.0},{"not_picked":["Death_Coil","Blood_for_Blood"],"picked":"Negative_Energy_Javelin","floor":19.0},{"not_picked":["Scare","Necromantic_Selection"],"picked":"Summon_Death_Knight","floor":22.0},{"not_picked":["Exploit+1","Bone_Shift+1"],"picked":"Summon_Vampire_Lady","floor":23},{"not_picked":["Blood_Curse","Shackles_Of_Pain","Necromantic_Selection"],"picked":"SKIP","floor":24},{"not_picked":["Necromantic_Selection","Strike_from_Beyond+1","Death_Coil"],"picked":"SKIP","floor":27},{"not_picked":["Blood_Whip","Strike_from_Beyond+1"],"picked":"Negative_Energy_Shield","floor":30},{"not_picked":["Blood_Whip","Death_March_Dance"],"picked":"Negative_Energy_Javelin+1","floor":31},{"not_picked":["Cloudkill","Blood_Wake"],"picked":"Summon_Death_Knight","floor":33},{"not_picked":["ReplayTheSpireMod:Faulty Equipment","theDuelist:CursedBill"],"picked":"theDuelist:CurseDarkness","floor":34},{"not_picked":["theDuelist:CurseAging","ReplayTheSpireMod:Compounding Headache"],"picked":"Sickly","floor":34},{"not_picked":["hermit:ImpendingDoom","theDuelist:CurseAging"],"picked":"Overencumbered","floor":34},{"not_picked":["Negative_Energy_Javelin+1","Bone_Shift"],"picked":"Summon_Death_Knight","floor":35},{"not_picked":["ReplayTheSpireMod:Chaos Vortex","ReplayTheSpireMod:Haul"],"picked":"infinitespire:DeathsTouch","floor":37},{"not_picked":["Bone_Spikes+1","Consume_Illness+1","Blood_for_Blood+1"],"picked":"SKIP","floor":38},{"not_picked":["Life_Tap+1","Hellfire"],"picked":"Plague_Bolt+1","floor":40},{"not_picked":["Scare","Exploit"],"picked":"Whirlwind_of_Bones+1","floor":41},{"not_picked":["Blood_Whip+1","Scare","Negative_Energy_Mist+1"],"picked":"SKIP","floor":47},{"not_picked":["Death_March_Dance","Acid_Javelin"],"picked":"Bones_to_Steel+1","floor":48},{"not_picked":["Blood_Wake","Blood_Magic"],"picked":"Cloudkill","floor":50},{"not_picked":["Blood_Whip","Bone_Armor"],"picked":"Necrotic_Claws","floor":52},{"not_picked":["Bones_to_Steel","Bone_Bullets","Plague_Bolt"],"picked":"SKIP","floor":55},{"not_picked":["Negative_Energy_Bomb","Spectral_Armor"],"picked":"Summon_Vampire_Lady","floor":58}],"player_experience":932833,"relics_obtained":[{"floor":9.0,"key":"Bag of Marbles"},{"floor":12.0,"key":"Bronze Scales"},{"floor":14.0,"key":"halation:PrussianBluePaint"},{"floor":23,"key":"conspire:DecoderRing"},{"floor":27,"key":"Grinning Jar"},{"floor":40,"key":"Lizard Tail"},{"floor":43,"key":"Mummified Hand"},{"floor":58,"key":"halation:SwordOfLegend"},{"floor":60,"key":"War Paint"}],"event_choices":[{"cards_removed":["Strike_W"],"damage_healed":0.0,"max_hp_gain":0.0,"max_hp_loss":0.0,"gold_gain":0.0,"event_name":"betterNote:BetterNote","player_choice":"Give","floor":20.0,"gold_loss":0.0,"damage_taken":0.0,"cards_obtained":["Strike_W"]},{"damage_healed":0,"gold_gain":0,"player_choice":"Copied","damage_taken":0,"max_hp_gain":0,"max_hp_loss":0,"event_name":"Duplicator","floor":36,"gold_loss":0,"cards_obtained":["Summon_Vampire_Lady"]},{"damage_healed":0,"gold_gain":0,"player_choice":"Paid Gold","damage_taken":0,"relics_obtained":["Ginger"],"max_hp_gain":0,"max_hp_loss":0,"event_name":"WeMeetAgain","floor":46,"gold_loss":127},{"damage_healed":0,"gold_gain":0,"player_choice":"Leave","damage_taken":0,"max_hp_gain":0,"max_hp_loss":0,"event_name":"The Cleric","floor":54,"gold_loss":0},{"damage_healed":0,"gold_gain":80,"player_choice":"Gained Gold","damage_taken":0,"max_hp_gain":0,"max_hp_loss":0,"event_name":"Golden Wing","floor":56,"gold_loss":0}],"is_beta":false,"boss_relics":[{"not_picked":["conspire:RunicOctahedron","halation:ForbiddenBikini"],"picked":"Sozu"},{"not_picked":["Velvet Choker","Astrolabe"],"picked":"Replay:Ancient Bell"},{"not_picked":["Toy Ornithopter","CCEMRelics:GrindingGear"],"picked":"Juzu Bracelet"},{"not_picked":["CCEMRelics:Sandal","Iron Hammer"],"picked":"Replay:Bottled Steam"},{"not_picked":["Pondfish Scales","infinitespire:Joker Card"],"picked":"conspire:InfiniteJournal"},{"not_picked":["CCEMRelics:GreenEgg","conspire:RoyalGoblet","beaked:MawFillet"]}],"items_purged_floors":[39],"is_endless":true,"potions_floor_spawned":[3,4,10,16,18,19,24,33,40,47,55],"killed_by":"Nightmare","ascension_level":0}}