{"host":"x4x6fw95e6eqd4n0","time":1608766644,"event":{"mods":["AchievementEnabler","BaseMod","Colored Map","Colored Powertips","DeckTracker","Minty Spire (QoL Compilation)"],"gold_per_floor":[113,113,127,147,167,167,180,180,204,221,236,16,16,26,26,128,128,139,157,157,168,83,83,101,114,137,137,152,152,152,171,171,266,266,279,290,21,21,21,21,31,81,81,81,81,95,95,61,61,61],"floor_reached":51,"playtime":2015,"items_purged":["Strike_B"],"score":718,"play_id":"61006254-7ce3-427e-80ba-8aced145a5ec","local_time":"20201224013724","is_ascension_mode":false,"campfire_choices":[{"data":"Rainbow","floor":6,"key":"SMITH"},{"data":"Glacier","floor":8,"key":"SMITH"},{"data":"Storm","floor":13,"key":"SMITH"},{"data":"Thunder Strike","floor":15,"key":"SMITH"},{"data":"Tempest","floor":23,"key":"SMITH"},{"data":"Hologram","floor":27,"key":"SMITH"},{"data":"Dualcast","floor":29,"key":"SMITH"},{"data":"Capacitor","floor":32,"key":"SMITH"},{"data":"Electrodynamics","floor":40,"key":"SMITH"},{"data":"Panache","floor":45,"key":"SMITH"},{"data":"Transmutation","floor":47,"key":"SMITH"},{"data":"Capacitor","floor":49,"key":"SMITH"}],"circlet_count":0,"master_deck":["Strike_B","Strike_B","Defend_B","Defend_B","Defend_B","Defend_B","Zap","Dualcast+1","Reinforced Body","Rainbow+1","Self Repair","Capacitor+1","BootSequence","Glacier+1","Tempest+1","Thunder Strike+1","Storm+1","Compile Driver","Skim+1","BootSequence+1","Lockon","Skim","Hologram+1","Ball Lightning","Barrage+1","Electrodynamics+1","Go for the Eyes","Panache+1","Madness","Madness","Transmutation+1","Turbo","Heatsinks+1","BootSequence+1","Capacitor+1"],"relics":["Cracked Core","NeowsBlessing","Juzu Bracelet","Chemical X","Philosopher\u0027s Stone","Omamori","MealTicket","Enchiridion","Busted Crown","Lizard Tail","Thread and Needle"],"acts_visited":["Exordium","TheCity","TheBeyond"],"potions_floor_usage":[10,16,25,25,33,46],"damage_taken":[{"damage":0,"enemies":"2 Louse","floor":1,"turns":1},{"damage":0,"enemies":"Cultist","floor":3,"turns":1},{"damage":0,"enemies":"Small Slimes","floor":4,"turns":1},{"damage":18,"enemies":"2 Fungi Beasts","floor":5,"turns":5},{"damage":3,"enemies":"Blue Slaver","floor":7,"turns":3},{"damage":14,"enemies":"Large Slime","floor":10,"turns":7},{"damage":0,"enemies":"2 Fungi Beasts","floor":11,"turns":4},{"damage":0,"enemies":"Blue Slaver","floor":14,"turns":2},{"damage":3,"enemies":"The Guardian","floor":16,"turns":12},{"damage":10,"enemies":"2 Thieves","floor":18,"turns":3},{"damage":0,"enemies":"Spheric Guardian","floor":19,"turns":5},{"damage":0,"enemies":"Centurion and Healer","floor":21,"turns":5},{"damage":0,"enemies":"Cultist and Chosen","floor":24,"turns":5},{"damage":0,"enemies":"3 Cultists","floor":25,"turns":4},{"damage":6,"enemies":"Sentry and Sphere","floor":28,"turns":3},{"damage":0,"enemies":"Chosen and Byrds","floor":31,"turns":4},{"damage":38,"enemies":"Champ","floor":33,"turns":8},{"damage":0,"enemies":"Orb Walker","floor":35,"turns":2},{"damage":21,"enemies":"3 Darklings","floor":36,"turns":5},{"damage":6,"enemies":"Transient","floor":41,"turns":5},{"damage":10,"enemies":"Mind Bloom Boss Battle","floor":42,"turns":6},{"damage":8,"enemies":"Maw","floor":46,"turns":5},{"damage":54,"enemies":"Time Eater","floor":50,"turns":8}],"seed_played":"-3898688879278271243","potions_obtained":[{"floor":3,"key":"Weak Potion"},{"floor":4,"key":"ColorlessPotion"},{"floor":5,"key":"FairyPotion"},{"floor":11,"key":"Block Potion"},{"floor":19,"key":"DistilledChaos"},{"floor":25,"key":"BlessingOfTheForge"},{"floor":28,"key":"SpeedPotion"},{"floor":41,"key":"SteroidPotion"}],"is_trial":false,"path_per_floor":["M","?","M","M","M","R","M","R","T","M","M","$","R","M","R","B",null,"M","M","?","M","?","R","M","M","T","R","M","R","?","M","R","B",null,"M","M","$","?","?","R","M","?","T","?","R","M","R","$","R","B",null],"character_chosen":"DEFECT","items_purchased":["Chemical X","Storm","Panache","Capacitor"],"campfire_rested":0,"item_purchase_floors":[12,12,37,48],"current_hp_per_floor":[75,75,75,75,64,64,68,68,68,61,68,68,68,68,68,72,75,72,75,85,85,85,85,85,85,85,85,85,85,69,69,69,38,85,85,64,79,68,68,68,62,62,62,62,62,64,64,79,79,25],"gold":61,"neow_bonus":"THREE_ENEMY_KILL","is_daily":false,"chose_seed":false,"campfire_upgraded":12,"win_rate":0.0,"timestamp":1608766644,"path_taken":["M","?","?","M","M","R","M","R","T","M","M","?","R","M","R","BOSS","M","M","?","M","?","R","M","M","T","R","M","R","?","M","R","BOSS","M","M","$","?","?","R","M","?","T","?","R","M","R","$","R","BOSS"],"items_purchased_type":["Relic","Card","Card","Card"],"build_version":"2020-12-13","purchased_purges":1,"victory":true,"max_hp_per_floor":[75,75,75,75,75,75,75,75,75,75,75,75,75,75,75,75,75,75,75,85,85,85,85,85,85,85,85,85,85,85,85,85,85,85,85,85,85,85,85,85,85,85,85,85,85,85,85,85,85,85],"card_choices":[{"not_picked":["Compile Driver","Turbo"],"picked":"Reinforced Body","floor":1},{"not_picked":["Blizzard","Loop"],"picked":"Self Repair","floor":3},{"not_picked":["Redo","Barrage"],"picked":"Capacitor","floor":4},{"not_picked":["Coolheaded","Reinforced Body"],"picked":"BootSequence","floor":5},{"not_picked":["Leap","Go for the Eyes"],"picked":"Glacier","floor":7},{"not_picked":["Scrape","Ball Lightning"],"picked":"Tempest","floor":10},{"not_picked":["Redo","Steam Power"],"picked":"Thunder Strike","floor":11},{"not_picked":["Turbo","Sweeping Beam"],"picked":"Compile Driver","floor":14},{"not_picked":["Amplify","Fission"],"picked":"Rainbow","floor":16},{"not_picked":["Leap","Steam"],"picked":"Skim+1","floor":18},{"not_picked":["Turbo","Redo"],"picked":"BootSequence+1","floor":19},{"not_picked":["Steam","FTL"],"picked":"Lockon","floor":21},{"not_picked":["Compile Driver","Sweeping Beam"],"picked":"Skim","floor":24},{"not_picked":["Conserve Battery","Steam+1"],"picked":"Hologram","floor":25},{"not_picked":["Stack","Steam"],"picked":"Ball Lightning","floor":28},{"not_picked":["Ball Lightning","Rebound"],"picked":"Barrage+1","floor":31},{"not_picked":["Rainbow","Amplify"],"picked":"Electrodynamics","floor":33},{"not_picked":[],"picked":"Go for the Eyes","floor":35},{"not_picked":[],"picked":"Go for the Eyes","floor":36},{"not_picked":[],"picked":"Transmutation","floor":39},{"not_picked":[],"picked":"Turbo","floor":41},{"not_picked":[],"picked":"Heatsinks+1","floor":42},{"not_picked":[],"picked":"BootSequence+1","floor":46}],"player_experience":63156,"relics_obtained":[{"floor":9,"key":"Juzu Bracelet"},{"floor":26,"key":"MealTicket"},{"floor":30,"key":"Enchiridion"},{"floor":42,"key":"Lizard Tail"},{"floor":43,"key":"Thread and Needle"}],"event_choices":[{"damage_healed":0,"gold_gain":0,"cards_transformed":["Strike_B"],"player_choice":"Transformed","damage_taken":0,"max_hp_gain":0,"max_hp_loss":0,"event_name":"Transmorgrifier","floor":2,"gold_loss":0,"cards_obtained":["Rainbow"]},{"cards_removed":["Rainbow"],"damage_healed":0,"gold_gain":0,"player_choice":"Offered Rare","damage_taken":0,"max_hp_gain":10,"max_hp_loss":0,"event_name":"Bonfire Elementals","floor":20,"gold_loss":0},{"damage_healed":0,"gold_gain":0,"player_choice":"Obtained Relic","damage_taken":0,"relics_obtained":["Omamori"],"max_hp_gain":0,"max_hp_loss":0,"event_name":"Addict","floor":22,"gold_loss":85},{"damage_healed":0,"gold_gain":0,"player_choice":"Obtained Book","damage_taken":16,"max_hp_gain":0,"max_hp_loss":0,"event_name":"Cursed Tome","floor":30,"gold_loss":0},{"damage_healed":0,"gold_gain":0,"player_choice":"Embrace Madness","damage_taken":11,"max_hp_gain":0,"max_hp_loss":0,"event_name":"Winding Halls","floor":38,"gold_loss":0,"cards_obtained":["Madness","Madness"]},{"damage_healed":0,"gold_gain":0,"player_choice":"Memory 1","damage_taken":0,"max_hp_gain":0,"max_hp_loss":0,"event_name":"SensoryStone","floor":39,"gold_loss":0},{"damage_healed":0,"gold_gain":0,"player_choice":"Fight","damage_taken":0,"max_hp_gain":0,"max_hp_loss":0,"event_name":"MindBloom","floor":42,"gold_loss":0},{"cards_removed":["Go for the Eyes"],"damage_healed":0,"gold_gain":0,"player_choice":"Removed Attack","damage_taken":0,"max_hp_gain":0,"max_hp_loss":0,"event_name":"Falling","floor":44,"gold_loss":0}],"is_beta":false,"boss_relics":[{"not_picked":["Black Star","SlaversCollar"],"picked":"Philosopher\u0027s Stone"},{"not_picked":["Snecko Eye","FrozenCore"],"picked":"Busted Crown"}],"items_purged_floors":[37],"is_endless":false,"potions_floor_spawned":[3,4,5,11,14,19,21,25,28,41,42],"ascension_level":0}}