{"host":"o54aw4mfims5m8ve","time":1608764855,"event":{"mods":["BaseMod","Downfall","Minty Spire (QoL Compilation)","StSLib","The Cursed","The Senshi"],"gold_per_floor":[119,130,80,92,92,92,125,125,177,177,57,92,5,21,21,151,151,165,23,38,38,38,38,38],"floor_reached":23,"playtime":1576,"items_purged":["theSenshi:SailorBlock","theSenshi:SailorKick","theSenshi:SailorBlock"],"score":197,"play_id":"efc5b24d-42e1-45c5-96cd-961d4d196676","local_time":"20201223230735","is_ascension_mode":false,"campfire_choices":[{"data":"theSenshi:MoonPrismPowerMakeUp","floor":6,"key":"SMITH"},{"floor":8,"key":"REST"},{"data":"theSenshi:YouCanTalk","floor":15,"key":"SMITH"}],"circlet_count":0,"master_deck":["theSenshi:SailorKick","theSenshi:SailorBlock","theSenshi:SailorBlock","theSenshi:RoseThrow","theSenshi:MoonPrismPowerMakeUp+1","theSenshi:MoonKick","theSenshi:NeptunesGrace","theSenshi:SailorVenusAssists","theSenshi:YouCanTalk+1","theSenshi:MoonCrystalPowerMakeUp","theSenshi:SailorChibiMoonAssists","theSenshi:MoonTwilightFlash","theSenshi:MoonTiaraMagic","theSenshi:GlimpseOfThePast","theSenshi:MoonHealingEscalation+1","theSenshi:SailorMarsAssists","theSenshi:Sidestep","theSenshi:SailorV","theSenshi:SailorPlanetPower"],"relics":["theSenshi:TransformationBroochRelic","Smiling Mask","Bronze Scales","Golden Idol","Centennial Puzzle","SlaversCollar"],"acts_visited":["Exordium","TheCity"],"potions_floor_usage":[7,12,16],"damage_taken":[{"damage":1,"enemies":"Cultist","floor":1,"turns":4},{"damage":6,"enemies":"Jaw Worm","floor":2,"turns":3},{"damage":3,"enemies":"Small Slimes","floor":4,"turns":3},{"damage":19,"enemies":"Lagavulin","floor":7,"turns":5},{"damage":14,"enemies":"Gremlin Nob","floor":12,"turns":4},{"damage":13,"enemies":"Blue Slaver","floor":14,"turns":3},{"damage":35,"enemies":"Hexaghost","floor":16,"turns":9},{"damage":17,"enemies":"3 Byrds","floor":18,"turns":4},{"damage":22,"enemies":"Spheric Guardian","floor":20,"turns":4},{"damage":50,"enemies":"Gremlin Leader","floor":23,"turns":8}],"seed_played":"2217278647772443543","potions_obtained":[{"floor":1,"key":"Dexterity Potion"},{"floor":7,"key":"Block Potion"},{"floor":14,"key":"Energy Potion"}],"is_trial":false,"path_per_floor":["M","M","?","M","?","R","E","R","T","?","$","E","$","M","R","B",null,"M","$","M","$","?","E"],"character_chosen":"THE_SENSHI","items_purchased":["theSenshi:MoonCrystalPowerMakeUp","theSenshi:MoonTwilightFlash","theSenshi:SailorMarsAssists","theSenshi:Sidestep"],"campfire_rested":1,"item_purchase_floors":[11,13,19,19],"current_hp_per_floor":[81,75,75,72,77,77,58,84,84,81,81,67,67,54,54,19,81,64,64,42,42,42,0,0],"gold":38,"neow_bonus":"TEN_PERCENT_HP_BONUS","is_daily":false,"chose_seed":false,"campfire_upgraded":2,"win_rate":0.0,"timestamp":1608764855,"path_taken":["M","M","?","M","?","R","E","R","T","?","$","E","$","M","R","BOSS","M","$","M","$","?","E"],"items_purchased_type":["Card","Card","Card","Card"],"build_version":"2020-12-22","purchased_purges":3,"victory":false,"max_hp_per_floor":[82,82,82,82,87,87,87,87,87,81,81,81,81,81,81,81,81,81,81,81,81,81,81,81],"card_choices":[{"not_picked":["theSenshi:SailorStarMakerAssists","theSenshi:GatheringStrength"],"picked":"theSenshi:MoonKick","floor":1},{"not_picked":["theSenshi:SailorStarFighterAssists","theSenshi:TuxedoSmokingBomber"],"picked":"theSenshi:NeptunesGrace","floor":2},{"not_picked":["theSenshi:MoonsReflection","theSenshi:MoonKick"],"picked":"theSenshi:SailorVenusAssists","floor":4},{"not_picked":["theSenshi:EncouragingSpeech","theSenshi:InTheNickOfTime"],"picked":"theSenshi:YouCanTalk","floor":7},{"not_picked":["theSenshi:MoonKick","theSenshi:SchoolBag"],"picked":"theSenshi:SailorChibiMoonAssists","floor":12},{"not_picked":["theSenshi:SailorMercuryAssists","theSenshi:SailorMarsAssists"],"picked":"theSenshi:MoonTiaraMagic","floor":14},{"not_picked":["theSenshi:InTheNameOfTheMoon","theSenshi:SailorPlutoAssists"],"picked":"theSenshi:GlimpseOfThePast","floor":16},{"not_picked":["theSenshi:LunaWiseMentor","theSenshi:MoonCrystalPowerMakeUp"],"picked":"theSenshi:MoonHealingEscalation+1","floor":18},{"not_picked":["theSenshi:MoonSpiralHeartAttack","theSenshi:Sidestep"],"picked":"theSenshi:SailorV","floor":20}],"player_experience":128771,"relics_obtained":[{"floor":7,"key":"Smiling Mask"},{"floor":9,"key":"Bronze Scales"},{"floor":12,"key":"Centennial Puzzle"}],"event_choices":[{"cards_removed":["theSenshi:SailorKick"],"damage_healed":0,"gold_gain":0,"player_choice":"Card Removal","damage_taken":0,"max_hp_gain":0,"max_hp_loss":0,"event_name":"The Cleric","floor":3,"gold_loss":50},{"damage_healed":0,"gold_gain":0,"player_choice":"Donut","damage_taken":0,"max_hp_gain":5,"max_hp_loss":0,"event_name":"Big Fish","floor":5,"gold_loss":0},{"damage_healed":0,"gold_gain":0,"player_choice":"Lose Max HP","damage_taken":0,"relics_obtained":["Golden Idol"],"max_hp_gain":0,"max_hp_loss":6,"event_name":"Golden Idol","floor":10,"gold_loss":0},{"damage_healed":0,"gold_gain":0,"cards_transformed":["theSenshi:SailorKick"],"player_choice":"Transformed","damage_taken":0,"max_hp_gain":0,"max_hp_loss":0,"event_name":"Transmorgrifier","floor":22,"gold_loss":0,"cards_obtained":["theSenshi:SailorPlanetPower"]}],"is_beta":false,"boss_relics":[{"not_picked":["Runic Pyramid","Coffee Dripper"],"picked":"SlaversCollar"}],"items_purged_floors":[11,13,19],"is_endless":false,"potions_floor_spawned":[1,7,14],"killed_by":"Gremlin Leader","ascension_level":0}}