{"host":"6kpik4p6m02tzjjt","time":1608719890,"event":{"mods":["BaseMod","Colored Map","Minty Spire (QoL Compilation)","Quick Restart","Relic Stats"],"gold_per_floor":[115,131,131,204,204,238,238,238],"floor_reached":7,"playtime":328,"items_purged":[],"score":51,"play_id":"541fa618-e038-4544-84b2-f80d0fb62cf7","local_time":"20201223053810","is_ascension_mode":true,"campfire_choices":[],"circlet_count":0,"master_deck":["Strike_B","Strike_B","Strike_B","Strike_B","Defend_B","Defend_B","Defend_B","Defend_B","Zap","Dualcast","Redo"],"relics":["Cracked Core","WingedGreaves","Meat on the Bone","Centennial Puzzle"],"acts_visited":["Exordium"],"potions_floor_usage":[7],"damage_taken":[{"damage":1,"enemies":"Cultist","floor":1,"turns":3},{"damage":6,"enemies":"Jaw Worm","floor":2,"turns":3},{"damage":42,"enemies":"Gremlin Nob","floor":6,"turns":5},{"damage":49,"enemies":"3 Sentries","floor":7,"turns":6}],"seed_played":"-80060350180525200","potions_obtained":[{"floor":1,"key":"DistilledChaos"},{"floor":2,"key":"Ancient Potion"}],"is_trial":false,"path_per_floor":["M","M","?","T","?","E","E"],"character_chosen":"DEFECT","items_purchased":[],"campfire_rested":0,"item_purchase_floors":[],"current_hp_per_floor":[81,75,72,72,77,47,0,0],"gold":238,"neow_bonus":"TEN_PERCENT_HP_BONUS","is_daily":false,"chose_seed":false,"campfire_upgraded":0,"win_rate":0.0,"timestamp":1608719890,"path_taken":["M","M","?","?","?","E","E"],"items_purchased_type":[],"build_version":"2020-12-22","purchased_purges":0,"victory":false,"max_hp_per_floor":[82,82,82,82,82,82,82,82],"relic_stats":{"Centennial Puzzle":[3],"counters":[4,17],"obtain_stats":[{"Centennial Puzzle":6,"WingedGreaves":3,"Cracked Core":0,"Meat on the Bone":4},{"Centennial Puzzle":3,"WingedGreaves":2,"Cracked Core":0,"Meat on the Bone":2},{"Centennial Puzzle":11,"WingedGreaves":6,"Cracked Core":0,"Meat on the Bone":6}],"Meat on the Bone":12},"card_choices":[{"not_picked":["Consume","Steam","Coolheaded"],"picked":"SKIP","floor":1},{"not_picked":["Steam","Storm"],"picked":"Conserve Battery","floor":2},{"not_picked":["Consume","Blizzard"],"picked":"Redo","floor":6}],"player_experience":13635,"relics_obtained":[{"floor":4,"key":"Meat on the Bone"},{"floor":6,"key":"Centennial Puzzle"}],"event_choices":[{"damage_healed":0,"gold_gain":0,"player_choice":"Success","damage_taken":3,"relics_obtained":["WingedGreaves"],"max_hp_gain":0,"max_hp_loss":0,"event_name":"Scrap Ooze","floor":3,"gold_loss":0},{"cards_removed":["Conserve Battery"],"damage_healed":5,"gold_gain":0,"player_choice":"Offered Common","damage_taken":0,"max_hp_gain":0,"max_hp_loss":0,"event_name":"Bonfire Elementals","floor":5,"gold_loss":0},{"cards_removed":["Conserve Battery"],"damage_healed":5,"gold_gain":0,"player_choice":"Offered Special","damage_taken":0,"max_hp_gain":0,"max_hp_loss":0,"event_name":"Bonfire Elementals","floor":5,"gold_loss":0}],"is_beta":false,"boss_relics":[],"items_purged_floors":[],"is_endless":false,"potions_floor_spawned":[1,2],"killed_by":"3 Sentries","ascension_level":1}}