{"host":"x5anfo2w8aotfuta","time":1608682704,"event":{"mods":["AchievementEnabler","BaseMod","Bestiary","Block Reminder","Colored Map","Colored Powertips","DeckTracker","Highlight Path","Minty Spire (QoL Compilation)","Quick Restart","Rare Cards Sparkle","Relic Stats","StSLib"],"gold_per_floor":[116,135,152,162,177,37,37,37,61,77,136,136,146,181,181,276,276,291,291,318,328,54,82,82,96,146,180,180,210,210,220,220,220,220],"floor_reached":33,"playtime":3941,"items_purged":["Decay"],"score":414,"play_id":"d6c55700-74e1-4c29-9d79-3619be5ea3c5","local_time":"20201222161824","is_ascension_mode":true,"campfire_choices":[{"data":"Venomology","floor":7,"key":"SMITH"},{"floor":12,"key":"REST"},{"data":"Choke","floor":15,"key":"SMITH"},{"data":"Leg Sweep","floor":24,"key":"SMITH"},{"floor":28,"key":"REST"},{"data":"A Thousand Cuts","floor":32,"key":"SMITH"}],"circlet_count":0,"master_deck":["Strike_G+1","Strike_G+1","Strike_G+1","Strike_G+1","Strike_G+1","Defend_G+1","Defend_G+1","Defend_G+1","Defend_G+1","Defend_G+1","Survivor","Neutralize","Venomology+1","Crippling Poison","Choke+1","Endless Agony+1","Malaise","Dash","Leg Sweep+1","PiercingWail","A Thousand Cuts+1","Cloak And Dagger+1","Blade Dance","Burst","Outmaneuver+1","Calculated Gamble+1"],"relics":["Ring of the Snake","Tiny Chest","Vajra","Whetstone","SacredBark","Orichalcum","Art of War","Mummified Hand","Bag of Marbles","Frozen Egg 2","Pantograph"],"acts_visited":["Exordium","TheCity"],"potions_floor_usage":[1,4,4,5,10,11,13,13,14,14,14,14,16,16,16,16,18,21,23,23,23,25,27,27,29,29,33,33,33],"damage_taken":[{"damage":3,"enemies":"Cultist","floor":1,"turns":7},{"damage":1,"enemies":"Jaw Worm","floor":2,"turns":9},{"damage":1,"enemies":"2 Louse","floor":3,"turns":3},{"damage":0,"enemies":"Looter","floor":4,"turns":3},{"damage":1,"enemies":"Blue Slaver","floor":5,"turns":7},{"damage":19,"enemies":"Exordium Thugs","floor":10,"turns":8},{"damage":9,"enemies":"Gremlin Nob","floor":11,"turns":4},{"damage":5,"enemies":"Large Slime","floor":13,"turns":7},{"damage":5,"enemies":"Gremlin Nob","floor":14,"turns":4},{"damage":17,"enemies":"Hexaghost","floor":16,"turns":8},{"damage":8,"enemies":"Chosen","floor":18,"turns":5},{"damage":0,"enemies":"Spheric Guardian","floor":21,"turns":8},{"damage":1,"enemies":"Slavers","floor":23,"turns":5},{"damage":7,"enemies":"Cultist and Chosen","floor":25,"turns":5},{"damage":11,"enemies":"Book of Stabbing","floor":27,"turns":9},{"damage":13,"enemies":"Gremlin Leader","floor":29,"turns":11},{"damage":0,"enemies":"Snecko","floor":31,"turns":4},{"damage":55,"enemies":"Automaton","floor":33,"turns":12}],"seed_played":"6646704207310100566","potions_obtained":[{"floor":2,"key":"AttackPotion"},{"floor":3,"key":"Ancient Potion"},{"floor":11,"key":"FearPotion"},{"floor":14,"key":"BlessingOfTheForge"},{"floor":16,"key":"SkillPotion"},{"floor":18,"key":"Block Potion"},{"floor":21,"key":"SkillPotion"},{"floor":25,"key":"Swift Potion"},{"floor":27,"key":"SpeedPotion"},{"floor":29,"key":"Swift Potion"}],"is_trial":false,"path_per_floor":["M","M","M","M","M","$","R","?","T","M","?","R","M","E","R","B",null,"M","?","T","M","$","E","R","M","T","E","R","E","?","M","R","B"],"character_chosen":"THE_SILENT","items_purchased":["Malaise","Art of War","Blade Dance"],"campfire_rested":2,"item_purchase_floors":[6,22,22],"current_hp_per_floor":[60,59,58,58,57,57,57,57,57,38,29,47,42,37,37,20,52,44,44,44,44,44,43,43,36,36,25,43,30,30,30,30,0,0],"gold":220,"neow_bonus":"THREE_RARE_CARDS","is_daily":false,"chose_seed":false,"campfire_upgraded":4,"win_rate":0.0,"timestamp":1608682704,"path_taken":["M","M","M","M","?","?","R","?","T","?","?","R","M","E","R","BOSS","M","?","?","?","$","E","R","M","T","E","R","E","?","M","R","BOSS"],"items_purchased_type":["Card","Relic","Card"],"build_version":"2020-12-13","purchased_purges":1,"victory":false,"max_hp_per_floor":[63,63,63,63,63,63,63,63,63,63,63,63,63,63,63,63,63,63,63,63,63,63,63,63,63,63,63,63,63,63,63,63,63,63],"relic_stats":{"counters":[18,119],"Mummified Hand":[6],"Pantograph":25,"Tiny Chest":1,"Art of War":[6],"Whetstone":["Strike_G","Endless Agony"],"Orichalcum":[78],"obtain_stats":[{"Mummified Hand":23,"SacredBark":17,"Pantograph":29,"Vajra":11,"Tiny Chest":9,"Art of War":22,"Bag of Marbles":26,"Whetstone":14,"Orichalcum":20,"Frozen Egg 2":27,"Ring of the Snake":0},{"Mummified Hand":13,"SacredBark":10,"Pantograph":16,"Vajra":6,"Tiny Chest":5,"Art of War":12,"Bag of Marbles":14,"Whetstone":9,"Orichalcum":11,"Frozen Egg 2":15,"Ring of the Snake":0},{"Mummified Hand":78,"SacredBark":60,"Pantograph":103,"Vajra":37,"Tiny Chest":29,"Art of War":73,"Bag of Marbles":83,"Whetstone":52,"Orichalcum":65,"Frozen Egg 2":92,"Ring of the Snake":0}],"Ring of the Snake":[36]},"card_choices":[{"not_picked":["Malaise","Wraith Form v2"],"picked":"Venomology","floor":0},{"not_picked":["Dodge and Roll","Flying Knee"],"picked":"Crippling Poison","floor":1},{"not_picked":["Cloak And Dagger","Reflex","Blade Dance"],"picked":"SKIP","floor":2},{"not_picked":["Accuracy","Escape Plan"],"picked":"Choke","floor":3},{"not_picked":["Deadly Poison","Eviscerate","Crippling Poison"],"picked":"SKIP","floor":4},{"not_picked":["Underhanded Strike","PiercingWail"],"picked":"Endless Agony","floor":5},{"not_picked":["Quick Slash","Deadly Poison"],"picked":"Dash","floor":10},{"not_picked":["Poisoned Stab","PiercingWail"],"picked":"Leg Sweep","floor":13},{"not_picked":["Calculated Gamble","Dagger Throw"],"picked":"PiercingWail","floor":14},{"not_picked":["Unload","After Image"],"picked":"A Thousand Cuts","floor":16},{"not_picked":["Dodge and Roll+1","Catalyst"],"picked":"Cloak And Dagger+1","floor":18},{"not_picked":["Eviscerate","Deadly Poison+1","Bane"],"picked":"SKIP","floor":21},{"not_picked":["Flying Knee","Quick Slash"],"picked":"Burst","floor":23},{"not_picked":["Blade Dance","Flying Knee"],"picked":"Outmaneuver+1","floor":25},{"not_picked":["Tactician","Corpse Explosion"],"picked":"Calculated Gamble+1","floor":27},{"not_picked":["Poisoned Stab","Concentrate","Dagger Throw"],"picked":"SKIP","floor":29},{"not_picked":["Underhanded Strike+1","Setup","Acrobatics+1"],"picked":"SKIP","floor":31}],"player_experience":354871,"relics_obtained":[{"floor":9,"key":"Tiny Chest"},{"floor":14,"key":"Whetstone"},{"floor":20,"key":"Orichalcum"},{"floor":23,"key":"Mummified Hand"},{"floor":26,"key":"Bag of Marbles"},{"floor":27,"key":"Frozen Egg 2"},{"floor":29,"key":"Pantograph"}],"event_choices":[{"damage_healed":0,"gold_gain":0,"player_choice":"Cursed","damage_taken":0,"max_hp_gain":0,"max_hp_loss":0,"event_name":"Wheel of Change","floor":8,"gold_loss":0,"cards_obtained":["Decay"]},{"damage_healed":0,"gold_gain":0,"player_choice":"Searched \u00273\u0027 times","damage_taken":0,"relics_obtained":["Vajra"],"max_hp_gain":0,"max_hp_loss":0,"event_name":"Dead Adventurer","floor":11,"gold_loss":0},{"damage_healed":0,"gold_gain":0,"player_choice":"Simplicity","damage_taken":0,"max_hp_gain":0,"max_hp_loss":0,"event_name":"Back to Basics","floor":19,"gold_loss":0,"cards_upgraded":["Strike_G","Strike_G","Strike_G","Strike_G","Defend_G","Defend_G","Defend_G","Defend_G","Defend_G"]},{"damage_healed":0,"gold_gain":0,"player_choice":"Ignored","damage_taken":0,"max_hp_gain":0,"max_hp_loss":0,"event_name":"Vampires","floor":30,"gold_loss":0}],"is_beta":false,"boss_relics":[{"not_picked":["Runic Pyramid","Ring of the Serpent"],"picked":"SacredBark"}],"items_purged_floors":[22],"is_endless":false,"potions_floor_spawned":[2,3,11,14,16,18,21,25,27,29],"killed_by":"Automaton","ascension_level":7}}