{"host":"98b2emtovkb95ydb","time":1608699912,"event":{"mods":["AchievementEnabler","BaseMod","Beaked The Cultist","BetterRewards","Challenge The Spire","Colored Map","Conspire","Googly Eyes","Hubris","Infinite Spire","Magitek Elite","Minty Spire (QoL Compilation)","Quick Restart","Relic Sorter","Replay The Spire","Spikes Relics","StSLib","The Construct","The Cursed","The Disciple","The Druid","The Factory","The Forsaken","The Jungle","The Necromancer","The Valiant","Virulent Crown","vexMod"],"gold_per_floor":[113,113,113,113,38,38,64,74,98,110,110,128,158,169,169,269,319,329,348,248,248,123,154,154,181,181,181,200,269,280,280,280,377,377,397,397,397,411,431,461,461,493,541,572,599,615,15,15,15,15],"floor_reached":51,"playtime":3781,"items_purged":["Strike_P","Strike_P","Strike_P","Strike_P"],"score":1113,"play_id":"fbfc06d4-ae61-4b4a-bf2d-e172367a312d","local_time":"20201223000512","is_ascension_mode":true,"campfire_choices":[{"data":"Eruption","floor":6.0,"key":"SMITH"},{"data":"Study","floor":11.0,"key":"SMITH"},{"data":"PathToVictory","floor":15.0,"key":"SMITH"},{"data":"Vault","floor":24.0,"key":"SMITH"},{"data":"ForeignInfluence","floor":27.0,"key":"SMITH"},{"data":"PathToVictory","floor":32.0,"key":"SMITH"},{"floor":41.0,"key":"REST"},{"floor":49.0,"key":"REST"}],"circlet_count":0,"master_deck":["Defend_P","Defend_P","Defend_P","Defend_P","Eruption+1","Vigilance","WheelKick","Study+1","PathToVictory","MentalFortress","Wallop+1","PathToVictory+1","Vault+1","Conclude","ForeignInfluence+1","WindmillStrike+1","FearNoEvil","Replay:DivineShield","PathToVictory+1","Establishment+1","Consecrate","Protect+1","Adaptation+1","Protect+1","infinitespire:Collect","Replay:ManipulateFuture+1","FlurryOfBlows+1","ReachHeaven+1","Reforge"],"relics":["PureWater","NeowsBlessing","Replay:Rubber Ducky","infinitespire:WardingShard","infinitespire:Lucky Rock","Nunchaku","Tiny House","Regal Pillow","Winged Necklace","vexMod:FocusSash","infinitespire:Broken Mirror","conspire:SpecialSausage","Blue Doll","StrikeDummy","Replay:Mystery Machine","Gambling Chip","Art of War","MiniBlackHole"],"acts_visited":["Exordium","TheCity","TheBeyond"],"potions_floor_usage":[50,50,50],"damage_taken":[{"damage":0.0,"enemies":"Small Slimes","floor":1.0,"turns":1.0},{"damage":0.0,"enemies":"3 Sentries","floor":7.0,"turns":1.0},{"damage":3.0,"enemies":"conspire:RoseBush","floor":8.0,"turns":1.0},{"damage":2.0,"enemies":"Jaw Worm","floor":10.0,"turns":3.0},{"damage":1.0,"enemies":"Exordium Wildlife","floor":12.0,"turns":3.0},{"damage":0.0,"enemies":"Replay:BlueRogue","floor":13.0,"turns":4.0},{"damage":0.0,"enemies":"conspire:2 RoseBushes","floor":14.0,"turns":4.0},{"damage":8.0,"enemies":"The Guardian","floor":16.0,"turns":7.0},{"damage":12.0,"enemies":"Spheric Guardian","floor":18.0,"turns":6.0},{"damage":0.0,"enemies":"Chosen","floor":19.0,"turns":4.0},{"damage":6.0,"enemies":"Replay:Snechameleon","floor":23.0,"turns":4.0},{"damage":9.0,"enemies":"conspire:Head Lice","floor":25.0,"turns":5.0},{"damage":10.0,"enemies":"conspire:HollyBat","floor":28.0,"turns":7.0},{"damage":2.0,"enemies":"Centurion and Healer","floor":30.0,"turns":8.0},{"damage":14.0,"enemies":"hubris:MusketHawk","floor":33.0,"turns":7.0},{"damage":6.0,"enemies":"3 Shapes","floor":35.0,"turns":5.0},{"damage":21.0,"enemies":"3 Darklings","floor":38.0,"turns":5.0},{"damage":4.0,"enemies":"4 Shapes","floor":39.0,"turns":7.0},{"damage":5.0,"enemies":"R_Hoarder","floor":40.0,"turns":10.0},{"damage":3.0,"enemies":"Nightmare","floor":42.0,"turns":10.0},{"damage":14.0,"enemies":"Giant Head","floor":44.0,"turns":8.0},{"damage":9.0,"enemies":"Sphere and 2 Shapes","floor":46.0,"turns":5.0},{"damage":69,"enemies":"Donu and Deca","floor":50,"turns":13}],"seed_played":"1889817017970147725","potions_obtained":[{"floor":8.0,"key":"AttackPotion"},{"floor":10.0,"key":"Block Potion"},{"floor":12.0,"key":"EssenceOfSteel"},{"floor":13.0,"key":"Dexterity Potion"},{"floor":16.0,"key":"Swift Potion"},{"floor":17.0,"key":"AntidotePotion"},{"floor":18.0,"key":"Doom Potion"},{"floor":23.0,"key":"EssenceOfSteel"},{"floor":28.0,"key":"Flashbang"},{"floor":30.0,"key":"AttackPotion"},{"floor":38.0,"key":"FearPotion"},{"floor":39.0,"key":"AttackPotion"}],"is_trial":false,"path_per_floor":["M","?","?","?","$","R","E","M","T","M","R","M","E","M","R","B",null,"M","M","$","?","$","E","R","E","T","R","M","T","M","?","R","B",null,"M","?","?","M","M","E","R","NM","T","E","T","M","$","?","R","B",null],"character_chosen":"WATCHER","items_purchased":["ReachHeaven+1","MiniBlackHole","Dexterity Potion","Reforge"],"campfire_rested":2,"item_purchase_floors":[47,47,47,47],"current_hp_per_floor":[65,32,37,37,37,37,37,34,34,32,32,31,31,31,31,23,69,57,57,57,57,57,51,51,42,42,42,32,32,30,30,30,16,66,60,60,60,39,35,30,69,66,66,52,52,43,43,43,82,13],"gold":15,"neow_bonus":"THREE_ENEMY_KILL","is_daily":false,"chose_seed":false,"campfire_upgraded":6,"win_rate":0.0,"timestamp":1608699912,"path_taken":["M","?","?","?","?","R","E","?","T","M","R","M","E","M","R","BOSS","M","M","$","?","$","E","R","E","T","R","M","?","M","?","R","BOSS","M","?","?","M","M","E","R","NM","T","E","?","M","$","?","R","BOSS"],"items_purchased_type":["Card","Relic","Potion","Card"],"build_version":"2020-12-13","purchased_purges":4,"victory":true,"max_hp_per_floor":[72,72,77,77,77,77,77,77,77,77,77,77,77,77,77,77,82,82,82,82,82,82,82,82,82,82,82,82,82,82,82,82,82,82,82,82,82,82,82,82,82,82,82,82,82,82,82,82,82,82],"card_choices":[{"not_picked":["Replay:AtTheReady","ClearTheMind"],"picked":"WheelKick","floor":1.0},{"not_picked":["WaveOfTheHand","FollowUp"],"picked":"Study","floor":7.0},{"not_picked":["EmptyFist","Replay:Battleflow"],"picked":"PathToVictory","floor":8.0},{"not_picked":["Collect","EmptyFist"],"picked":"Halt","floor":10.0},{"not_picked":["WaveOfTheHand","Conclude"],"picked":"MentalFortress","floor":12.0},{"not_picked":["Replay:Cycle","Meditate"],"picked":"Wallop","floor":13.0},{"not_picked":["Prostrate","Replay:AtTheReady"],"picked":"PathToVictory","floor":14.0},{"not_picked":["Omniscience","Alpha"],"picked":"Vault","floor":16.0},{"not_picked":["Swivel","Evaluate"],"picked":"Conclude","floor":17.0},{"not_picked":["Consecrate","PathToVictory"],"picked":"ForeignInfluence","floor":18.0},{"not_picked":["Halt","InnerPeace"],"picked":"WindmillStrike+1","floor":19.0},{"not_picked":["Collect","EmptyBody+1"],"picked":"FearNoEvil","floor":23.0},{"not_picked":["EmptyFist","Swivel"],"picked":"Replay:DivineShield","floor":25.0},{"not_picked":["Replay:Anticipation","Meditate+1"],"picked":"PathToVictory","floor":28.0},{"not_picked":["WreathOfFlame","FollowUp","JustLucky+1"],"picked":"SKIP","floor":30.0},{"not_picked":["MasterReality","Ragnarok"],"picked":"Establishment","floor":33.0},{"not_picked":["BowlingBash","Fasting2"],"picked":"Consecrate","floor":35.0},{"not_picked":["JustLucky+1","Worship+1"],"picked":"Protect+1","floor":38.0},{"not_picked":["CrushJoints","SashWhip+1"],"picked":"Adaptation+1","floor":39.0},{"not_picked":["Prostrate+1","ConjureBlade"],"picked":"Protect+1","floor":40.0},{"not_picked":["ReplayTheSpireMod:Black Plague","infinitespire:FutureSight"],"picked":"infinitespire:Collect","floor":42.0},{"not_picked":["BowlingBash","CrushJoints","Vengeance"],"picked":"SKIP","floor":42.0},{"not_picked":["JustLucky+1","SignatureMove"],"picked":"Replay:ManipulateFuture+1","floor":44.0},{"not_picked":["Replay:BluntJabs","SandsOfTime"],"picked":"FlurryOfBlows+1","floor":46.0}],"player_experience":1239070,"relics_obtained":[{"floor":7.0,"key":"infinitespire:WardingShard"},{"floor":9.0,"key":"infinitespire:Lucky Rock"},{"floor":13.0,"key":"Nunchaku"},{"floor":23.0,"key":"Regal Pillow"},{"floor":25.0,"key":"Winged Necklace"},{"floor":26.0,"key":"vexMod:FocusSash"},{"floor":29.0,"key":"infinitespire:Broken Mirror"},{"floor":40.0,"key":"Blue Doll"},{"floor":42.0,"key":"StrikeDummy"},{"floor":43.0,"key":"Replay:Mystery Machine"},{"floor":44.0,"key":"Gambling Chip"},{"floor":45.0,"key":"Art of War"}],"event_choices":[{"damage_healed":0.0,"max_hp_gain":0.0,"max_hp_loss":0.0,"gold_gain":0.0,"event_name":"Scrap Ooze","player_choice":"Success","floor":2.0,"gold_loss":0.0,"damage_taken":33.0,"relics_obtained":["Replay:Rubber Ducky"]},{"damage_healed":0.0,"max_hp_gain":5.0,"max_hp_loss":0.0,"gold_gain":0.0,"event_name":"Big Fish","player_choice":"Donut","floor":3.0,"gold_loss":0.0,"damage_taken":0.0},{"damage_healed":0.0,"max_hp_gain":0.0,"max_hp_loss":0.0,"gold_gain":0.0,"event_name":"The Mausoleum","player_choice":"Ignored","floor":21.0,"gold_loss":0.0,"damage_taken":0.0},{"damage_healed":0.0,"max_hp_gain":0.0,"max_hp_loss":0.0,"gold_gain":0.0,"event_name":"Vampires","player_choice":"Ignored","floor":31.0,"gold_loss":0.0,"damage_taken":0.0},{"cards_removed":["Halt"],"damage_healed":0.0,"max_hp_gain":0.0,"max_hp_loss":0.0,"gold_gain":0.0,"event_name":"Falling","player_choice":"Removed Skill","floor":48.0,"gold_loss":0.0,"damage_taken":0.0}],"is_beta":false,"boss_relics":[{"not_picked":["Sandwich","Replay:Bronze Core"],"picked":"Tiny House"},{"not_picked":["Replay:Drink Me","Kintsugi"],"picked":"conspire:SpecialSausage"}],"items_purged_floors":[5,20,22,47],"is_endless":false,"potions_floor_spawned":[8,10,12,13,16,18,23,28,30,38,39,44],"ascension_level":6}}