{"host":"pbf6u3tyx46snqc7","time":1608758659,"event":{"mods":["AchievementEnabler","BaseMod","Colored Map","Minty Spire (QoL Compilation)","Rare Cards Sparkle","Shop Mod","SuperFastMode"],"gold_per_floor":[16,16,16,16,27,61,71,71,71,89,25,25,25,35,35,135,135,154,154,169,53,53,83,83,43,43,43,69,69,69,69,69,164,164,177,177,187,71,71,71,71,71,71,85,13,24,24,37,37,37,37,37,37,71,71],"floor_reached":56,"playtime":2861,"items_purged":["Strike_G","Strike_G"],"score":1455,"play_id":"08ae0386-1a23-4157-989c-2e835411ad08","local_time":"20201224062419","is_ascension_mode":true,"campfire_choices":[{"data":"Accuracy","floor":8.0,"key":"SMITH"},{"data":"Blade Dance","floor":12.0,"key":"SMITH"},{"floor":15.0,"key":"REST"},{"data":"Phantasmal Killer","floor":27.0,"key":"SMITH"},{"data":"Accuracy","floor":29.0,"key":"SMITH"},{"data":"Footwork","floor":32.0,"key":"SMITH"},{"data":"Blade Dance","floor":40.0,"key":"SMITH"},{"data":"Venomology","floor":42.0,"key":"SMITH"},{"floor":47.0,"key":"RECALL"},{"data":"Storm of Steel","floor":49.0,"key":"SMITH"},{"data":"Neutralize","floor":52.0,"key":"SMITH"}],"circlet_count":0,"master_deck":["Defend_G+1","Defend_G","Defend_G","Defend_G","Defend_G","Survivor+1","Neutralize+1","Night Terror+1","Calculated Gamble","Dash","Cloak And Dagger","Dagger Spray","All Out Attack","Accuracy+1","Blade Dance+1","Accuracy+1","Infinite Blades","Bullet Time","Footwork+1","Blade Dance+1","Phantasmal Killer+1","Ghostly","Ghostly","Ghostly","Ghostly","Ghostly","Cloak And Dagger+1","Acrobatics","Escape Plan","Venomology+1","PiercingWail+1","Backflip","Bandage Up","Shame","Terror","Well Laid Plans","Blade Dance","Storm of Steel+1","Blur+1","PiercingWail+1"],"relics":["Ring of the Snake","Ice Cream","The Courier","NlothsMask","Cursed Key","Bottled Lightning","Bag of Preparation","Toy Ornithopter","Empty Cage","Sundial"],"acts_visited":["Exordium","TheCity","TheBeyond","TheEnding"],"potions_floor_usage":[55,55,55],"damage_taken":[{"damage":1.0,"enemies":"2 Louse","floor":1.0,"turns":3.0},{"damage":0.0,"enemies":"Small Slimes","floor":5.0,"turns":4.0},{"damage":15.0,"enemies":"3 Sentries","floor":6.0,"turns":11.0},{"damage":1.0,"enemies":"Jaw Worm","floor":7.0,"turns":3.0},{"damage":14.0,"enemies":"2 Fungi Beasts","floor":10.0,"turns":4.0},{"damage":11.0,"enemies":"Exordium Thugs","floor":14.0,"turns":4.0},{"damage":28.0,"enemies":"Slime Boss","floor":16.0,"turns":4.0},{"damage":22.0,"enemies":"2 Thieves","floor":18.0,"turns":2.0},{"damage":0.0,"enemies":"Chosen","floor":20.0,"turns":4.0},{"damage":0.0,"enemies":"Gremlin Leader","floor":23.0,"turns":6.0},{"damage":0.0,"enemies":"Book of Stabbing","floor":28.0,"turns":7.0},{"damage":1.0,"enemies":"Champ","floor":33.0,"turns":6.0},{"damage":0.0,"enemies":"3 Shapes","floor":35.0,"turns":3.0},{"damage":1.0,"enemies":"Orb Walker","floor":37.0,"turns":4.0},{"damage":0.0,"enemies":"Maw","floor":44.0,"turns":8.0},{"damage":3.0,"enemies":"Spire Growth","floor":46.0,"turns":5.0},{"damage":5.0,"enemies":"Sphere and 2 Shapes","floor":48.0,"turns":6.0},{"damage":22.0,"enemies":"Time Eater","floor":50.0,"turns":9.0},{"damage":4.0,"enemies":"Shield and Spear","floor":54.0,"turns":8.0},{"damage":24,"enemies":"The Heart","floor":55,"turns":9}],"seed_played":"-5550552356452904721","potions_obtained":[{"floor":5.0,"key":"Poison Potion"},{"floor":6.0,"key":"DuplicationPotion"},{"floor":16.0,"key":"Explosive Potion"},{"floor":18.0,"key":"Ancient Potion"}],"is_trial":false,"path_per_floor":["M","?","?","?","M","E","M","R","T","M","$","R","?","M","R","B",null,"M","?","M","$","?","E","?","$","T","R","E","R","?","?","R","B",null,"M","?","M","$","?","R","$","R","T","M","$","M","R","M","R","B",null,"R","$","E","B",null],"character_chosen":"THE_SILENT","items_purchased":["Accuracy","Phantasmal Killer","Acrobatics","Backflip","Well Laid Plans","Blade Dance"],"campfire_rested":1,"item_purchase_floors":[11,21,25,38,45,45],"current_hp_per_floor":[69,69,74,59,59,44,43,43,43,29,29,29,29,18,40,12,59,37,37,37,37,37,37,33,33,33,33,33,33,33,33,33,37,41,41,41,40,40,40,40,40,40,40,42,42,39,39,41,41,35,40,40,40,42,33],"gold":71,"neow_bonus":"TRANSFORM_TWO_CARDS","is_daily":false,"chose_seed":false,"campfire_upgraded":9,"win_rate":0.0,"timestamp":1608758659,"path_taken":["M","?","?","?","?","E","M","R","T","M","$","R","?","M","R","BOSS","M","?","?","$","?","E","?","$","T","R","E","R","?","?","R","BOSS","M","?","M","$","?","R","$","R","T","M","$","M","R","M","R","BOSS","R","$","E","BOSS"],"items_purchased_type":["Card","Card","Card","Card","Card","Card"],"build_version":"2020-12-22","purchased_purges":2,"victory":true,"max_hp_per_floor":[70,70,75,75,75,75,75,75,75,75,75,75,75,75,75,75,75,75,75,75,75,37,37,42,42,42,42,42,42,42,42,42,42,42,42,42,42,42,42,42,42,42,42,42,42,42,42,42,42,42,42,42,42,42,42],"card_choices":[{"not_picked":["Cloak And Dagger","Accuracy"],"picked":"Dash","floor":1.0},{"not_picked":["Flying Knee","Underhanded Strike"],"picked":"Dagger Spray","floor":5.0},{"not_picked":["Quick Slash","Poisoned Stab"],"picked":"All Out Attack","floor":6.0},{"not_picked":["Distraction","Bane"],"picked":"Accuracy","floor":7.0},{"not_picked":["Glass Knife","Calculated Gamble"],"picked":"Blade Dance","floor":10.0},{"not_picked":["Riddle With Holes","Sucker Punch"],"picked":"Infinite Blades","floor":14.0},{"not_picked":["Venomology","Envenom"],"picked":"Bullet Time","floor":16.0},{"not_picked":["Setup","Flying Knee"],"picked":"Footwork","floor":18.0},{"not_picked":["Outmaneuver","Cloak And Dagger"],"picked":"Blade Dance","floor":20.0},{"not_picked":["Flying Knee","Reflex"],"picked":"Cloak And Dagger+1","floor":23.0},{"not_picked":["Predator","Blade Dance","Deadly Poison"],"picked":"SKIP","floor":28.0},{"not_picked":["Envenom","Wraith Form v2"],"picked":"Venomology","floor":33.0},{"not_picked":["Cloak And Dagger","Quick Slash"],"picked":"PiercingWail+1","floor":35.0},{"not_picked":["Flechettes","Sucker Punch+1","Prepared"],"picked":"SKIP","floor":37.0},{"not_picked":["PanicButton","Mind Blast"],"picked":"Bandage Up","floor":39.0},{"not_picked":["Prepared","Riddle With Holes+1"],"picked":"Terror","floor":44.0},{"not_picked":["Sucker Punch+1","Deflect+1"],"picked":"Storm of Steel","floor":46.0},{"not_picked":["Terror+1","Dodge and Roll+1"],"picked":"Blur+1","floor":48.0},{"not_picked":["Dagger Spray+1","Heel Hook"],"picked":"PiercingWail+1","floor":54.0}],"player_experience":318018,"relics_obtained":[{"floor":6.0,"key":"Ice Cream"},{"floor":9.0,"key":"The Courier"},{"floor":23.0,"key":"Bottled Lightning"},{"floor":28.0,"key":"Bag of Preparation"},{"floor":54.0,"key":"Sundial"}],"event_choices":[{"damage_healed":0.0,"max_hp_gain":0.0,"max_hp_loss":0.0,"gold_gain":0.0,"cards_transformed":["Strike_G"],"event_name":"Living Wall","player_choice":"Change","floor":2.0,"gold_loss":0.0,"damage_taken":0.0,"cards_obtained":["Cloak And Dagger"]},{"damage_healed":0.0,"max_hp_gain":5.0,"max_hp_loss":0.0,"gold_gain":0.0,"event_name":"Big Fish","player_choice":"Donut","floor":3.0,"gold_loss":0.0,"damage_taken":0.0},{"damage_healed":0.0,"max_hp_gain":0.0,"max_hp_loss":0.0,"gold_gain":0.0,"event_name":"Shining Light","player_choice":"Entered Light","floor":4.0,"gold_loss":0.0,"damage_taken":15.0,"cards_upgraded":["Defend_G","Survivor"]},{"damage_healed":0.0,"max_hp_gain":0.0,"max_hp_loss":0.0,"gold_gain":0.0,"event_name":"FaceTrader","player_choice":"Trade","floor":13.0,"gold_loss":0.0,"damage_taken":0.0,"relics_obtained":["NlothsMask"]},{"damage_healed":0.0,"max_hp_gain":0.0,"max_hp_loss":0.0,"gold_gain":0.0,"event_name":"Accursed Blacksmith","player_choice":"Forge","floor":19.0,"gold_loss":0.0,"damage_taken":0.0,"cards_upgraded":["Night Terror"]},{"damage_healed":0.0,"max_hp_gain":0.0,"max_hp_loss":38.0,"gold_gain":0.0,"event_name":"Ghosts","player_choice":"Became a Ghost","floor":22.0,"gold_loss":0.0,"damage_taken":0.0,"cards_obtained":["Ghostly","Ghostly","Ghostly","Ghostly","Ghostly"]},{"damage_healed":0.0,"max_hp_gain":5.0,"max_hp_loss":0.0,"gold_gain":0.0,"event_name":"Forgotten Altar","player_choice":"Shed Blood","floor":24.0,"gold_loss":0.0,"damage_taken":9.0},{"damage_healed":0.0,"max_hp_gain":0.0,"max_hp_loss":0.0,"gold_gain":0.0,"event_name":"The Mausoleum","player_choice":"Opened","floor":30.0,"gold_loss":0.0,"damage_taken":0.0,"relics_obtained":["Toy Ornithopter"],"cards_obtained":["Writhe"]},{"damage_healed":0.0,"max_hp_gain":0.0,"max_hp_loss":0.0,"gold_gain":0.0,"event_name":"The Library","player_choice":"Read","floor":31.0,"gold_loss":0.0,"damage_taken":0.0,"cards_obtained":["Escape Plan"]},{"damage_healed":0.0,"max_hp_gain":0.0,"max_hp_loss":0.0,"gold_gain":0.0,"event_name":"Tomb of Lord Red Mask","player_choice":"Ignored","floor":36.0,"gold_loss":0.0,"damage_taken":0.0},{"damage_healed":0.0,"max_hp_gain":0.0,"max_hp_loss":0.0,"gold_gain":0.0,"event_name":"SensoryStone","player_choice":"Memory 1","floor":39.0,"gold_loss":0.0,"damage_taken":0.0}],"is_beta":false,"boss_relics":[{"not_picked":["Snecko Eye","Sozu"],"picked":"Cursed Key"},{"not_picked":["Tiny House","Philosopher\u0027s Stone"],"picked":"Empty Cage"}],"items_purged_floors":[21,38],"is_endless":false,"potions_floor_spawned":[5,6,16,18,44],"ascension_level":5}}