{"host":"gjj8cpt329rt31is","time":1608754246,"event":{"mods":["BaseMod","BetterRewards","Colored Map","Hubris","Minty Spire (QoL Compilation)","Replay The Spire","StSLib"],"gold_per_floor":[119,47,58,74,74,103,121,149,172,192,121,121,141,158,158,260,260,279,279,242,242,170,199,199,227,227,252,268,282,295,315,315,411,411,431,441,441,372,385,418,418,452,452,466,494,494,522,522,522,522],"floor_reached":51,"playtime":4613,"items_purged":[],"score":1109,"play_id":"3b58b2f3-e438-4f0b-af95-05fb67730928","local_time":"20201223141046","daily_mods":["Vintage","Heirloom"],"is_ascension_mode":true,"campfire_choices":[{"data":"Fluid Movement","floor":12,"key":"SMITH"},{"data":"ReplayTheSpireMod:Scrap Shanks","floor":15,"key":"SMITH"},{"data":"Noxious Fumes","floor":24,"key":"SMITH"},{"data":"Noxious Fumes","floor":41,"key":"SMITH"},{"floor":46,"key":"REST"}],"circlet_count":0,"master_deck":["Strike_G","Strike_G","Strike_G+1","Strike_G","Strike_G","Defend_G+1","Defend_G+1","Defend_G+2","Defend_G+1","Defend_G+1","Survivor","Neutralize","Fluid Movement+1","Swift Strike","Deflect","Blade Dance","ReplayTheSpireMod:Scrap Shanks+1","Night Terror","Dagger Throw","Dagger Throw","Noxious Fumes+1","Cloak And Dagger+1","ReplayTheSpireMod:Shiv Toss+1","ReplayTheSpireMod:From All Sides","Noxious Fumes+1","Poison Darts","All Out Attack+1"],"relics":["Unceasing Top","Vajra","Omamori","Question Card","hubris:BottledRain","Lantern","Bag of Preparation","Nunchaku","BranchBurnRelic","Onion Ring","Pantograph","hubris:ScarierMask","Iron Hammer","Replay:Rubber Ducky","hubris:GlazedTorus","Snack Pack","Bottled Flame","Snake Skull","Simple Rune","Mango","Chameleon Ring","Byrd Skull","SacredBark","Ancient Tea Set","Du-Vu Doll","The Specimen","Oddly Smooth Stone","ReplayTheSpireMod:Shallot","Replay:Bottled Eggs","Sundial","Replay:Baseball","hubris:CuriousFeather","ReplayFunnel","Replay:Bottled Steam"],"acts_visited":["Exordium","TheCity","TheBeyond"],"potions_floor_usage":[8,8,16,16,18,25,27,33,33,44,45,50,50],"damage_taken":[{"damage":0,"enemies":"2 Louse","floor":1,"turns":2},{"damage":0,"enemies":"Cultist","floor":3,"turns":4},{"damage":2,"enemies":"Jaw Worm","floor":4,"turns":4},{"damage":5,"enemies":"Replay:BlueRogue","floor":6,"turns":8},{"damage":4,"enemies":"Exordium Wildlife","floor":7,"turns":7},{"damage":25,"enemies":"Lagavulin","floor":8,"turns":9},{"damage":2,"enemies":"Blue Slaver","floor":10,"turns":3},{"damage":12,"enemies":"Gremlin Gang","floor":13,"turns":4},{"damage":9,"enemies":"Lots of Slimes","floor":14,"turns":4},{"damage":48,"enemies":"The Guardian","floor":16,"turns":18},{"damage":5,"enemies":"Shell Parasite","floor":18,"turns":4},{"damage":18,"enemies":"Replay:Snechameleon","floor":23,"turns":8},{"damage":40,"enemies":"Book of Stabbing","floor":25,"turns":5},{"damage":0,"enemies":"Slavers","floor":27,"turns":5},{"damage":0,"enemies":"Chosen","floor":28,"turns":3},{"damage":0,"enemies":"3 Cultists","floor":29,"turns":1},{"damage":0,"enemies":"Centurion and Healer","floor":30,"turns":2},{"damage":8,"enemies":"Snake Plant","floor":31,"turns":5},{"damage":24,"enemies":"Collector","floor":33,"turns":8},{"damage":0,"enemies":"3 Darklings","floor":35,"turns":4},{"damage":7,"enemies":"Orb Walker","floor":36,"turns":3},{"damage":15,"enemies":"3 Darklings","floor":39,"turns":5},{"damage":19,"enemies":"Giant Head","floor":40,"turns":7},{"damage":5,"enemies":"Nemesis","floor":42,"turns":7},{"damage":14,"enemies":"Writhing Mass","floor":44,"turns":6},{"damage":34,"enemies":"Reptomancer","floor":45,"turns":5},{"damage":0,"enemies":"Giant Head","floor":47,"turns":5},{"damage":40,"enemies":"Donu and Deca","floor":50,"turns":6}],"seed_played":"2463391558134390256","potions_obtained":[{"floor":4,"key":"SpeedPotion"},{"floor":7,"key":"Explosive Potion"},{"floor":8,"key":"DuplicationPotion"},{"floor":13,"key":"DuplicationPotion"},{"floor":16,"key":"CunningPotion"},{"floor":23,"key":"Ancient Potion"},{"floor":25,"key":"Fruit Juice"},{"floor":29,"key":"Adrenaline Potion"},{"floor":32,"key":"EssenceOfSteel"},{"floor":32,"key":"SmokeBomb"},{"floor":33,"key":"Elixir"},{"floor":39,"key":"Weak Potion"},{"floor":40,"key":"Adrenaline Potion"},{"floor":45,"key":"Venom Potion"},{"floor":49,"key":"SkillPotion"}],"is_trial":true,"path_per_floor":["M","$","M","M","?","E","M","E","T","M","$","R","M","M","R","B",null,"M","?","$","?","$","E","R","E","T","E","M","M","M","M","R_BF","B",null,"M","M","$","$","M","E","R","E","T","M","E","R","E","?","R","B",null],"character_chosen":"THE_SILENT","items_purchased":["Fluid Movement","ReplayTheSpireMod:Scrap Shanks","Dagger Throw","Noxious Fumes","The Specimen","Oddly Smooth Stone","Noxious Fumes"],"campfire_rested":1,"item_purchase_floors":[2,11,20,22,37,37,38],"current_hp_per_floor":[70,70,70,68,68,63,59,34,34,32,32,32,32,23,23,15,70,65,65,65,65,65,47,47,21,21,30,32,50,54,48,48,79,89,89,86,56,56,47,38,38,52,52,42,10,36,62,62,62,52],"gold":522,"neow_bonus":"","is_daily":false,"chose_seed":false,"campfire_upgraded":4,"win_rate":0.0,"timestamp":1608754246,"path_taken":["M","$","M","M","?","E","?","E","T","M","$","R","M","M","R","BOSS","M","?","$","?","?","E","R","E","T","E","M","?","M","M","R_BF","BOSS","M","M","?","$","?","E","R","E","T","?","E","R","E","?","R","BOSS"],"items_purchased_type":["Card","Card","Card","Card","Relic","Relic","Card"],"build_version":"2020-12-22","purchased_purges":0,"victory":true,"max_hp_per_floor":[70,70,70,70,70,70,70,70,70,70,70,70,70,70,70,70,70,70,70,70,70,70,70,70,70,70,75,75,89,89,89,89,89,89,89,89,89,89,89,89,89,89,89,89,89,89,89,89,89,89],"card_choices":[{"not_picked":["Blade Dance","Night Terror"],"picked":"Deflect","floor":6},{"not_picked":["ReplayTheSpireMod:Tripwire","Hidden Blade","Deflect"],"picked":"Blade Dance","floor":8},{"not_picked":["Glass Knife","Corpse Explosion","Bullet Time"],"picked":"Night Terror","floor":16},{"not_picked":["Dash","Distraction","Outmaneuver+1","Hidden Blade"],"picked":"SKIP","floor":23},{"not_picked":["Dagger Spray","Finisher","Heel Hook+1"],"picked":"Cloak And Dagger+1","floor":25},{"not_picked":["Outmaneuver","Dash+1","Blade Dance+1"],"picked":"ReplayTheSpireMod:Shiv Toss+1","floor":27},{"not_picked":["Adrenaline","Unload","Wraith Form v2"],"picked":"ReplayTheSpireMod:From All Sides","floor":33},{"not_picked":["Sucker Punch","Sneak Up","Flying Knee","Well Laid Plans+1"],"picked":"SKIP","floor":40},{"not_picked":["Dagger Throw","Doppelganger","Concentrate"],"picked":"Poison Darts","floor":42},{"not_picked":["Masterful Stab","Sucker Punch","Dodge and Roll"],"picked":"All Out Attack+1","floor":45},{"not_picked":["Outmaneuver","Flying Knee+1","Underhanded Strike","Dodge and Roll"],"picked":"SKIP","floor":47}],"player_experience":281062,"relics_obtained":[{"floor":1,"key":"Vajra"},{"floor":4,"key":"Omamori"},{"floor":6,"key":"Question Card"},{"floor":7,"key":"hubris:BottledRain"},{"floor":8,"key":"Lantern"},{"floor":9,"key":"Bag of Preparation"},{"floor":10,"key":"Nunchaku"},{"floor":13,"key":"Onion Ring"},{"floor":14,"key":"Pantograph"},{"floor":18,"key":"Iron Hammer"},{"floor":23,"key":"hubris:GlazedTorus"},{"floor":25,"key":"Snack Pack"},{"floor":26,"key":"Bottled Flame"},{"floor":27,"key":"Snake Skull"},{"floor":28,"key":"Simple Rune"},{"floor":29,"key":"Mango"},{"floor":30,"key":"Chameleon Ring"},{"floor":31,"key":"Byrd Skull"},{"floor":35,"key":"Ancient Tea Set"},{"floor":36,"key":"Du-Vu Doll"},{"floor":39,"key":"ReplayTheSpireMod:Shallot"},{"floor":40,"key":"Replay:Bottled Eggs"},{"floor":42,"key":"Sundial"},{"floor":43,"key":"Replay:Baseball"},{"floor":44,"key":"hubris:CuriousFeather"},{"floor":45,"key":"ReplayFunnel"},{"floor":47,"key":"Replay:Bottled Steam"}],"event_choices":[{"damage_healed":0,"gold_gain":0,"player_choice":"1 cards matched","damage_taken":0,"max_hp_gain":0,"max_hp_loss":0,"event_name":"Match and Keep!","floor":5,"gold_loss":0,"cards_obtained":["Swift Strike"]},{"damage_healed":0,"gold_gain":0,"player_choice":"Ignored","damage_taken":0,"max_hp_gain":0,"max_hp_loss":0,"event_name":"Cursed Tome","floor":19,"gold_loss":0}],"is_beta":false,"boss_relics":[{"not_picked":["Honey Jar","Runic Dome"],"picked":"hubris:ScarierMask"},{"not_picked":["hubris:Stopwatch","hubris:TerracottaHorce"],"picked":"SacredBark"}],"items_purged_floors":[],"is_endless":false,"potions_floor_spawned":[4,7,8,13,16,23,25,29,33,39,40,45],"ascension_level":4}}