{"host":"87qycazfqg3dn1g9","time":1608735707,"event":{"mods":["AchievementEnabler","BaseMod","BetterRewards","Minty Spire (QoL Compilation)","Shop Mod","StSLib"],"gold_per_floor":[118,71,146,1,1,1,1,1,28,28,38,213,101,115,115,212,212,230,240,240,240,258,258,268,268,344,312,331,35,35,35],"floor_reached":30,"playtime":889,"items_purged":["Doubt","Coolheaded+1"],"score":531,"play_id":"b6fc07c9-595f-44bb-8ed4-e2a91a314b2b","local_time":"20201223100147","is_ascension_mode":true,"campfire_choices":[{"floor":6,"key":"REST"},{"floor":10,"key":"REST"},{"data":"Loop","floor":15,"key":"SMITH"},{"data":"Storm","floor":23,"key":"SMITH"},{"floor":25,"key":"REST"}],"circlet_count":0,"master_deck":["AscendersBane","Strike_B","Strike_B","Strike_B","Defend_B","Defend_B","Zap","Dualcast","Conserve Battery+1","Self Repair","Loop+1","Electrodynamics","Rebound+1","Multi-Cast+1","Storm+1","Ghostly","Ghostly","Ghostly","Ghostly","Ghostly","Consume","Creative AI","Storm","Ball Lightning","Apotheosis"],"relics":["Cracked Core","DataDisk","Runic Capacitor","MerchantsRug","HornCleat","Anchor"],"acts_visited":["Exordium","TheCity"],"potions_floor_usage":[16,24,24,28],"damage_taken":[{"damage":8,"enemies":"Jaw Worm","floor":1,"turns":4},{"damage":3,"enemies":"Small Slimes","floor":11,"turns":4},{"damage":5,"enemies":"Cultist","floor":14,"turns":4},{"damage":45,"enemies":"The Guardian","floor":16,"turns":11},{"damage":14,"enemies":"Shell Parasite","floor":18,"turns":4},{"damage":14,"enemies":"Chosen","floor":19,"turns":4},{"damage":0,"enemies":"3 Cultists","floor":22,"turns":4},{"damage":24,"enemies":"Sentry and Sphere","floor":24,"turns":6},{"damage":9,"enemies":"Shelled Parasite and Fungi","floor":28,"turns":3},{"damage":1,"enemies":"Colosseum Slavers","floor":30,"turns":4},{"damage":43,"enemies":"Colosseum Nobs","floor":30,"turns":3}],"seed_played":"-2479861828228969232","potions_obtained":[{"floor":14,"key":"BlessingOfTheForge"},{"floor":16,"key":"DistilledChaos"},{"floor":18,"key":"Swift Potion"},{"floor":24,"key":"EssenceOfDarkness"}],"is_trial":false,"path_per_floor":["M","$","?","$","?","R","$","?","T","R","M","?","$","M","R","B",null,"M","M","?","?","M","R","M","R","T","$","M","$","?"],"character_chosen":"DEFECT","items_purchased":["DataDisk","Runic Capacitor","Conserve Battery","MerchantsRug","Self Repair","Storm","Apotheosis"],"campfire_rested":3,"item_purchase_floors":[0,0,2,4,13,27,29],"current_hp_per_floor":[60,60,49,49,49,71,71,68,68,75,72,72,72,74,74,36,65,51,44,37,37,37,37,13,24,34,34,25,25,0,0],"gold":35,"neow_bonus":"","is_daily":false,"chose_seed":false,"campfire_upgraded":2,"win_rate":0.0,"timestamp":1608735707,"path_taken":["M","$","?","$","?","R","?","?","T","R","M","?","$","M","R","BOSS","M","M","?","?","M","R","M","R","T","?","?","$","?"],"items_purchased_type":["Relic","Relic","Card","Relic","Card","Card","Card"],"build_version":"2020-12-22","purchased_purges":2,"victory":false,"max_hp_per_floor":[75,75,75,75,75,75,75,75,75,75,75,75,75,75,75,75,75,75,75,37,37,37,37,37,37,47,47,47,47,47,47],"card_choices":[{"not_picked":["Aggregate","Barrage","Stack"],"picked":"SKIP","floor":1},{"not_picked":["Double Energy","Stack","Cold Snap"],"picked":"SKIP","floor":11},{"not_picked":["Hologram","Darkness"],"picked":"Loop","floor":14},{"not_picked":["Creative AI","Thunder Strike"],"picked":"Electrodynamics","floor":16},{"not_picked":["Gash","Sweeping Beam","Redo"],"picked":"SKIP","floor":18},{"not_picked":["Fusion+1","Gash"],"picked":"Storm","floor":19},{"not_picked":["Stack","Conserve Battery+1"],"picked":"Creative AI","floor":22},{"not_picked":["Rebound","Barrage+1","Stack"],"picked":"SKIP","floor":24},{"not_picked":["Hello World","Redo"],"picked":"Ball Lightning","floor":28}],"player_experience":211299,"relics_obtained":[{"floor":9,"key":"Anchor"},{"floor":26,"key":"Pear"}],"event_choices":[{"damage_healed":0,"gold_gain":75,"player_choice":"Gather Gold","damage_taken":11,"max_hp_gain":0,"max_hp_loss":0,"event_name":"World of Goop","floor":3,"gold_loss":0},{"damage_healed":0,"gold_gain":0,"player_choice":"Grow","damage_taken":0,"max_hp_gain":0,"max_hp_loss":0,"event_name":"Living Wall","floor":5,"gold_loss":0,"cards_upgraded":["Conserve Battery"]},{"damage_healed":0,"gold_gain":0,"player_choice":"Success","damage_taken":3,"relics_obtained":["HornCleat"],"max_hp_gain":0,"max_hp_loss":0,"event_name":"Scrap Ooze","floor":8,"gold_loss":0},{"damage_healed":0,"gold_gain":175,"player_choice":"AGREE","damage_taken":0,"max_hp_gain":0,"max_hp_loss":0,"event_name":"Liars Game","floor":12,"gold_loss":0,"cards_obtained":["Doubt"]},{"damage_healed":0,"gold_gain":0,"player_choice":"Became a Ghost","damage_taken":0,"max_hp_gain":0,"max_hp_loss":38,"event_name":"Ghosts","floor":20,"gold_loss":0,"cards_obtained":["Ghostly","Ghostly","Ghostly","Ghostly","Ghostly"]},{"damage_healed":0,"gold_gain":0,"player_choice":"Read","damage_taken":0,"max_hp_gain":0,"max_hp_loss":0,"event_name":"The Library","floor":21,"gold_loss":0,"cards_obtained":["Consume"]},{"damage_healed":0,"gold_gain":0,"player_choice":"Fight","damage_taken":0,"max_hp_gain":0,"max_hp_loss":0,"event_name":"Colosseum","floor":30,"gold_loss":0},{"damage_healed":0,"gold_gain":0,"player_choice":"Fought Nobs","damage_taken":0,"max_hp_gain":0,"max_hp_loss":0,"event_name":"Colosseum","floor":30,"gold_loss":0}],"is_beta":false,"boss_relics":[{"not_picked":["Busted Crown","Velvet Choker"],"picked":"Astrolabe"}],"items_purged_floors":[13,29],"is_endless":false,"potions_floor_spawned":[14,16,18,22,24],"killed_by":"Colosseum Nobs","ascension_level":12}}