{"host":"6kpik4p6m02tzjjt","time":1608701763,"event":{"mods":["BaseMod","Colored Map","Minty Spire (QoL Compilation)","Quick Restart","Relic Stats"],"gold_per_floor":[118,118,48,59,75,109,109,129,197,197,197,207,217,217,217,312,312,326,345,355,93,93,103,120,120,120,145,145,145,171,183,183,281,281,293,343,343,34,51,76,107,123,168,193,205,205,215,229,229,229,229],"floor_reached":50,"playtime":3568,"items_purged":["Infinite Blades"],"score":621,"play_id":"d7e26046-6426-4b43-9d54-58bf20b95782","local_time":"20201223003603","is_ascension_mode":false,"campfire_choices":[{"data":"1","floor":7,"key":"LIFT"},{"floor":10,"key":"REST"},{"data":"2","floor":15,"key":"LIFT"},{"data":"3","floor":25,"key":"LIFT"},{"data":"Dramatic Entrance","floor":32,"key":"SMITH"},{"floor":46,"key":"REST"},{"floor":49,"key":"REST"}],"circlet_count":0,"master_deck":["Strike_G","Strike_G","Strike_G","Strike_G","Strike_G","Defend_G","Defend_G","Defend_G","Defend_G","Defend_G","Survivor","Neutralize","Riddle With Holes","Outmaneuver","Deflect","Endless Agony","Backstab","Skewer+1","Flying Knee","Blade Dance","Adrenaline","Outmaneuver","Dagger Spray","Blade Dance+1","Backstab","Deflect","Dramatic Entrance+1","Well Laid Plans","Predator+1","Blade Dance","Backstab+1","Doppelganger","CurseOfTheBell","All Out Attack","Tactician+1","Madness","Madness","Bandage Up","Outmaneuver+1","Prepared+1","Dagger Spray+1","Backstab","Deflect+1"],"relics":["Ring of the Serpent","NlothsMask","Girya","PreservedInsect","Eternal Feather","Boot","White Beast Statue","MealTicket","Calling Bell","Anchor","Gremlin Horn","Calipers","WingedGreaves","Bag of Preparation","Happy Flower","Vajra","Oddly Smooth Stone","Toy Ornithopter"],"acts_visited":["Exordium","TheCity","TheBeyond"],"potions_floor_usage":[12,16,16,30,30,33,33,33,36,36,41,41,45,45,47,50,50,50],"damage_taken":[{"damage":7,"enemies":"2 Louse","floor":1,"turns":3},{"damage":0,"enemies":"Cultist","floor":4,"turns":5},{"damage":3,"enemies":"Jaw Worm","floor":5,"turns":5},{"damage":49,"enemies":"3 Sentries","floor":6,"turns":10},{"damage":11,"enemies":"Lots of Slimes","floor":8,"turns":4},{"damage":4,"enemies":"Looter","floor":12,"turns":4},{"damage":1,"enemies":"Blue Slaver","floor":13,"turns":2},{"damage":36,"enemies":"Hexaghost","floor":16,"turns":8},{"damage":12,"enemies":"Shell Parasite","floor":18,"turns":3},{"damage":5,"enemies":"Chosen","floor":19,"turns":4},{"damage":3,"enemies":"Snecko","floor":20,"turns":4},{"damage":16,"enemies":"Centurion and Healer","floor":23,"turns":3},{"damage":0,"enemies":"3 Cultists","floor":24,"turns":3},{"damage":3,"enemies":"Slavers","floor":27,"turns":2},{"damage":12,"enemies":"Book of Stabbing","floor":30,"turns":3},{"damage":15,"enemies":"Snake Plant","floor":31,"turns":4},{"damage":56,"enemies":"Champ","floor":33,"turns":8},{"damage":11,"enemies":"3 Shapes","floor":35,"turns":2},{"damage":0,"enemies":"2 Orb Walkers","floor":36,"turns":2},{"damage":0,"enemies":"Orb Walker","floor":39,"turns":1},{"damage":20,"enemies":"Nemesis","floor":40,"turns":4},{"damage":49,"enemies":"Giant Head","floor":41,"turns":8},{"damage":0,"enemies":"3 Darklings","floor":42,"turns":2},{"damage":0,"enemies":"Sphere and 2 Shapes","floor":45,"turns":1},{"damage":62,"enemies":"Transient","floor":47,"turns":5},{"damage":3,"enemies":"4 Shapes","floor":48,"turns":1},{"damage":101,"enemies":"Awakened One","floor":50,"turns":8}],"seed_played":"776336889636039113","potions_obtained":[{"floor":1,"key":"Ancient Potion"},{"floor":5,"key":"Poison Potion"},{"floor":8,"key":"LiquidMemories"},{"floor":11,"key":"LiquidMemories"},{"floor":11,"key":"Regen Potion"},{"floor":18,"key":"EssenceOfSteel"},{"floor":23,"key":"Regen Potion"},{"floor":24,"key":"SteroidPotion"},{"floor":30,"key":"DistilledChaos"},{"floor":31,"key":"SpeedPotion"},{"floor":33,"key":"DuplicationPotion"},{"floor":35,"key":"Fire Potion"},{"floor":36,"key":"SpeedPotion"},{"floor":39,"key":"SpeedPotion"},{"floor":40,"key":"Explosive Potion"},{"floor":41,"key":"AttackPotion"},{"floor":42,"key":"Weak Potion"},{"floor":45,"key":"SpeedPotion"},{"floor":47,"key":"Swift Potion"},{"floor":48,"key":"Explosive Potion"}],"is_trial":false,"path_per_floor":["M","?","$","M","M","E","R","M","T","R","?","M","M","?","R","B",null,"M","M","M","$","?","M","M","R","T","E","?","?","E","M","R","B",null,"M","?","?","$","M","E","E","M","T","T","M","R","M","M","R","B"],"character_chosen":"THE_SILENT","items_purchased":["Outmaneuver","Deflect","Backstab","PreservedInsect","Deflect","Bag of Preparation","Bandage Up"],"campfire_rested":3,"item_purchase_floors":[3,3,21,21,21,38,38],"current_hp_per_floor":[70,70,70,70,67,18,18,7,7,30,30,38,37,37,37,1,77,65,60,57,57,57,41,41,41,41,38,63,63,60,45,63,7,77,66,66,56,71,71,55,10,10,10,10,24,71,14,11,58,0,0],"gold":229,"neow_bonus":"TEN_PERCENT_HP_BONUS","is_daily":false,"chose_seed":false,"campfire_upgraded":1,"win_rate":0.0,"timestamp":1608701763,"path_taken":["M","?","$","?","M","E","R","M","T","R","?","?","M","?","R","BOSS","M","M","M","?","?","?","M","R","T","E","?","?","E","M","R","BOSS","M","?","?","?","M","E","E","?","T","?","M","R","M","M","R","BOSS"],"items_purchased_type":["Card","Card","Card","Relic","Card","Relic","Card"],"build_version":"2020-12-22","purchased_purges":1,"victory":false,"max_hp_per_floor":[77,77,77,77,77,77,77,77,77,77,77,77,77,77,77,77,77,77,77,77,77,77,77,77,77,77,77,77,77,77,77,77,77,77,77,77,77,77,77,77,77,77,77,77,77,77,77,77,77,77,77],"relic_stats":{"Gremlin Horn":[13,13],"Happy Flower":[8],"counters":[27,109],"Eternal Feather":66,"MealTicket":15,"PreservedInsect":251,"Bag of Preparation":[16],"Boot":[48],"obtain_stats":[{"Girya":6,"Calipers":34,"Gremlin Horn":34,"Happy Flower":40,"Vajra":41,"Oddly Smooth Stone":43,"Eternal Feather":26,"PreservedInsect":21,"Bag of Preparation":38,"Boot":27,"White Beast Statue":29,"Calling Bell":34,"Anchor":34,"MealTicket":30,"WingedGreaves":36,"Ring of the Serpent":17,"Toy Ornithopter":44,"Ring of the Snake":0,"NlothsMask":2},{"Girya":4,"Calipers":17,"Gremlin Horn":17,"Happy Flower":21,"Vajra":22,"Oddly Smooth Stone":23,"Eternal Feather":13,"PreservedInsect":11,"Bag of Preparation":19,"Boot":14,"White Beast Statue":14,"Calling Bell":17,"Anchor":17,"MealTicket":15,"WingedGreaves":19,"Ring of the Serpent":8,"Toy Ornithopter":23,"Ring of the Snake":0,"NlothsMask":1},{"Girya":23,"Calipers":75,"Gremlin Horn":75,"Happy Flower":84,"Vajra":92,"Oddly Smooth Stone":94,"Eternal Feather":58,"PreservedInsect":52,"Bag of Preparation":79,"Boot":60,"White Beast Statue":60,"Calling Bell":75,"Anchor":75,"MealTicket":63,"WingedGreaves":79,"Ring of the Serpent":41,"Toy Ornithopter":94,"Ring of the Snake":0,"NlothsMask":3}],"Toy Ornithopter":30},"card_choices":[{"not_picked":["Dodge and Roll","Reflex"],"picked":"Riddle With Holes","floor":1},{"not_picked":["Sucker Punch","Poisoned Stab"],"picked":"Endless Agony","floor":4},{"not_picked":["Prepared","Terror"],"picked":"Backstab","floor":5},{"not_picked":["Poisoned Stab","Dagger Spray"],"picked":"Skewer","floor":6},{"not_picked":["Noxious Fumes","Calculated Gamble"],"picked":"Flying Knee","floor":8},{"not_picked":["Poisoned Stab","Caltrops"],"picked":"Blade Dance","floor":12},{"not_picked":["Dagger Throw","Flechettes"],"picked":"Infinite Blades","floor":13},{"not_picked":["Bullet Time","Envenom"],"picked":"Adrenaline","floor":16},{"not_picked":["Riddle With Holes+1","Crippling Poison+1"],"picked":"Outmaneuver","floor":18},{"not_picked":["Footwork","Sucker Punch"],"picked":"Dagger Spray","floor":19},{"not_picked":["Dagger Throw","Acrobatics"],"picked":"Blade Dance+1","floor":20},{"not_picked":["Prepared","Blur"],"picked":"Well Laid Plans","floor":23},{"not_picked":["Leg Sweep+1","Blur+1","Poisoned Stab"],"picked":"SKIP","floor":24},{"not_picked":["Acrobatics","Choke"],"picked":"Predator+1","floor":27},{"not_picked":["Backflip","Footwork"],"picked":"Blade Dance","floor":30},{"not_picked":["Eviscerate","Sucker Punch+1"],"picked":"Backstab+1","floor":31},{"not_picked":["Envenom","Malaise"],"picked":"Doppelganger","floor":33},{"not_picked":["Slice+1","Infinite Blades"],"picked":"All Out Attack","floor":35},{"not_picked":["Calculated Gamble+1","Masterful Stab"],"picked":"Tactician+1","floor":36},{"not_picked":["Backflip","Dagger Throw+1"],"picked":"Outmaneuver+1","floor":39},{"not_picked":["Flechettes+1","Expertise+1"],"picked":"Prepared+1","floor":40},{"not_picked":["Finisher","Escape Plan+1"],"picked":"Dagger Spray+1","floor":41},{"not_picked":["PiercingWail+1","Dagger Spray"],"picked":"Backstab","floor":42},{"not_picked":["Sucker Punch","Deflect","Poisoned Stab+1"],"picked":"SKIP","floor":45},{"not_picked":["Quick Slash","Backflip","Unload"],"picked":"SKIP","floor":47},{"not_picked":["Heel Hook","Blade Dance+1"],"picked":"Deflect+1","floor":48}],"player_experience":1335,"relics_obtained":[{"floor":6,"key":"Girya"},{"floor":26,"key":"Eternal Feather"},{"floor":27,"key":"Boot"},{"floor":30,"key":"MealTicket"},{"floor":34,"key":"Anchor"},{"floor":34,"key":"Gremlin Horn"},{"floor":34,"key":"Calipers"},{"floor":36,"key":"WingedGreaves"},{"floor":40,"key":"Happy Flower"},{"floor":41,"key":"Vajra"},{"floor":43,"key":"Oddly Smooth Stone"},{"floor":44,"key":"Toy Ornithopter"}],"event_choices":[{"damage_healed":0,"gold_gain":0,"player_choice":"Trade","damage_taken":0,"relics_obtained":["NlothsMask"],"max_hp_gain":0,"max_hp_loss":0,"event_name":"FaceTrader","floor":2,"gold_loss":0},{"damage_healed":0,"gold_gain":0,"player_choice":"Got Potions","damage_taken":0,"max_hp_gain":0,"max_hp_loss":0,"event_name":"Lab","floor":11,"gold_loss":0},{"damage_healed":0,"gold_gain":0,"player_choice":"Forge","damage_taken":0,"max_hp_gain":0,"max_hp_loss":0,"event_name":"Accursed Blacksmith","floor":14,"gold_loss":0,"cards_upgraded":["Skewer"]},{"damage_healed":0,"gold_gain":0,"player_choice":"1 cards matched","damage_taken":0,"max_hp_gain":0,"max_hp_loss":0,"event_name":"Match and Keep!","floor":22,"gold_loss":0,"cards_obtained":["Dramatic Entrance"]},{"damage_healed":25,"gold_gain":0,"player_choice":"Heal","damage_taken":0,"max_hp_gain":0,"max_hp_loss":0,"event_name":"The Library","floor":28,"gold_loss":0},{"damage_healed":0,"gold_gain":0,"player_choice":"Opened","damage_taken":0,"relics_obtained":["White Beast Statue"],"max_hp_gain":0,"max_hp_loss":0,"event_name":"The Mausoleum","floor":29,"gold_loss":0},{"damage_healed":0,"gold_gain":0,"player_choice":"Fight","damage_taken":0,"max_hp_gain":0,"max_hp_loss":0,"event_name":"Mysterious Sphere","floor":36,"gold_loss":0},{"damage_healed":0,"gold_gain":0,"player_choice":"Embrace Madness","damage_taken":10,"max_hp_gain":0,"max_hp_loss":0,"event_name":"Winding Halls","floor":37,"gold_loss":0,"cards_obtained":["Madness","Madness"]}],"is_beta":false,"boss_relics":[{"not_picked":["Tiny House","Busted Crown"],"picked":"Ring of the Serpent"},{"not_picked":["Runic Dome","Empty Cage"],"picked":"Calling Bell"}],"items_purged_floors":[38],"is_endless":false,"potions_floor_spawned":[1,5,8,18,23,24,30,31,33,35,36,39,40,41,42,45,47,48],"killed_by":"Awakened One","ascension_level":0}}