{"host":"z9grmtg2w0nmz8n1","time":1608685788,"event":{"mods":["Aspiration","Bard","BaseMod","Beaked The Cultist","Better Altar","Better Match","Better Note","Better Sensory Stone","Better Skull","Better Third Choice","BetterRewards","CCEM","Colored Map","Conspire","Downfall","GifTheSpireLib","Googly Eyes","Halation","Hermit","Highlight Path","Hubris","Hunter ??","Jedi Mod","Jorbs\u0027s Wanderer Trilogy","Mad Scientist","Marisa????????","Minty Spire (QoL Compilation)","Permanent Neow","Replay The Spire","Shade Mod","Shop Mod","Spicy Shops","StSLib","Stuff the Spire","The Bug Knight","The Construct","The Necromancer","The Runesmith","The Witch"],"gold_per_floor":[113,113,124,137,151,188,188,205,276,276,307,323,323,323,323,442,442,465,465],"floor_reached":18,"playtime":715,"items_purged":[],"score":224,"play_id":"4c19da9c-15aa-4367-9e3b-eec44ef25429","local_time":"20201222230948","is_ascension_mode":false,"campfire_choices":[{"floor":7,"key":"RECALL"},{"data":"Runesmith:FieryHammer","floor":10,"key":"SMITH"},{"floor":13,"key":"REST"},{"data":"Runesmith:LithiumIon","floor":15,"key":"SMITH"}],"circlet_count":0,"master_deck":["conspire:GhostlyStrike","conspire:GhostlyStrike","conspire:GhostlyStrike","conspire:GhostlyStrike","conspire:GhostlyDefend","conspire:GhostlyDefend","conspire:GhostlyDefend","conspire:GhostlyDefend","Runesmith:CraftFirestone","Runesmith:Fortify","StuffTheSpire:CuriosityCurse","Runesmith:FieryHammer+1","Runesmith:UnstableHammer","Runesmith:LithiumIon+1","Runesmith:RuneHurl"],"relics":["Runesmith:BrokenRuby","NeowsBlessing","halation:IllGainedPizza","halation:QuantumPhysicsTextbook","hubris:Teleporter","Replay:Bronze Core"],"acts_visited":["Exordium","TheCity"],"potions_floor_usage":[3,6,11],"damage_taken":[{"damage":0,"enemies":"2 Louse","floor":1,"turns":1},{"damage":0,"enemies":"Small Slimes","floor":3,"turns":1},{"damage":0,"enemies":"Jaw Worm","floor":4,"turns":1},{"damage":0,"enemies":"2 Fungi Beasts","floor":5,"turns":2},{"damage":23,"enemies":"3 Sentries","floor":6,"turns":6},{"damage":13,"enemies":"Looter","floor":8,"turns":3},{"damage":3,"enemies":"Gremlin Nob","floor":11,"turns":4},{"damage":21,"enemies":"Large Slime","floor":12,"turns":5},{"damage":35,"enemies":"The Guardian","floor":16,"turns":10},{"damage":25,"enemies":"2 Thieves","floor":18,"turns":5}],"seed_played":"-8839422382999927168","potions_obtained":[{"floor":3,"key":"Fruit Juice"},{"floor":4,"key":"Cursed Concoction"},{"floor":8,"key":"LifebloodPotion"},{"floor":12,"key":"Regen Potion"}],"is_trial":false,"path_per_floor":["M","?","M","M","M","E","R","M","T","R","E","M","R","?","R","B",null,"M"],"character_chosen":"RUNESMITH_CLASS","items_purchased":[],"campfire_rested":1,"item_purchase_floors":[],"current_hp_per_floor":[70,70,75,75,75,52,52,39,39,39,36,15,37,37,37,2,75,50,50],"gold":465,"neow_bonus":"THREE_ENEMY_KILL","is_daily":false,"chose_seed":false,"campfire_upgraded":2,"win_rate":0.0,"timestamp":1608685788,"path_taken":["M","?","M","M","M","E","R","M","T","R","E","M","R","?","R","BOSS","M"],"items_purchased_type":[],"build_version":"2020-12-13","purchased_purges":0,"victory":false,"max_hp_per_floor":[70,70,75,75,75,75,75,75,75,75,75,75,75,75,75,75,75,75,75],"card_choices":[{"not_picked":["Runesmith:MakeshiftArmor","Runesmith:ShiftingStrike","Runesmith:Permafrost"],"picked":"SKIP","floor":1},{"not_picked":["Runesmith:Repurpose","Runesmith:MakeshiftArmor","Runesmith:Discharge"],"picked":"SKIP","floor":3},{"not_picked":["Runesmith:Repurpose","Runesmith:ElementalConversion"],"picked":"Runesmith:FieryHammer","floor":4},{"not_picked":["Runesmith:Prism","Runesmith:StaticCage"],"picked":"Runesmith:UnstableHammer","floor":5},{"not_picked":["Runesmith:UnstableHammer","Runesmith:WhiteBalance","Runesmith:StaticCage"],"picked":"SKIP","floor":6},{"not_picked":["Runesmith:DoubleUp","Runesmith:FrozenChisel","Runesmith:HammerThrow"],"picked":"SKIP","floor":8},{"not_picked":["Runesmith:CraftIndustria","Runesmith:Discharge"],"picked":"Runesmith:LithiumIon","floor":11},{"not_picked":["Runesmith:ChiselStab","Runesmith:Prism"],"picked":"Runesmith:RuneHurl","floor":12}],"player_experience":626542,"relics_obtained":[{"floor":6,"key":"halation:QuantumPhysicsTextbook"},{"floor":11,"key":"hubris:Teleporter"}],"event_choices":[{"damage_healed":0,"gold_gain":0,"player_choice":"Agree","damage_taken":0,"max_hp_gain":0,"max_hp_loss":0,"event_name":"conspire:LoneGhost","floor":14,"gold_loss":0}],"is_beta":false,"boss_relics":[{"not_picked":["Busted Crown","Astrolabe"],"picked":"Replay:Bronze Core"}],"items_purged_floors":[],"is_endless":false,"potions_floor_spawned":[3,4,8,12],"killed_by":"2 Thieves","ascension_level":0}}