{"host":"qw1m3zcvi888b4j7","time":1608692708,"event":{"mods":["AchievementEnabler","Act Like it!","BaseMod","Block Reminder","Colored Map","Colored Powertips","Curses Come First","DeckTracker","Hermit","Highlight Path","Hubris","Minty Spire (QoL Compilation)","Quick Restart","Rare Cards Sparkle","Relic Sorter","Relic Stats","Replay The Spire","StSLib","SuperFastMode","The Blue Laboratory","The Cursed","The Servant 0.9.4","everything is the same but u backflip on backflip"],"gold_per_floor":[111,111,124,140,150,181,192,192,192],"floor_reached":8,"playtime":370,"items_purged":[],"score":63,"play_id":"89c77023-dcbe-4b31-8e02-cea9400a8a61","local_time":"20201223040508","is_ascension_mode":true,"campfire_choices":[],"circlet_count":0,"master_deck":["Strike_B","Strike_B","Strike_B","Strike_B","Defend_B","Defend_B","Defend_B","Defend_B","Zap+1","Dualcast","Voices","Compile Driver","Hologram","White Noise","Sweeping Beam","Sunder","Redo","Conserve Battery","Turbo","Gash","Redo","ReplayTheSpireMod:Repulse"],"relics":["Cracked Core","Prayer Wheel","Incense Burner"],"acts_visited":["Exordium"],"potions_floor_usage":[6],"damage_taken":[{"damage":6,"enemies":"Jaw Worm","floor":1,"turns":5},{"damage":6,"enemies":"Cultist","floor":3,"turns":4},{"damage":8,"enemies":"Small Slimes","floor":4,"turns":3},{"damage":12,"enemies":"3 Louse","floor":5,"turns":2},{"damage":21,"enemies":"Gremlin Nob","floor":6,"turns":4},{"damage":17,"enemies":"Large Slime","floor":7,"turns":4},{"damage":10,"enemies":"3 Sentries","floor":8,"turns":3}],"seed_played":"5418377176804966794","potions_obtained":[{"floor":5,"key":"SkillPotion"}],"is_trial":false,"path_per_floor":["M","?","M","M","M","E","M","E"],"character_chosen":"DEFECT","items_purchased":[],"campfire_rested":0,"item_purchase_floors":[],"current_hp_per_floor":[69,69,63,55,43,22,5,0,0],"gold":192,"neow_bonus":"THREE_RARE_CARDS","is_daily":false,"chose_seed":false,"campfire_upgraded":0,"win_rate":0.0,"timestamp":1608692708,"path_taken":["M","?","?","M","?","E","M","E"],"items_purchased_type":[],"build_version":"2020-12-13","purchased_purges":0,"victory":false,"max_hp_per_floor":[75,75,75,75,75,75,75,75,75],"relic_stats":{"counters":[7,25],"Prayer Wheel":5,"obtain_stats":[{"Prayer Wheel":1,"Incense Burner":6,"Cracked Core":0},{"Prayer Wheel":1,"Incense Burner":5,"Cracked Core":0},{"Prayer Wheel":3,"Incense Burner":18,"Cracked Core":0}]},"card_choices":[{"not_picked":["Electrodynamics","hubris:DoWhile"],"picked":"ReplayTheSpireMod:Fabricate Wheel","floor":0},{"not_picked":["Rebound","Panic Button"],"picked":"Compile Driver","floor":1},{"not_picked":["Consume","Rebound"],"picked":"Hologram","floor":1},{"not_picked":["Hologram","Stack"],"picked":"White Noise","floor":3},{"not_picked":["Stack","Glacier"],"picked":"Sweeping Beam","floor":3},{"not_picked":["Seek","Steam"],"picked":"Sunder","floor":4},{"not_picked":["Consume","Coolheaded"],"picked":"Redo","floor":4},{"not_picked":["ReplayTheSpireMod:System Scan","Gash"],"picked":"Conserve Battery","floor":5},{"not_picked":["Barrage","ReplayGash"],"picked":"Turbo","floor":5},{"not_picked":["Consume","Sweeping Beam"],"picked":"Gash","floor":6},{"not_picked":["All For One","Hologram"],"picked":"Redo","floor":7},{"not_picked":["Redo","ReplayTheSpireMod:Reroute Power"],"picked":"ReplayTheSpireMod:Repulse","floor":7}],"player_experience":119070,"relics_obtained":[{"floor":6,"key":"Incense Burner"}],"event_choices":[{"damage_healed":0,"gold_gain":0,"player_choice":"Forge","damage_taken":0,"max_hp_gain":0,"max_hp_loss":0,"event_name":"Accursed Blacksmith","floor":2,"gold_loss":0,"cards_upgraded":["Zap"]}],"is_beta":false,"boss_relics":[],"items_purged_floors":[],"is_endless":false,"potions_floor_spawned":[5],"killed_by":"3 Sentries","ascension_level":1}}