{"host":"9oysz4knkucnjyyz","time":1608698767,"event":{"mods":["2.2 Compatiblity","Act Like it!","BaseMod","Better Altar","Better Match","Better Note","Better Sensory Stone","Better Skull","Better Third Choice","BetterRewards","Displayed Cursed Tome","Downfall","Friendly Minions","Googly Eyes","GungeonMod","Hallownest","Hermit","Lobotomy","LobotomyExtend","Minty Spire (QoL Compilation)","Spicy Shops","Spire Birthday Party","StSLib","The Bug Knight","everything is the same but u backflip on backflip","slay the spire mod where everything is the same but ironclad has a cowboy hat"],"gold_per_floor":[100,116,133,152,170,170,219,231,249,249,249,266,266,278,290,369,369,369,379,391,405,101,101,126,137,137,237,237,237,237,257,267,346,346,346,358,372,397,415,447,517,88,88,116,116,127,127,144,162,162,162,162],"floor_reached":53,"playtime":2633,"items_purged":[],"score":3109,"play_id":"e5168f5e-3178-4754-9194-6524d26476c3","local_time":"20201222234607","is_ascension_mode":true,"campfire_choices":[],"circlet_count":0,"master_deck":["SpecialBullet","SpecialBullet","SpecialBullet","SpecialBullet","SpecialBullet","SpecialBullet","SpecialBullet","SpecialBullet","InformationCode","SecurityCode","DisciplinaryCode","SpiderBud","Logging+1","Diffraction+1","MHz","Horn","OSAHOGD","QueenOfHatred","WallGazer","Horn","FourthMatchFlame","QueenBee","Wellcheers","WelfareCode","Justitia","NothingThere","RedShoes","BlackSwan_ego","LongBird","OldLady","GoldRush","CherryBlossom","GrinderMk4","BigBird","DaCapo","Soda","J.A.X.","LaLuna","BlackSwan_ego","GoldRush","CentralCode","Mercenary","Harvest+1","MeltingLove","SnowQueen","SoundOfStar","ControlCode","GreedKing","FourthMatchFlame","DespairKnight","Logging","TT2Protocol","CherryBlossom","SecurityCode","SwordSharpenedByTears","BlueStar","Regret_ego+1","SummonCall","Freischutz","WristCuter","TheSmile","FourthMatchFlame"],"relics":["CogitoBucket","RabbitCall","LetterFromLob","War Paint","SkinProphecy","Sozu","Theresia","Dead Branch","Happy Flower","MutagenicStrength","AtMidnight","BackwardClock","Philosopher\u0027s Stone","Pear","Meat on the Bone","PreservedInsect","DollysMirror","Letter Opener","Bronze Scales","HonorFeather","Bag of Preparation"],"acts_visited":["Exordium","TheCity","TheBeyond"],"potions_floor_usage":[8],"damage_taken":[{"damage":15,"enemies":"2 Louse","floor":2,"turns":2},{"damage":5,"enemies":"Cultist","floor":3,"turns":3},{"damage":19,"enemies":"Jaw Worm","floor":4,"turns":3},{"damage":11,"enemies":"2 Fungi Beasts","floor":5,"turns":3},{"damage":16,"enemies":"Exordium Thugs","floor":8,"turns":3},{"damage":28,"enemies":"Gremlin Gang","floor":9,"turns":4},{"damage":4,"enemies":"Blue Slaver","floor":12,"turns":2},{"damage":7,"enemies":"3 Louse","floor":14,"turns":2},{"damage":5,"enemies":"Red Slaver","floor":15,"turns":2},{"damage":58,"enemies":"downfall:Ironclad","floor":16,"turns":6},{"damage":14,"enemies":"Spheric Guardian","floor":19,"turns":4},{"damage":26,"enemies":"Snake Plant","floor":20,"turns":2},{"damage":38,"enemies":"Centurion and Healer","floor":21,"turns":5},{"damage":14,"enemies":"downfall:FleeingMerchant","floor":22,"turns":4},{"damage":17,"enemies":"Snecko","floor":25,"turns":3},{"damage":21,"enemies":"downfall:Augmenter","floor":27,"turns":2},{"damage":67,"enemies":"Snake Plant","floor":31,"turns":9},{"damage":11,"enemies":"Sentry and Sphere","floor":32,"turns":3},{"damage":32,"enemies":"downfall:Silent","floor":33,"turns":4},{"damage":68,"enemies":"3 Shapes","floor":36,"turns":2},{"damage":0,"enemies":"3 Darklings","floor":37,"turns":1},{"damage":2,"enemies":"Mind Bloom Boss Battle","floor":38,"turns":1},{"damage":3,"enemies":"Spire Growth","floor":39,"turns":2},{"damage":66,"enemies":"Nemesis","floor":40,"turns":3},{"damage":19,"enemies":"downfall:FleeingMerchant","floor":42,"turns":3},{"damage":0,"enemies":"downfall:FleeingMerchant","floor":43,"turns":1},{"damage":6,"enemies":"Giant Head","floor":44,"turns":2},{"damage":28,"enemies":"4 Shapes","floor":46,"turns":1},{"damage":24,"enemies":"Transient","floor":48,"turns":4},{"damage":6,"enemies":"3 Darklings","floor":49,"turns":1},{"damage":71,"enemies":"downfall:Defect","floor":50,"turns":5}],"seed_played":"-2852361707332815047","potions_obtained":[{"floor":5,"key":"champ:CounterPotion"},{"floor":12,"key":"Energy Potion"},{"floor":16,"key":"BlessingOfTheForge"}],"is_trial":false,"path_per_floor":["R","M","M","M","M","R","T","M","M","?","R","M","R","M","M","B",null,"R","M","M","M","$","R","T","M","?","?","R","E","R","M","M","B",null,"R","M","M","?","M","E","T","$","?","E","R","M","R","M","M","B",null,null,null],"character_chosen":"Angela","items_purchased":["CherryBlossom","Dead Branch","GrinderMk4","PreservedInsect","DollysMirror","SwordSharpenedByTears","Letter Opener","Bronze Scales"],"campfire_rested":0,"item_purchase_floors":[22,22,22,42,42,42,42,42],"current_hp_per_floor":[77,70,73,62,59,59,59,55,45,45,45,55,55,60,76,47,93,93,99,106,124,134,134,134,138,138,146,146,146,146,150,152,153,154,154,116,150,172,178,166,166,195,195,201,201,207,207,209,211,215,215,215],"gold":162,"neow_bonus":"TWENTY_PERCENT_HP_BONUS","is_daily":false,"chose_seed":false,"campfire_upgraded":0,"win_rate":0.0,"timestamp":1608698767,"path_taken":["R","M","M","M","M","R","T","M","M","?","R","M","R","M","M","BOSS","R","M","M","M","$","R","T","M","?","?","R","E","R","M","M","BOSS","R","M","M","?","M","E","T","$","?","E","R","M","R","M","M","BOSS"],"items_purchased_type":["Card","Relic","Card","Relic","Relic","Card","Relic","Relic"],"build_version":"2020-12-13","purchased_purges":0,"victory":true,"max_hp_per_floor":[84,84,84,84,84,84,84,88,92,92,92,94,94,100,106,108,108,108,116,122,128,134,134,134,140,140,146,146,146,146,150,152,154,154,154,160,166,172,178,194,194,196,195,201,201,207,207,209,211,215,215,215],"card_choices":[{"not_picked":["FairyFestival","MeatLantern"],"picked":"SpiderBud","floor":2},{"not_picked":["SomewhereSpear"],"picked":"Logging","floor":2},{"not_picked":["Pinks"],"picked":"Diffraction","floor":3},{"not_picked":["CrumblingArmor","ShyLook"],"picked":"MHz","floor":4},{"not_picked":["MagicBullet"],"picked":"Horn","floor":4},{"not_picked":["OldLady","ShyLook"],"picked":"OSAHOGD","floor":5},{"not_picked":["SomewhereSpear"],"picked":"Christmas","floor":5},{"not_picked":["ShyLook","CherryBlossoms"],"picked":"QueenOfHatred","floor":8},{"not_picked":["Soda","Regret_ego"],"picked":"SKIP","floor":8},{"not_picked":["VoidDream","CherryBlossoms"],"picked":"WallGazer","floor":9},{"not_picked":["Tough"],"picked":"Horn","floor":9},{"not_picked":["TodaysExpression"],"picked":"FourthMatchFlame","floor":12},{"not_picked":["ShyLook","MeatLantern"],"picked":"QueenBee","floor":14},{"not_picked":["Wingbeat"],"picked":"Horn","floor":14},{"not_picked":["UniverseFragment","FairyFestival"],"picked":"Wellcheers","floor":15},{"not_picked":["BlueScar","FeatherOfHonor"],"picked":"SKIP","floor":15},{"not_picked":["Adoration"],"picked":"Justitia","floor":16},{"not_picked":["LongBird","BigBadWolf"],"picked":"NothingThere","floor":19},{"not_picked":["TodaysExpression","Harmony"],"picked":"SKIP","floor":19},{"not_picked":["MeatLantern","CherryBlossoms"],"picked":"RedShoes","floor":20},{"not_picked":["FeatherOfHonor"],"picked":"BlackSwan_ego","floor":20},{"not_picked":["FairyFestival","BlackSwan"],"picked":"LongBird","floor":21},{"not_picked":["RapturousDream+1","GreenStem"],"picked":"SKIP","floor":21},{"not_picked":["Murderer","SnowQueen"],"picked":"OldLady","floor":22},{"not_picked":["Discord"],"picked":"GoldRush","floor":22},{"not_picked":["Alriune","DreamingCurrent"],"picked":"BigBird","floor":25},{"not_picked":["Penitence","Wingbeat+1"],"picked":"SKIP","floor":25},{"not_picked":[],"picked":"J.A.X.","floor":27},{"not_picked":["Woodsman","FieryBird"],"picked":"LaLuna","floor":27},{"not_picked":["Noise","Amita"],"picked":"SKIP","floor":31},{"not_picked":["Galaxy"],"picked":"BlackSwan_ego","floor":32},{"not_picked":["Adoration"],"picked":"GoldRush","floor":33},{"not_picked":["WhiteNight","WhitesApple"],"picked":"Mercenary","floor":36},{"not_picked":["RapturousDream"],"picked":"Harvest+1","floor":36},{"not_picked":["Funeral","Laetitia"],"picked":"MeltingLove","floor":37},{"not_picked":["FeatherOfHonor","Lantern"],"picked":"SKIP","floor":37},{"not_picked":["MeatLantern","DreamingCurrent"],"picked":"SnowQueen","floor":38},{"not_picked":["CUTE"],"picked":"SoundOfStar","floor":38},{"not_picked":["Murderer","DreamingCurrent"],"picked":"GreedKing","floor":39},{"not_picked":["RedEyes+1"],"picked":"FourthMatchFlame","floor":39},{"not_picked":["UniverseFragment","Alriune"],"picked":"DespairKnight","floor":40},{"not_picked":["InTheNameOfLoveAndHate"],"picked":"Logging","floor":40},{"not_picked":["Tough+1"],"picked":"CherryBlossom","floor":42},{"not_picked":["HappyTeddy","SingingMachine"],"picked":"BlueStar","floor":44},{"not_picked":["GreenStem"],"picked":"Regret_ego+1","floor":44},{"not_picked":["Yin","Rudolta"],"picked":"Freischutz","floor":46},{"not_picked":["InTheNameOfLoveAndHate"],"picked":"WristCuter","floor":46},{"not_picked":["Laetitia_ego"],"picked":"TheSmile","floor":48},{"not_picked":["Hypocrisy"],"picked":"FourthMatchFlame","floor":49}],"player_experience":334150,"relics_obtained":[{"floor":2,"key":"LetterFromLob"},{"floor":7,"key":"War Paint"},{"floor":24,"key":"Happy Flower"},{"floor":27,"key":"MutagenicStrength"},{"floor":31,"key":"AtMidnight"},{"floor":40,"key":"Pear"},{"floor":41,"key":"Meat on the Bone"},{"floor":44,"key":"Bag of Preparation"}],"event_choices":[{"damage_healed":0,"gold_gain":0,"player_choice":"Forge","damage_taken":0,"max_hp_gain":0,"max_hp_loss":0,"event_name":"Accursed Blacksmith","floor":10,"gold_loss":0,"cards_upgraded":["Logging"]}],"is_beta":false,"boss_relics":[{"not_picked":["Snecko Eye","Empty Cage"],"picked":"Sozu"},{"not_picked":["Black Star","SlaversCollar"],"picked":"Philosopher\u0027s Stone"}],"items_purged_floors":[],"is_endless":false,"potions_floor_spawned":[5,12,16,21,39,43,48,49],"ascension_level":20}}