{"host":"1kq2ingo3j45gyyp","time":1608695172,"event":{"mods":["BaseMod","Better Note","Better Third Choice","Minty Spire (QoL Compilation)","StSLib","The Gatherer"],"gold_per_floor":[114,114,129,129,148,186,141,141,141,141,106,125,125,125,125,250,250,269,288,288,138,157,195,214,57,57,57,95,95,194,213,213,338,338,357,376,278,297,63,63,82,82,82,82,101,51,51,70,70,70],"floor_reached":51,"playtime":1553,"items_purged":["Finisher","Slice"],"score":810,"play_id":"dd8c368e-7b1a-4f69-8109-708be56bd89d","local_time":"20201222224612","daily_mods":["SealedDeck","Red Cards","Night Terrors"],"is_ascension_mode":false,"campfire_choices":[{"data":"After Image","floor":13,"key":"SMITH"},{"data":"Cloak And Dagger","floor":15,"key":"SMITH"},{"data":"Accuracy","floor":29,"key":"SMITH"},{"floor":32,"key":"REST"},{"data":"A Thousand Cuts","floor":40,"key":"SMITH"},{"data":"Cloak And Dagger","floor":42,"key":"SMITH"},{"data":"Cloak And Dagger","floor":44,"key":"SMITH"},{"data":"Footwork","floor":49,"key":"SMITH"}],"circlet_count":0,"master_deck":["Footwork+1","Cloak And Dagger+1","Cloak And Dagger+1","Cloak And Dagger+1","Thunderclap","Dagger Spray","Pummel","Flex+1","Cloak And Dagger+1","After Image+1","Infinite Blades","After Image+1","After Image+1","Backstab+1","Adrenaline","Feel No Pain","Accuracy+1","A Thousand Cuts+1","Backstab","Flash of Steel","Flash of Steel","Seeing Red+1"],"relics":["Ring of the Snake","Golden Idol","Blue Candle","betterThird:SlimedRelic","StrikeDummy","SacredBark","DollysMirror","Question Card","Ginger","Torii","Runic Dome","ClockworkSouvenir","Smiling Mask"],"acts_visited":["Exordium","TheCity","TheBeyond"],"potions_floor_usage":[6,6,23,31,50],"damage_taken":[{"damage":0,"enemies":"2 Louse","floor":1,"turns":1},{"damage":3,"enemies":"Jaw Worm","floor":3,"turns":2},{"damage":0,"enemies":"Small Slimes","floor":5,"turns":2},{"damage":14,"enemies":"Gremlin Nob","floor":6,"turns":3},{"damage":0,"enemies":"2 Fungi Beasts","floor":12,"turns":2},{"damage":0,"enemies":"Hexaghost","floor":16,"turns":8},{"damage":0,"enemies":"Shell Parasite","floor":18,"turns":4},{"damage":2,"enemies":"3 Byrds","floor":19,"turns":3},{"damage":14,"enemies":"Snecko","floor":22,"turns":8},{"damage":0,"enemies":"Slavers","floor":23,"turns":5},{"damage":12,"enemies":"Shelled Parasite and Fungi","floor":24,"turns":4},{"damage":0,"enemies":"Gremlin Leader","floor":28,"turns":7},{"damage":15,"enemies":"Snake Plant","floor":31,"turns":3},{"damage":1,"enemies":"Collector","floor":33,"turns":9},{"damage":0,"enemies":"3 Darklings","floor":35,"turns":5},{"damage":6,"enemies":"3 Shapes","floor":36,"turns":3},{"damage":18,"enemies":"Transient","floor":38,"turns":5},{"damage":0,"enemies":"Maw","floor":41,"turns":6},{"damage":0,"enemies":"Writhing Mass","floor":45,"turns":4},{"damage":1,"enemies":"Jaw Worm Horde","floor":48,"turns":4},{"damage":9,"enemies":"Donu and Deca","floor":50,"turns":6}],"seed_played":"4926568582952100995","potions_obtained":[{"floor":1,"key":"EntropicBrew"},{"floor":16,"key":"CunningPotion"},{"floor":23,"key":"Poison Potion"},{"floor":28,"key":"CultistPotion"},{"floor":35,"key":"Poison Potion"}],"is_trial":false,"path_per_floor":["M","$","M","?","M","E","?","?","T","?","?","M","R","$","R","B",null,"M","M","?","$","M","E","M","$","T","$","E","R","?","M","R","B",null,"M","M","$","M","$","R","M","R","T","R","M","$","?","M","R","B",null],"character_chosen":"THE_SILENT","items_purchased":["DollysMirror","Feel No Pain","Flash of Steel","ClockworkSouvenir","Flash of Steel"],"campfire_rested":1,"item_purchase_floors":[21,25,37,39,39],"current_hp_per_floor":[70,70,67,50,50,36,25,11,11,16,34,34,34,34,34,34,75,75,73,73,73,59,59,47,47,47,47,47,47,47,32,70,69,70,70,64,64,46,46,46,46,46,46,46,46,46,46,45,45,36],"gold":70,"neow_bonus":"","is_daily":true,"chose_seed":false,"campfire_upgraded":7,"win_rate":0.0,"timestamp":1608695172,"path_taken":["M","$","M","?","M","E","?","?","T","?","?","M","R","?","R","BOSS","M","M","?","$","?","E","M","$","T","?","E","R","?","?","R","BOSS","M","M","?","?","$","R","M","R","T","R","M","$","?","M","R","BOSS"],"items_purchased_type":["Relic","Card","Card","Relic","Card"],"build_version":"2020-12-13","purchased_purges":2,"victory":true,"max_hp_per_floor":[70,70,70,70,70,70,70,70,70,75,75,75,75,75,75,75,75,75,75,75,75,75,75,75,75,75,75,75,75,75,75,70,70,70,70,70,70,70,70,70,70,70,70,70,70,70,66,66,66,66],"card_choices":[{"not_picked":["Blur","Infernal Blade","Heavy Blade"],"picked":"SKIP","floor":1},{"not_picked":["Sword Boomerang","Armaments","Eviscerate"],"picked":"SKIP","floor":3},{"not_picked":["PiercingWail","Heavy Blade"],"picked":"Cloak And Dagger","floor":5},{"not_picked":["Cloak And Dagger","Sentinel"],"picked":"After Image","floor":6},{"not_picked":["Quick Slash","Perfected Strike","Metallicize"],"picked":"SKIP","floor":12},{"not_picked":["Clash","Havoc","True Grit"],"picked":"SKIP","floor":18},{"not_picked":["Deadly Poison","Anger+1"],"picked":"Infinite Blades","floor":19},{"not_picked":["Dodge and Roll","Deadly Poison+1"],"picked":"Backstab+1","floor":22},{"not_picked":["Deflect","Iron Wave+1","Acrobatics"],"picked":"SKIP","floor":23},{"not_picked":["Dagger Spray","Armaments","Pommel Strike"],"picked":"Adrenaline","floor":24},{"not_picked":["Footwork","Dual Wield","Caltrops+1"],"picked":"Accuracy","floor":28},{"not_picked":["Acrobatics","Thunderclap","Headbutt","Backflip"],"picked":"SKIP","floor":31},{"not_picked":["Doppelganger","Unload","Bludgeon"],"picked":"A Thousand Cuts","floor":33},{"not_picked":["Warcry+1","Acrobatics+1","Dodge and Roll+1"],"picked":"Backstab","floor":35},{"not_picked":["Second Wind","Acrobatics","Dropkick","Dodge and Roll+1"],"picked":"SKIP","floor":36},{"not_picked":["Cloak And Dagger","Calculated Gamble+1","Deflect","Prepared"],"picked":"SKIP","floor":38},{"not_picked":["Acrobatics+1","Die Die Die","Sword Boomerang+1"],"picked":"Seeing Red+1","floor":41},{"not_picked":["Headbutt+1","Shrug It Off+1","Finisher+1","Sword Boomerang"],"picked":"SKIP","floor":45},{"not_picked":["Wild Strike+1","Deadly Poison+1","Bane+1","Iron Wave+1"],"picked":"SKIP","floor":48}],"player_experience":816518,"relics_obtained":[{"floor":6,"key":"Blue Candle"},{"floor":9,"key":"StrikeDummy"},{"floor":23,"key":"Question Card"},{"floor":26,"key":"Ginger"},{"floor":28,"key":"Torii"},{"floor":43,"key":"Smiling Mask"}],"event_choices":[{"damage_healed":0,"gold_gain":0,"player_choice":"Take Damage","damage_taken":17,"relics_obtained":["Golden Idol"],"max_hp_gain":0,"max_hp_loss":0,"event_name":"Golden Idol","floor":4,"gold_loss":0},{"damage_healed":0,"gold_gain":0,"player_choice":"Slimed","damage_taken":11,"max_hp_gain":0,"max_hp_loss":0,"event_name":"betterThird:BetterGoop","floor":7,"gold_loss":45},{"damage_healed":25,"gold_gain":0,"player_choice":"Upgrade","damage_taken":14,"max_hp_gain":0,"max_hp_loss":70,"event_name":"betterThird:BetterShining","floor":8,"gold_loss":0,"cards_upgraded":["Cloak And Dagger","Flex"]},{"damage_healed":0,"gold_gain":0,"player_choice":"Donut","damage_taken":0,"max_hp_gain":5,"max_hp_loss":0,"event_name":"Big Fish","floor":10,"gold_loss":0},{"damage_healed":18,"gold_gain":0,"player_choice":"Healed","damage_taken":0,"max_hp_gain":0,"max_hp_loss":0,"event_name":"The Cleric","floor":11,"gold_loss":35},{"damage_healed":0,"gold_gain":0,"player_choice":"Copied","damage_taken":0,"max_hp_gain":0,"max_hp_loss":0,"event_name":"Duplicator","floor":20,"gold_loss":0,"cards_obtained":["After Image"]},{"damage_healed":0,"gold_gain":99,"player_choice":"Steal","damage_taken":0,"max_hp_gain":0,"max_hp_loss":0,"event_name":"betterThird:BetterNest","floor":30,"gold_loss":0},{"damage_healed":0,"gold_gain":0,"player_choice":"Max HP","damage_taken":0,"max_hp_gain":0,"max_hp_loss":4,"event_name":"Winding Halls","floor":47,"gold_loss":0}],"is_beta":false,"boss_relics":[{"not_picked":["Fusion Hammer","Snecko Eye"],"picked":"SacredBark"},{"not_picked":["Black Star","Empty Cage"],"picked":"Runic Dome"}],"items_purged_floors":[25,46],"is_endless":false,"potions_floor_spawned":[1,16,18,22,23,28,35,45,48],"ascension_level":0}}