{"host":"uflv0e3ja7hvnij7","time":1608742785,"event":{"mods":["BaseMod","Conspire","Downfall","Hermit","Hubris","Marisa????????","Minty Spire (QoL Compilation)","Replay The Spire","Shop Mod","StSLib","The Bug Knight","The Runesmith","The Servant 0.9.4"],"gold_per_floor":[119,132,132,132,146,146,146,146,146,162,87,111,111,126,126,250,250,250,250],"floor_reached":18,"playtime":1030,"items_purged":["Strike_G"],"score":173,"play_id":"8ad89ba1-0e64-4001-a823-d31248fdc710","local_time":"20201223115945","is_ascension_mode":true,"campfire_choices":[{"floor":6,"key":"REST"},{"floor":8,"key":"REST"},{"data":"Neutralize","floor":15,"key":"SMITH"}],"circlet_count":0,"master_deck":["Strike_G","Strike_G","Strike_G","Strike_G","Defend_G","Defend_G","Defend_G","Defend_G","Defend_G","Survivor","Neutralize+1","Grand Finale+1","Grand Finale"],"relics":["Ring of the Snake","Golden Idol","Frozen Egg 2","Dream Catcher","hubris:RunicObelisk"],"acts_visited":["Exordium","TheCity"],"potions_floor_usage":[16,16,18],"damage_taken":[{"damage":3,"enemies":"2 Louse","floor":1,"turns":3},{"damage":0,"enemies":"Jaw Worm","floor":2,"turns":7},{"damage":6,"enemies":"Cultist","floor":5,"turns":4},{"damage":6,"enemies":"Large Slime","floor":10,"turns":9},{"damage":0,"enemies":"Exordium Wildlife","floor":14,"turns":2},{"damage":30,"enemies":"Slime Boss","floor":16,"turns":7},{"damage":73,"enemies":"3 Byrds","floor":18,"turns":10}],"seed_played":"9035282339346802198","potions_obtained":[{"floor":5,"key":"Elixir"},{"floor":10,"key":"Poison Potion"},{"floor":14,"key":"SneckoOil"}],"is_trial":false,"path_per_floor":["M","M","?","?","M","R","?","R","T","M","$","T","?","M","R","B",null,"M"],"character_chosen":"THE_SILENT","items_purchased":[],"campfire_rested":2,"item_purchase_floors":[],"current_hp_per_floor":[46,46,29,29,23,44,44,65,65,59,59,59,59,59,59,29,70,0,0],"gold":250,"neow_bonus":"THREE_RARE_CARDS","is_daily":false,"chose_seed":false,"campfire_upgraded":1,"win_rate":0.0,"timestamp":1608742785,"path_taken":["M","M","?","?","?","R","?","R","T","M","$","?","?","M","R","BOSS","M"],"items_purchased_type":[],"build_version":"2020-12-22","purchased_purges":1,"victory":false,"max_hp_per_floor":[70,70,70,70,70,70,70,70,70,70,70,70,70,70,70,70,70,70,70],"card_choices":[{"not_picked":["Corpse Explosion","Envenom"],"picked":"Grand Finale","floor":0},{"not_picked":["Underhanded Strike","Well Laid Plans","Poisoned Stab"],"picked":"SKIP","floor":1},{"not_picked":["Poisoned Stab","PiercingWail","ReplayTheSpireMod:Speed Training"],"picked":"SKIP","floor":2},{"not_picked":["Prepared","Deadly Poison","Flechettes"],"picked":"SKIP","floor":5},{"not_picked":["Expertise","PiercingWail","Blade Dance"],"picked":"SKIP","floor":10},{"not_picked":["Blade Dance","Catalyst","Dagger Throw"],"picked":"SKIP","floor":14},{"not_picked":["Bullet Time","Replay:Bag of Tricks"],"picked":"Grand Finale","floor":16}],"player_experience":312165,"relics_obtained":[{"floor":9,"key":"Frozen Egg 2"},{"floor":12,"key":"Dream Catcher"}],"event_choices":[{"damage_healed":0,"gold_gain":0,"player_choice":"Take Damage","damage_taken":17,"relics_obtained":["Golden Idol"],"max_hp_gain":0,"max_hp_loss":0,"event_name":"Golden Idol","floor":3,"gold_loss":0},{"damage_healed":0,"gold_gain":0,"player_choice":"Leave","damage_taken":0,"max_hp_gain":0,"max_hp_loss":0,"event_name":"conspire:Investor","floor":4,"gold_loss":0},{"damage_healed":0,"gold_gain":0,"player_choice":"Forge","damage_taken":0,"max_hp_gain":0,"max_hp_loss":0,"event_name":"Accursed Blacksmith","floor":7,"gold_loss":0,"cards_upgraded":["Grand Finale"]},{"damage_healed":0,"gold_gain":0,"player_choice":"Ignored","damage_taken":0,"max_hp_gain":0,"max_hp_loss":0,"event_name":"Shining Light","floor":13,"gold_loss":0}],"is_beta":false,"boss_relics":[{"not_picked":["Pandora\u0027s Box","Replay:Ancient Bell"],"picked":"hubris:RunicObelisk"}],"items_purged_floors":[11],"is_endless":false,"potions_floor_spawned":[5,10,14],"killed_by":"3 Byrds","ascension_level":3}}