{"host":"qa8cj4hae9rrz4qd","time":1608684584,"event":{"mods":["BaseMod","Colored Map","Conspire","Energized Spire","Halation","Hubris","Infinite Spire","Minty Spire (QoL Compilation)","Replay The Spire","StSLib","The Construct","The Jungle","The Servant 0.9.4","TheBandit","vexMod"],"gold_per_floor":[110,43,43,59,72,107,107,107,107,57,57,57,57,75,75,174,174,184,184,184,159,177,177,177,177,200,212,232,250,269,269,269,269],"floor_reached":31,"playtime":2539,"items_purged":[],"score":235,"play_id":"eb4b7722-9a9e-45d4-a428-07df972481ce","local_time":"20201223004944","is_ascension_mode":false,"campfire_choices":[{"data":"wariomod:Smackflip","floor":7,"key":"SMITH"},{"data":"wariomod:DanceDash","floor":11,"key":"SMITH"},{"data":"wariomod:AwfulLook","floor":13,"key":"SMITH"},{"data":"wariomod:SmackSlam","floor":15,"key":"SMITH"},{"floor":23,"key":"REST"},{"data":"wariomod:ShipSmash","floor":25,"key":"SMITH"}],"circlet_count":0,"master_deck":["wariomod:Strike","wariomod:Strike","wariomod:Strike","wariomod:Defend","wariomod:Defend","wariomod:Defend","wariomod:Defend","wariomod:Step","wariomod:Leap","wariomod:AwfulLook+1","wariomod:EmptyMind","wariomod:DanceDash+1","wariomod:SmackSlam+1","wariomod:Smackflip+1","wariomod:Hopshield","wariomod:ImFeelingLucky","wariomod:ShipSmash+1","wariomod:SmallSprint+1","Shame","infinitespire:NeuralNetwork","wariomod:Hopshield","wariomod:Hopshield","wariomod:HastyRush+1","wariomod:Boomsmack","wariomod:DiceyMove"],"relics":["wariomod:TheHat","NeowsBlessing","Bag of Preparation","Replay:Bottled Flurry","Busted Crown","theJungle:PaperFaux","Vajra"],"acts_visited":["Exordium","theJungle:Jungle"],"potions_floor_usage":[],"damage_taken":[{"damage":2,"enemies":"conspire:RoseBush","floor":1,"turns":1},{"damage":0,"enemies":"Cultist","floor":4,"turns":1},{"damage":0,"enemies":"2 Louse","floor":5,"turns":1},{"damage":12,"enemies":"Replay:BlueRogue","floor":6,"turns":8},{"damage":7,"enemies":"Exordium Thugs","floor":14,"turns":4},{"damage":19,"enemies":"Fading Forest","floor":16,"turns":11},{"damage":21,"enemies":"theJungle:MUSHROOMGANG","floor":18,"turns":4},{"damage":11,"enemies":"theJungle:5_Spyders","floor":22,"turns":5},{"damage":19,"enemies":"theJungle:Lyon","floor":27,"turns":4},{"damage":5,"enemies":"theJungle:2_Snecko_Cultists","floor":28,"turns":4},{"damage":4,"enemies":"theJungle:SlimyTreeVines","floor":29,"turns":5},{"damage":26,"enemies":"Snake Plant","floor":30,"turns":3},{"damage":4,"enemies":"theJungle:JungleHuntersEncounter","floor":31,"turns":2}],"seed_played":"-8582771074628253800","potions_obtained":[{"floor":4,"key":"Dexterity Potion"},{"floor":5,"key":"FearPotion"},{"floor":6,"key":"Venom Potion"},{"floor":8,"key":"Flashbang"}],"is_trial":false,"path_per_floor":["M","$","?","M","M","E","R","?","T","$","R","?","R","M","R","B",null,"M","?","?","?","M","R","?","R","T","M","M","M","M","M"],"character_chosen":"THE_BANDIT","items_purchased":["wariomod:EmptyMind","wariomod:Hopshield"],"campfire_rested":1,"item_purchase_floors":[2,10],"current_hp_per_floor":[78,78,78,78,78,66,66,66,66,66,66,66,66,59,59,50,80,59,59,38,38,27,51,51,51,51,32,27,29,3,0,0,0],"gold":269,"neow_bonus":"THREE_ENEMY_KILL","is_daily":false,"chose_seed":false,"campfire_upgraded":5,"win_rate":0.0,"timestamp":1608684584,"path_taken":["M","$","?","M","?","E","R","?","T","?","R","?","R","M","R","BOSS","M","?","?","?","M","R","?","R","T","M","M","M","M","?"],"items_purchased_type":["Card","Card"],"build_version":"2020-12-13","purchased_purges":0,"victory":false,"max_hp_per_floor":[80,80,80,80,80,80,80,80,80,80,80,80,80,80,80,80,80,80,80,80,80,80,80,80,80,80,80,80,80,80,80,80,80],"card_choices":[{"not_picked":["wariomod:SimpleShield","wariomod:TheGrandJourney"],"picked":"wariomod:AwfulLook","floor":1},{"not_picked":["wariomod:DropBash","wariomod:DoubleDash"],"picked":"wariomod:DanceDash","floor":4},{"not_picked":["wariomod:DoubleDash","wariomod:BoomBoom"],"picked":"wariomod:SmackSlam","floor":5},{"not_picked":["wariomod:SimpleShield","wariomod:PoisonBombs"],"picked":"wariomod:Smackflip","floor":6},{"not_picked":["wariomod:TreasureDig","wariomod:SimpleShield"],"picked":"wariomod:ImFeelingLucky","floor":14},{"not_picked":["wariomod:GoAgain","wariomod:FabulousPrizes"],"picked":"wariomod:ShipSmash","floor":16},{"not_picked":[],"picked":"wariomod:SmallSprint+1","floor":18},{"not_picked":["Replay:Fractal Strike","hubris:Fate"],"picked":"infinitespire:NeuralNetwork","floor":20},{"not_picked":[],"picked":"wariomod:Hopshield","floor":22},{"not_picked":[],"picked":"wariomod:Hopshield","floor":27},{"not_picked":[],"picked":"wariomod:HastyRush+1","floor":28},{"not_picked":[],"picked":"wariomod:Boomsmack","floor":29},{"not_picked":[],"picked":"wariomod:DiceyMove","floor":30}],"player_experience":288664,"relics_obtained":[{"floor":6,"key":"Bag of Preparation"},{"floor":9,"key":"Replay:Bottled Flurry"},{"floor":26,"key":"Vajra"}],"event_choices":[{"cards_removed":["wariomod:Strike"],"damage_healed":0,"gold_gain":0,"player_choice":"Card Removal","damage_taken":0,"max_hp_gain":0,"max_hp_loss":0,"event_name":"Wheel of Change","floor":3,"gold_loss":0},{"damage_healed":0,"gold_gain":0,"player_choice":"Got Potions","damage_taken":0,"max_hp_gain":0,"max_hp_loss":0,"event_name":"Lab","floor":8,"gold_loss":0},{"damage_healed":0,"gold_gain":0,"player_choice":"Ignored","damage_taken":0,"max_hp_gain":0,"max_hp_loss":0,"event_name":"Liars Game","floor":12,"gold_loss":0}],"is_beta":false,"boss_relics":[{"not_picked":["energizedSpire:CursedPentagram","hubris:TerracottaHorce"],"picked":"Busted Crown"}],"items_purged_floors":[],"is_endless":false,"potions_floor_spawned":[4,5,6,14,27,29,30],"killed_by":"theJungle:JungleHuntersEncounter","ascension_level":0}}