{"host":"qa8cj4hae9rrz4qd","time":1608685801,"event":{"mods":["BaseMod","Colored Map","Conspire","Energized Spire","Halation","Hubris","Infinite Spire","Minty Spire (QoL Compilation)","Replay The Spire","StSLib","The Construct","The Hierophant","The Jungle","The Runesmith","The Servant 0.9.4","TheBandit","vexMod"],"gold_per_floor":[110,121,5,5,5,5,44,91,91,91,91,91,80,137,137,139,139],"floor_reached":16,"playtime":997,"items_purged":[],"score":92,"play_id":"9c297ca5-bdd7-4e59-b126-b59adb3add47","local_time":"20201223011001","is_ascension_mode":false,"campfire_choices":[{"floor":6,"key":"REST"},{"data":"hierophant:ChurchCoffers","floor":11,"key":"SMITH"},{"floor":15,"key":"DIG"}],"circlet_count":0,"master_deck":["hierophant:Strike_Hierophant","hierophant:Strike_Hierophant","hierophant:Strike_Hierophant","hierophant:Strike_Hierophant","hierophant:Punish","hierophant:Defend_Hierophant","hierophant:Defend_Hierophant","hierophant:Defend_Hierophant","hierophant:Defend_Hierophant","hierophant:ChurchCoffers+1","hierophant:HolyVerse","hierophant:OrnateBuckler","hierophant:Doubloon","hierophant:OrnateJavelin","hierophant:Doubloon","hierophant:Dazzle","hierophant:OrnateBuckler","hierophant:Doubloon","hierophant:Dazzle","hierophant:HolyVerse"],"relics":["hierophant:PropheticMaskRelic","Ice Cream","Replay:Bandana","Shovel","hubris:Icosahedron","halation:LettersToHer"],"acts_visited":["Exordium"],"potions_floor_usage":[],"damage_taken":[{"damage":5,"enemies":"Cultist","floor":1,"turns":4},{"damage":5,"enemies":"conspire:RoseBush","floor":2,"turns":2},{"damage":0,"enemies":"Small Slimes","floor":7,"turns":3},{"damage":0,"enemies":"Red Slaver","floor":8,"turns":3},{"damage":5,"enemies":"Lots of Slimes","floor":13,"turns":4},{"damage":4,"enemies":"Blue Slaver","floor":14,"turns":4},{"damage":56,"enemies":"Hexaghost","floor":16,"turns":12}],"seed_played":"7399034674889361354","potions_obtained":[{"floor":2,"key":"DistilledChaos"},{"floor":8,"key":"Explosive Potion"},{"floor":12,"key":"conspire:TimeTravelPotion"}],"is_trial":false,"path_per_floor":["M","M","$","?","?","R","M","M","T","?","R","?","M","M","R","B"],"character_chosen":"HIEROPHANT","items_purchased":["hierophant:Doubloon","hierophant:OrnateJavelin"],"campfire_rested":1,"item_purchase_floors":[3,3],"current_hp_per_floor":[49,44,44,32,39,61,61,61,61,61,61,61,56,52,52,0,0],"gold":139,"neow_bonus":"ONE_RARE_RELIC","is_daily":false,"chose_seed":false,"campfire_upgraded":1,"win_rate":0.0,"timestamp":1608685801,"path_taken":["M","M","$","?","?","R","M","M","T","?","R","?","M","?","R","BOSS"],"items_purchased_type":["Card","Card"],"build_version":"2020-12-13","purchased_purges":0,"victory":false,"max_hp_per_floor":[75,75,75,75,75,75,75,75,75,75,75,75,75,75,75,75,75],"card_choices":[{"not_picked":["hierophant:RecallFunds","hierophant:ArchangelShield"],"picked":"hierophant:HolyVerse","floor":1},{"not_picked":["hierophant:HolyVerse","hierophant:PristineSoul"],"picked":"hierophant:OrnateBuckler","floor":2},{"not_picked":["hierophant:Shelter","hierophant:MirrorShield"],"picked":"hierophant:Dazzle","floor":7},{"not_picked":["hierophant:Encroach","hierophant:HolyVerse"],"picked":"hierophant:OrnateBuckler","floor":8},{"not_picked":["hierophant:MorningPrayer","hierophant:Chorus"],"picked":"hierophant:Dazzle","floor":13},{"not_picked":["hierophant:Endure","hierophant:Cornucopia"],"picked":"hierophant:HolyVerse","floor":14}],"player_experience":312659,"relics_obtained":[{"floor":9,"key":"Shovel"},{"floor":15,"key":"halation:LettersToHer"}],"event_choices":[{"damage_healed":0,"gold_gain":0,"player_choice":"Success","damage_taken":12,"relics_obtained":["Replay:Bandana"],"max_hp_gain":0,"max_hp_loss":0,"event_name":"Scrap Ooze","floor":4,"gold_loss":0},{"damage_healed":0,"gold_gain":0,"player_choice":"Got Potions","damage_taken":0,"max_hp_gain":0,"max_hp_loss":0,"event_name":"Lab","floor":12,"gold_loss":0}],"is_beta":false,"boss_relics":[],"items_purged_floors":[],"is_endless":false,"potions_floor_spawned":[2,8,13],"killed_by":"Hexaghost","ascension_level":0}}