{"host":"thn8o1tmql8xszd5","time":1608761727,"event":{"mods":["AchievementEnabler","Act Like it!","BaseMod","Block Reminder","Colored Map","DeckTracker","Gensokyo","Highlight Path","Minty Spire (QoL Compilation)","Permanent Neow","Quick Restart","Relic Stats","Robot Space Explorer","StSLib","The Blue Laboratory"],"gold_per_floor":[109,128,139,69,83,83,115,140,175,27,64,76,102,114,126,138,138],"floor_reached":16,"playtime":1609,"items_purged":[],"score":172,"play_id":"a3f93e1b-4611-45f4-b9a4-d65d05b315fb","local_time":"20201223171527","is_ascension_mode":true,"campfire_choices":[{"data":"RobotSpaceExplorer:FreezingShield","floor":6.0,"key":"SMITH"},{"data":"RobotSpaceExplorer:Pulsar","floor":12,"key":"SMITH"},{"floor":15,"key":"REST"}],"circlet_count":0,"master_deck":["RobotSpaceExplorer:Strike","RobotSpaceExplorer:Defend","RobotSpaceExplorer:Defend+1","RobotSpaceExplorer:Defend","RobotSpaceExplorer:Defend","RobotSpaceExplorer:Scan","RobotSpaceExplorer:MiniLasers","RobotSpaceExplorer:GearShield+1","RobotSpaceExplorer:FreezingShield+1","RobotSpaceExplorer:ScrapMissile","RobotSpaceExplorer:FreezeRay","RobotSpaceExplorer:GlueShot","RobotSpaceExplorer:Pulsar+1","RobotSpaceExplorer:JunkDive"],"relics":["Busted Crown","MawBank","Bag of Preparation","Gensokyo:Bombinomicon","Darkstone Periapt"],"acts_visited":["Exordium"],"potions_floor_usage":[8,11],"damage_taken":[{"damage":1.0,"enemies":"Gensokyo:3_Fairies","floor":1.0,"turns":4.0},{"damage":0.0,"enemies":"Gensokyo:Python","floor":2.0,"turns":4.0},{"damage":3.0,"enemies":"Gensokyo:Gryphon","floor":3.0,"turns":4.0},{"damage":0.0,"enemies":"Gensokyo:Kitsune","floor":5.0,"turns":4.0},{"damage":10.0,"enemies":"Gensokyo:Cirno","floor":7.0,"turns":8.0},{"damage":1,"enemies":"Gensokyo:Gryphon_and_Rabbit","floor":8,"turns":7},{"damage":0,"enemies":"Gensokyo:Aya","floor":11,"turns":4},{"damage":5,"enemies":"Gensokyo:5_Fairies","floor":13,"turns":5},{"damage":48,"enemies":"Gensokyo:Kokoro","floor":16,"turns":14}],"seed_played":"1084298584564995632","potions_obtained":[{"floor":1.0,"key":"blueLaboratory:AbyssPotion"},{"floor":3.0,"key":"blueLaboratory:PhilterOfMotion"},{"floor":7.0,"key":"blueLaboratory:HummingbirdPotion"},{"floor":8,"key":"EssenceOfSteel"}],"is_trial":false,"path_per_floor":["M","M","M","?","M","R","E","M","T","?","E","R","M","?","R","B"],"character_chosen":"RobotSpaceExplorer","items_purchased":[],"campfire_rested":1,"item_purchase_floors":[],"current_hp_per_floor":[67,67,64,64,64,64,54,53,53,53,53,53,48,18,40,0,0],"gold":138,"neow_bonus":"BOSS_RELIC","is_daily":false,"chose_seed":false,"campfire_upgraded":2,"win_rate":0.0,"timestamp":1608761727,"path_taken":["M","?","M","?","M","R","E","M","T","?","E","R","M","?","R","BOSS"],"items_purchased_type":[],"build_version":"2020-12-22","purchased_purges":0,"victory":false,"max_hp_per_floor":[75,75,75,75,75,75,75,75,75,75,75,75,75,75,75,75,75],"relic_stats":{"Darkstone Periapt":0,"Busted Crown":16,"counters":[9,54],"Bag of Preparation":[6],"MawBank":108,"obtain_stats":[{"Darkstone Periapt":11,"Busted Crown":0,"Gensokyo:Bombinomicon":10,"RobotSpaceExplorer:RoboCore":0,"Bag of Preparation":9,"MawBank":7},{"Darkstone Periapt":7,"Busted Crown":0,"Gensokyo:Bombinomicon":6,"RobotSpaceExplorer:RoboCore":0,"Bag of Preparation":6,"MawBank":5},{"Darkstone Periapt":35,"Busted Crown":0,"Gensokyo:Bombinomicon":31,"RobotSpaceExplorer:RoboCore":0,"Bag of Preparation":31,"MawBank":24}]},"card_choices":[{"not_picked":[],"picked":"RobotSpaceExplorer:GearShield","floor":1.0},{"not_picked":[],"picked":"RobotSpaceExplorer:FreezingShield","floor":2.0},{"not_picked":[],"picked":"RobotSpaceExplorer:ScrapMissile","floor":3.0},{"not_picked":[],"picked":"RobotSpaceExplorer:FreezeRay","floor":5.0},{"not_picked":[],"picked":"RobotSpaceExplorer:GlueShot","floor":7.0},{"not_picked":[],"picked":"RobotSpaceExplorer:Pulsar","floor":8},{"not_picked":[],"picked":"RobotSpaceExplorer:JunkDive","floor":11},{"not_picked":["RobotSpaceExplorer:MiniDrones"],"picked":"SKIP","floor":13}],"player_experience":521745,"relics_obtained":[{"floor":7.0,"key":"MawBank"},{"floor":9,"key":"Bag of Preparation"},{"floor":11,"key":"Darkstone Periapt"}],"event_choices":[],"is_beta":false,"boss_relics":[],"items_purged_floors":[],"is_endless":false,"potions_floor_spawned":[1,3,7,8],"killed_by":"Gensokyo:Kokoro","ascension_level":6}}