{"host":"4tnjxquzd1sn7hrw","time":1608707126,"event":{"mods":["BaseMod","Colored Map","Downfall","Hubris","Minty Spire (QoL Compilation)","Quick Restart","StSLib"],"gold_per_floor":[99,109,259,279,122,222,268,282,310,310,343,193,209,224,235,336,336,336,346,366,385,385,385,438,438,470,480,493,524,295,320,334,433,433,433,433,433,450,118,118,195,220,232,9,40,59,92,102,116,116],"floor_reached":51,"playtime":4890,"items_purged":["Slimebound:Icky","champ:Strike"],"score":1052,"play_id":"f8bc9f91-6411-4dbd-b203-66da874d61e7","local_time":"20201223160526","is_ascension_mode":true,"campfire_choices":[{"data":"champ:Backstep","floor":1,"key":"SMITH"},{"data":"champ:Taunt","floor":10,"key":"SMITH"},{"data":"champ:StrikeOfGenius","floor":18,"key":"SMITH"},{"data":"champ:FalseCounter","floor":23,"key":"SMITH"},{"data":"champ:EnGarde","floor":25,"key":"SMITH"},{"data":"champ:ArenaPreparation","floor":35,"key":"SMITH"},{"data":"champ:ArenaPreparation","floor":40,"key":"SMITH"},{"data":"champ:IronFortress","floor":43,"key":"SMITH"}],"circlet_count":0,"master_deck":["champ:Lariat+1","champ:Strike","champ:Strike","champ:Strike","champ:Defend","champ:Defend","champ:Defend","champ:Defend","champ:Taunt+1","champ:Backstep+1","champ:BringItOn","champ:ShieldSigil+1","champ:BringItOn","champ:ArenaPreparation+1","champ:ShieldThrow","champ:EnGarde+1","champ:Circumvent","champ:TornadoPunch","champ:FocusedDefense","champ:RageSigil","champ:FalseCounter+1","champ:StrikeOfGenius+1","CurseOfTheBell","champ:StanceDance+1","champ:SwordSigil","champ:ArenaPreparation+1","champ:RageSigil+1","champ:DefensiveShout","champ:Balance","champ:ShieldWall","champ:ArenaPreparation","champ:BringItOn","champ:IronFortress+1","champ:IronFortress+1","Impatience","champ:BringItOn+1","champ:ShieldSigil+1","champ:HoldFirm","Flash of Steel","champ:RecklessLeap+1","champ:DefensiveShout+1","champ:ShieldWall"],"relics":["champ:ChampionCrown","CloakClasp","Boot","Torii","hubris:DisguiseKit","Calling Bell","hubris:ToyBattleship","InkBottle","Thread and Needle","Smiling Mask","Gremlin Horn","Anchor","Oddly Smooth Stone","Runic Dome","Bronze Scales","Meat on the Bone","MawBank","hubris:MysteriousPyramids","Orichalcum"],"acts_visited":["Exordium","TheCity","TheBeyond"],"potions_floor_usage":[6,16,21,26,28,28,31,31,33,50,50,50],"damage_taken":[{"damage":5,"enemies":"Cultist","floor":2,"turns":4},{"damage":7,"enemies":"Jaw Worm","floor":4,"turns":3},{"damage":5,"enemies":"downfall:FleeingMerchant","floor":5,"turns":4},{"damage":58,"enemies":"downfall:FleeingMerchant","floor":6,"turns":11},{"damage":5,"enemies":"Small Slimes","floor":8,"turns":3},{"damage":45,"enemies":"3 Sentries","floor":9,"turns":4},{"damage":11,"enemies":"Lagavulin","floor":11,"turns":7},{"damage":0,"enemies":"3 Louse","floor":13,"turns":3},{"damage":6,"enemies":"Lots of Slimes","floor":14,"turns":4},{"damage":11,"enemies":"Large Slime","floor":15,"turns":5},{"damage":76,"enemies":"downfall:Defect","floor":16,"turns":9},{"damage":10,"enemies":"Shell Parasite","floor":19,"turns":2},{"damage":30,"enemies":"Chosen","floor":20,"turns":4},{"damage":60,"enemies":"Centurion and Healer","floor":21,"turns":7},{"damage":42,"enemies":"Gremlin Leader","floor":26,"turns":8},{"damage":11,"enemies":"3 Cultists","floor":27,"turns":6},{"damage":10,"enemies":"Snake Plant","floor":28,"turns":3},{"damage":37,"enemies":"Book of Stabbing","floor":29,"turns":4},{"damage":39,"enemies":"downfall:FleeingMerchant","floor":30,"turns":4},{"damage":46,"enemies":"Slavers","floor":31,"turns":5},{"damage":28,"enemies":"Chosen and Byrds","floor":32,"turns":3},{"damage":40,"enemies":"downfall:Ironclad","floor":33,"turns":6},{"damage":23,"enemies":"Orb Walker","floor":38,"turns":3},{"damage":44,"enemies":"downfall:FleeingMerchant","floor":39,"turns":4},{"damage":58,"enemies":"Reptomancer","floor":42,"turns":5},{"damage":49,"enemies":"downfall:FleeingMerchant","floor":44,"turns":4},{"damage":18,"enemies":"Giant Head","floor":45,"turns":8},{"damage":61,"enemies":"3 Darklings","floor":46,"turns":3},{"damage":55,"enemies":"Reptomancer","floor":47,"turns":5},{"damage":86,"enemies":"Transient","floor":48,"turns":5},{"damage":56,"enemies":"Spire Growth","floor":49,"turns":3},{"damage":38,"enemies":"downfall:Watcher","floor":50,"turns":6}],"seed_played":"2221795537889062972","potions_obtained":[{"floor":2,"key":"AttackPotion"},{"floor":13,"key":"ColorlessPotion"},{"floor":14,"key":"SteroidPotion"},{"floor":15,"key":"Dexterity Potion"},{"floor":21,"key":"ColorlessPotion"},{"floor":22,"key":"ColorlessPotion"},{"floor":22,"key":"champ:OpenerPotion"},{"floor":26,"key":"Block Potion"},{"floor":28,"key":"EssenceOfSteel"},{"floor":31,"key":"FearPotion"},{"floor":32,"key":"Energy Potion"},{"floor":38,"key":"Guardian:BlockOnCardUsePotion"},{"floor":46,"key":"champ:OpenerPotion"},{"floor":48,"key":"LiquidBronze"}],"is_trial":false,"path_per_floor":["R","M","?","M","$","?","T","M","E","R","E","?","M","M","M","B",null,"R","M","M","M","?","R","T","R","E","M","M","E","$","E","M","B",null,"R","?","?","M","$","R","T","E","R","$","E","M","E","M","M","B",null],"character_chosen":"THE_CHAMP","items_purchased":["champ:ArenaPreparation","champ:ShieldWall","champ:ArenaPreparation","Fruit Juice","champ:IronFortress","Bronze Scales","Impatience","champ:HoldFirm","Flash of Steel"],"campfire_rested":0,"item_purchase_floors":[5,30,30,30,39,39,39,44,44],"current_hp_per_floor":[90,90,90,88,88,57,57,57,49,49,48,100,100,99,99,36,100,100,100,100,99,99,99,99,99,99,98,98,86,86,70,70,46,105,105,105,105,105,105,105,105,94,94,105,105,99,105,69,55,67],"gold":116,"neow_bonus":"THREE_CARDS","is_daily":false,"chose_seed":false,"campfire_upgraded":8,"win_rate":0.0,"timestamp":1608707126,"path_taken":["R","?","?","M","$","?","T","M","E","R","E","?","M","M","M","BOSS","R","M","M","?","?","R","T","R","E","M","M","E","?","E","M","BOSS","R","?","?","M","?","R","T","E","R","?","E","M","E","?","M","BOSS"],"items_purchased_type":["Card","Card","Card","Potion","Card","Relic","Card","Card","Card"],"build_version":"2020-12-13","purchased_purges":2,"victory":true,"max_hp_per_floor":[90,90,90,90,90,90,90,90,90,90,90,100,100,100,100,100,100,100,100,100,100,100,100,100,100,100,100,100,100,100,105,105,105,105,105,105,105,105,105,105,105,105,105,105,105,105,105,105,105,105],"card_choices":[{"not_picked":["champ:PerfectedStrike","champ:CalledShot"],"picked":"champ:Backstep","floor":0},{"not_picked":["champ:ShieldSigil","champ:CrookedStrike"],"picked":"champ:BringItOn","floor":2},{"not_picked":["champ:Encircle","champ:FanOfKnives"],"picked":"champ:ShieldSigil","floor":4},{"not_picked":["champ:ShieldSigil","champ:ShieldWall"],"picked":"champ:BringItOn","floor":5},{"not_picked":["champ:BringItOn","champ:TornadoPunch"],"picked":"champ:ShieldThrow","floor":6},{"not_picked":["champ:DefensiveShout","champ:AdrenalArmor"],"picked":"champ:EnGarde","floor":8},{"not_picked":["champ:DefensiveShout","champ:CrookedStrike"],"picked":"champ:Circumvent","floor":9},{"not_picked":["champ:FightOn","champ:GladiatorStyle"],"picked":"champ:TornadoPunch","floor":11},{"not_picked":["champ:ShieldWall","champ:ViciousMockery","Dropkick"],"picked":"champ:FocusedDefense","floor":13},{"not_picked":["champ:BerserkersShout","champ:Encircle","Battle Trance"],"picked":"champ:RageSigil","floor":14},{"not_picked":["champ:DefensiveShout","champ:BringItOn","Twin Strike"],"picked":"champ:FalseCounter","floor":15},{"not_picked":["champ:HeavySlash","champ:SteelEdge","Impervious"],"picked":"champ:StrikeOfGenius","floor":16},{"not_picked":["champ:FocusedBerserking","champ:Encircle","True Grit"],"picked":"champ:StanceDance+1","floor":19},{"not_picked":["champ:BerserkersShout","champ:CrookedStrike+1","Warcry"],"picked":"champ:SwordSigil","floor":20},{"not_picked":["champ:BerserkerStyle","champ:ShieldSigil","Dropkick"],"picked":"champ:ArenaPreparation","floor":21},{"not_picked":["champ:Devastate","champ:PerfectedStrike","Headbutt"],"picked":"champ:RageSigil+1","floor":26},{"not_picked":["champ:GladiatorsShout","champ:CrookedStrike","champ:PerfectedStrike","Rupture"],"picked":"SKIP","floor":27},{"not_picked":["champ:Backstep+1","champ:FocusedGladiator","Dark Embrace"],"picked":"champ:DefensiveShout","floor":28},{"not_picked":["champ:FocusedBerserking","champ:SkillfulDodge","champ:RageSigil","Clash"],"picked":"SKIP","floor":29},{"not_picked":["champ:FocusedBerserking+1","champ:ViciousMockery","Cleave"],"picked":"champ:Balance","floor":30},{"not_picked":["champ:Haymaker","champ:EnragedBash+1","champ:BerserkersShout","Hemokinesis"],"picked":"SKIP","floor":31},{"not_picked":["champ:BerserkerStyle","champ:Riposte","champ:CrookedStrike+1","Shrug It Off"],"picked":"SKIP","floor":32},{"not_picked":["champ:FaceSlap","champ:StanceDance","Flex"],"picked":"champ:BringItOn","floor":38},{"not_picked":["champ:FocusedGladiator","champ:DefensiveStyle","Heavy Blade"],"picked":"champ:IronFortress+1","floor":39},{"not_picked":["champ:RapidStrikes","champ:AdrenalArmor+1","Limit Break"],"picked":"champ:BringItOn+1","floor":42},{"not_picked":["champ:Haymaker+1","champ:Encircle","Anger"],"picked":"champ:ShieldSigil+1","floor":44},{"not_picked":["champ:CrookedStrike+1","champ:TornadoPunch+1","Flex"],"picked":"champ:RecklessLeap+1","floor":45},{"not_picked":["champ:BerserkerStyle+1","champ:IgnorePain","champ:ShieldSigil","Headbutt"],"picked":"SKIP","floor":46},{"not_picked":["champ:BringItOn","champ:Encircle","Hemokinesis"],"picked":"champ:DefensiveShout+1","floor":47},{"not_picked":["champ:StanceDance","champ:FlashCut","Bloodletting"],"picked":"champ:ShieldWall","floor":48},{"not_picked":["champ:Haymaker+1","champ:Encircle","champ:PreciseThrust+1","Evolve"],"picked":"SKIP","floor":49}],"player_experience":492338,"relics_obtained":[{"floor":6,"key":"CloakClasp"},{"floor":7,"key":"Boot"},{"floor":9,"key":"Torii"},{"floor":11,"key":"hubris:DisguiseKit"},{"floor":17,"key":"hubris:ToyBattleship"},{"floor":17,"key":"InkBottle"},{"floor":17,"key":"Thread and Needle"},{"floor":24,"key":"Smiling Mask"},{"floor":26,"key":"Gremlin Horn"},{"floor":29,"key":"Anchor"},{"floor":31,"key":"Oddly Smooth Stone"},{"floor":41,"key":"Meat on the Bone"},{"floor":42,"key":"MawBank"},{"floor":45,"key":"hubris:MysteriousPyramids"},{"floor":47,"key":"Orichalcum"}],"event_choices":[{"damage_healed":0,"gold_gain":0,"player_choice":"Got Potions","damage_taken":0,"max_hp_gain":0,"max_hp_loss":0,"event_name":"Lab","floor":22,"gold_loss":0},{"cards_removed":["champ:Execute"],"damage_healed":0,"gold_gain":0,"player_choice":"Removed Attack","damage_taken":0,"max_hp_gain":0,"max_hp_loss":0,"event_name":"Falling","floor":36,"gold_loss":0}],"is_beta":false,"boss_relics":[{"not_picked":["hubris:Backtick","Astrolabe"],"picked":"Calling Bell"},{"not_picked":["Busted Crown","Tiny House"],"picked":"Runic Dome"}],"items_purged_floors":[5,44],"is_endless":false,"potions_floor_spawned":[2,13,14,15,21,26,28,31,32,38,46,47,48,49],"ascension_level":1}}