{"host":"8xt6qtpg1rkermdd","time":1608694717,"event":{"mods":["AchievementEnabler","Astrologer","Bard","BaseMod","Downfall","Hermit","Hubris","Jorbs\u0027s Wanderer Trilogy","Marisa????????","Minty Spire (QoL Compilation)","Replay The Spire","Shade Mod","StSLib","The Blackbeard","The Bladedancer","The Bug Knight","The Construct","The Cursed","The Disciple","The Dragon Tamer","The Gatherer","The Hayseed","The Marked","The Necromancer","The Runesmith","The Servant 0.9.4","TheArtist"],"gold_per_floor":[118,393,405,416,436,436,452,452,452,452,452,54,54,72,72,170,170,186,206,223,240,240,240,240,290,336,353,368,368,382,34,34,34,34],"floor_reached":33,"playtime":9289,"items_purged":[],"score":241,"play_id":"835a8f9e-b246-4275-b9ae-9c1a9e42194f","local_time":"20201222213837","is_ascension_mode":false,"campfire_choices":[{"data":"TheCursedMod:CircleOfFlame","floor":6,"key":"SMITH"},{"data":"TheCursedMod:SmokeScreen","floor":8,"key":"SMITH"},{"data":"TheCursedMod:CursedWand","floor":11,"key":"SMITH"},{"floor":15,"key":"REST"},{"floor":23,"key":"REST"},{"floor":29,"key":"REST"},{"floor":32,"key":"REST"}],"circlet_count":0,"master_deck":["TheCursedMod:Strike_TheCursed","TheCursedMod:Strike_TheCursed","TheCursedMod:Strike_TheCursed","TheCursedMod:Defend_TheCursed","TheCursedMod:Defend_TheCursed","TheCursedMod:Defend_TheCursed","TheCursedMod:Defend_TheCursed","TheCursedMod:CursedWand+1","TheCursedMod:CleanUpWorkshop","TheCursedMod:Dregs","TheCursedMod:CircleOfFlame+1","Regret","TheCursedMod:CircleOfCorruption","TheCursedMod:SmokeScreen+1","TheCursedMod:Wield","TheCursedMod:CursedBlade","TheCursedMod:AbyssShockwave","TheCursedMod:CircleOfAbyss+1","TheCursedMod:CursedMace","TheCursedMod:CollectTribute","TheCursedMod:WearCloak+1","TheCursedMod:SoulCrush","TheCursedMod:CursedShiv","TheCursedMod:Obscuration+1","Hallucinations","TheCursedMod:CursedRelics","TheCursedMod:FleshFromBone+1","TheCursedMod:CircleOfBlood+1","TheCursedMod:CircleOfCorruption+1","TheCursedMod:ReleasedStrength+1","TheCursedMod:CursedStaff"],"relics":["TheCursedMod:BlackMagic101","Toxic Egg 2","ReplayTheSpireMod:Ninjato","Centennial Puzzle","Black Star","Ring of Hypnosis","Anchor","Lantern"],"acts_visited":["Exordium","TheCity"],"potions_floor_usage":[],"damage_taken":[{"damage":0,"enemies":"2 Louse","floor":1,"turns":3},{"damage":6,"enemies":"Cultist","floor":3,"turns":5},{"damage":1,"enemies":"Jaw Worm","floor":4,"turns":3},{"damage":14,"enemies":"Large Slime","floor":5,"turns":7},{"damage":3,"enemies":"2 Fungi Beasts","floor":7,"turns":4},{"damage":0,"enemies":"Large Slime","floor":14,"turns":4},{"damage":15,"enemies":"Fading Forest","floor":16,"turns":11},{"damage":30,"enemies":"2 Thieves","floor":18,"turns":5},{"damage":27,"enemies":"Snake Plant","floor":19,"turns":4},{"damage":2,"enemies":"Cultist and Chosen","floor":20,"turns":4},{"damage":15,"enemies":"Centurion and Healer","floor":21,"turns":6},{"damage":4,"enemies":"Chosen and Byrds","floor":27,"turns":5},{"damage":0,"enemies":"Shelled Parasite and Fungi","floor":28,"turns":6},{"damage":15,"enemies":"Snecko","floor":30,"turns":6},{"damage":69,"enemies":"hubris:MusketHawk","floor":33,"turns":9}],"seed_played":"8386378855287384003","potions_obtained":[{"floor":1,"key":"Doom Potion"},{"floor":5,"key":"construct:ShiftPotion"},{"floor":7,"key":"GamblersBrew"},{"floor":18,"key":"FearPotion"},{"floor":21,"key":"SkillPotion"}],"is_trial":false,"path_per_floor":["M","?","M","M","M","R","M","R","T","?","R","$","T","M","R","B",null,"M","M","M","M","?","R","?","?","T","M","M","R","M","$","R","B"],"character_chosen":"THE_CURSED","items_purchased":["TheCursedMod:AbyssShockwave","ReplayTheSpireMod:Ninjato","TheCursedMod:CircleOfAbyss+1","Lantern","TheCursedMod:CircleOfCorruption+1","TheCursedMod:ReleasedStrength+1","TheCursedMod:CursedStaff"],"campfire_rested":4,"item_purchase_floors":[12,12,12,31,31,31,31],"current_hp_per_floor":[82,82,76,75,61,61,58,58,58,58,58,58,58,58,82,75,82,52,25,23,8,8,32,32,32,32,28,28,52,37,37,61,0,0],"gold":34,"neow_bonus":"TEN_PERCENT_HP_BONUS","is_daily":false,"chose_seed":false,"campfire_upgraded":3,"win_rate":0.0,"timestamp":1608694717,"path_taken":["M","?","M","M","M","R","?","R","T","?","R","$","?","M","R","BOSS","M","M","M","M","?","R","?","?","T","M","?","R","M","$","R","BOSS"],"items_purchased_type":["Card","Relic","Card","Relic","Card","Card","Card"],"build_version":"2020-12-13","purchased_purges":0,"victory":false,"max_hp_per_floor":[82,82,82,82,82,82,82,82,82,82,82,82,82,82,82,82,82,82,82,82,82,82,82,82,82,82,82,82,82,82,82,82,82,82],"card_choices":[{"not_picked":["TheCursedMod:AshesToAshes","TheCursedMod:Wield"],"picked":"TheCursedMod:CircleOfFlame","floor":1},{"not_picked":["TheCursedMod:BlessingInDisguise","TheCursedMod:CircleOfWindfury"],"picked":"TheCursedMod:CircleOfCorruption","floor":3},{"not_picked":["TheCursedMod:SurpriseAttack","TheCursedMod:CircleOfFlame"],"picked":"TheCursedMod:SmokeScreen","floor":4},{"not_picked":["TheCursedMod:SmokeScreen","TheCursedMod:Stretching"],"picked":"TheCursedMod:Wield","floor":5},{"not_picked":["TheCursedMod:ManaBullet","TheCursedMod:DoubleShield"],"picked":"TheCursedMod:CursedBlade","floor":7},{"not_picked":["TheCursedMod:VitalStrike","TheCursedMod:StingEye"],"picked":"TheCursedMod:CursedMace","floor":14},{"not_picked":["TheCursedMod:StunningStrike","TheCursedMod:ManaCirculation"],"picked":"TheCursedMod:CollectTribute","floor":16},{"not_picked":["TheCursedMod:SurpriseAttack","TheCursedMod:ReleasedKnowledge+1"],"picked":"TheCursedMod:WearCloak+1","floor":18},{"not_picked":["TheCursedMod:CircleOfAmplification+1","TheCursedMod:Wield+1"],"picked":"TheCursedMod:SoulCrush","floor":19},{"not_picked":["TheCursedMod:Wield","TheCursedMod:SpitefulStrike"],"picked":"TheCursedMod:CursedShiv","floor":20},{"not_picked":["TheCursedMod:TacticalStrike","TheCursedMod:VitalStrike"],"picked":"TheCursedMod:Obscuration+1","floor":21},{"not_picked":["TheCursedMod:HellsGateOpen","TheCursedMod:SpitefulPray+1"],"picked":"TheCursedMod:CursedRelics","floor":27},{"not_picked":["TheCursedMod:VitalStrike","TheCursedMod:Torture+1"],"picked":"TheCursedMod:FleshFromBone+1","floor":28},{"not_picked":["TheCursedMod:ReleasedKnowledge+1","TheCursedMod:Obscuration+1"],"picked":"TheCursedMod:CircleOfBlood+1","floor":30}],"player_experience":5188,"relics_obtained":[{"floor":9,"key":"Toxic Egg 2"},{"floor":13,"key":"Centennial Puzzle"},{"floor":22,"key":"Ring of Hypnosis"},{"floor":26,"key":"Anchor"}],"event_choices":[{"damage_healed":0,"gold_gain":275,"player_choice":"Desecrate","damage_taken":0,"max_hp_gain":0,"max_hp_loss":0,"event_name":"Golden Shrine","floor":2,"gold_loss":0,"cards_obtained":["Regret"]},{"cards_removed":["TheCursedMod:Strike_TheCursed"],"damage_healed":0,"gold_gain":0,"player_choice":"Purged","damage_taken":0,"max_hp_gain":0,"max_hp_loss":0,"event_name":"Purifier","floor":10,"gold_loss":0},{"damage_healed":0,"gold_gain":100,"player_choice":"Bet on Murderer","damage_taken":0,"max_hp_gain":0,"max_hp_loss":0,"event_name":"The Joust","floor":25,"gold_loss":50}],"is_beta":false,"boss_relics":[{"not_picked":["ReplayTheSpireMod:DimensionalGlitch","hubris:Backtick"],"picked":"Black Star"}],"items_purged_floors":[],"is_endless":false,"potions_floor_spawned":[1,5,7,18,21,27],"killed_by":"hubris:MusketHawk","ascension_level":0}}