{"host":"vc42n08di9czm3e7","time":1608746920,"event":{"mods":["AchievementEnabler","Act Like it!","BaseMod","Colored Powertips","Downfall","Friendly Minions","GifTheSpireLib","Jorbs\u0027s Wanderer Trilogy","Minty Spire (QoL Compilation)","Rare Cards Sparkle","StSLib","The Bug Knight"],"gold_per_floor":[99,112,132,149,49,67,67,67,93,127,127,154,154,176,201,313,363,363,385,385,409,409,419,419,419,419,419,419],"floor_reached":26,"playtime":1411,"items_purged":[],"score":262,"play_id":"931cb234-20c7-440e-9a40-0ca42220d2ce","local_time":"20201223130840","is_ascension_mode":false,"campfire_choices":[{"data":"hexamod:Sear","floor":1,"key":"SMITH"},{"data":"expansioncontent:DefensiveStance","floor":11,"key":"SMITH"},{"data":"hexamod:Hexaguard","floor":13,"key":"SMITH"},{"data":"hexamod:FastForward","floor":18,"key":"SMITH"},{"floor":25,"key":"REST"}],"circlet_count":0,"master_deck":["hexamod:Strike","hexamod:Strike","hexamod:Strike","hexamod:Defend","hexamod:Defend","hexamod:Defend","hexamod:Defend","hexamod:Sear+1","hexamod:Float","hexamod:Hexaguard+1","hexamod:Hexaguard","hexamod:NightmareStrike","hexamod:SecondSeal","expansioncontent:DefensiveStance+1","hexamod:FastForward+1","hexamod:FastForward+1","hexamod:GhostShield","hexamod:ExtraCrispy","hexamod:SpectralAdrenaline","hexamod:FourthSeal","hexamod:StepThrough","hexamod:Haunt"],"relics":["hexamod:SpiritBrand","Shuriken","Bottled Flame","Tiny House","Bag of Marbles"],"acts_visited":["Exordium","TheCity"],"potions_floor_usage":[16],"damage_taken":[{"damage":0,"enemies":"Jaw Worm","floor":2,"turns":3},{"damage":0,"enemies":"2 Louse","floor":3,"turns":4},{"damage":0,"enemies":"Small Slimes","floor":4,"turns":4},{"damage":0,"enemies":"downfall:FleeingMerchant","floor":5,"turns":4},{"damage":0,"enemies":"Blue Slaver","floor":6,"turns":6},{"damage":5,"enemies":"Exordium Thugs","floor":9,"turns":6},{"damage":20,"enemies":"3 Sentries","floor":10,"turns":11},{"damage":14,"enemies":"3 Louse","floor":12,"turns":5},{"damage":0,"enemies":"Large Slime","floor":14,"turns":8},{"damage":0,"enemies":"Red Slaver","floor":15,"turns":5},{"damage":0,"enemies":"downfall:Watcher","floor":16,"turns":13},{"damage":2,"enemies":"Shell Parasite","floor":19,"turns":7},{"damage":31,"enemies":"Snecko","floor":21,"turns":7},{"damage":29,"enemies":"Centurion and Healer","floor":23,"turns":15},{"damage":25,"enemies":"Sentry and Sphere","floor":26,"turns":5}],"seed_played":"-8761614927247233863","potions_obtained":[{"floor":2,"key":"champ:CounterPotion"},{"floor":9,"key":"EssenceOfSteel"},{"floor":12,"key":"SmokeBomb"},{"floor":16,"key":"Fruit Juice"}],"is_trial":false,"path_per_floor":["R","M","M","M","$","M","T","?","M","E","R","M","R","M","M","B",null,"R","M","?","M","?","M","T","R","M"],"character_chosen":"THE_SPIRIT","items_purchased":["expansioncontent:DefensiveStance"],"campfire_rested":1,"item_purchase_floors":[5],"current_hp_per_floor":[77,77,77,77,77,77,77,77,72,52,52,38,38,38,38,38,82,82,80,80,49,49,20,20,44,19,19,19],"gold":419,"neow_bonus":"TEN_PERCENT_HP_BONUS","is_daily":false,"chose_seed":false,"campfire_upgraded":4,"win_rate":0.0,"timestamp":1608746920,"path_taken":["R","M","M","M","$","M","T","?","M","E","R","M","R","M","M","BOSS","R","M","?","M","?","M","T","R","M"],"items_purchased_type":["Card"],"build_version":"2020-12-13","purchased_purges":0,"victory":false,"max_hp_per_floor":[77,77,77,77,77,77,77,77,77,77,77,77,77,77,77,77,82,82,82,82,82,82,82,82,82,82,82,82],"card_choices":[{"not_picked":["hexamod:SpectralAdrenaline","hexamod:RainOfEmbers"],"picked":"hexamod:Hexaguard","floor":2},{"not_picked":["hexamod:AdvancingGuard","hexamod:SwordOfDarkness"],"picked":"hexamod:Hexaguard","floor":3},{"not_picked":["hexamod:ThermalTransfer","hexamod:BurningTouch"],"picked":"hexamod:NightmareStrike","floor":4},{"not_picked":["hexamod:HauntingEcho","hexamod:BacktrackSmack"],"picked":"hexamod:SecondSeal","floor":5},{"not_picked":["hexamod:SearingWound","hexamod:ChargedBarrage"],"picked":"hexamod:FastForward","floor":6},{"not_picked":["hexamod:ThermalTransfer","hexamod:SwordOfDarkness"],"picked":"hexamod:FastForward","floor":9},{"not_picked":["hexamod:NightmareStrike","hexamod:PhantomCloak"],"picked":"hexamod:GhostShield","floor":10},{"not_picked":["hexamod:ShieldOfDarkness","hexamod:AdvancingGuard"],"picked":"hexamod:ExtraCrispy","floor":12},{"not_picked":["hexamod:ThermalTransfer","hexamod:Rewind"],"picked":"hexamod:SpectralAdrenaline","floor":14},{"not_picked":["hexamod:PhantomFireball","hexamod:SpectersWail"],"picked":"hexamod:FourthSeal","floor":15},{"not_picked":["hexamod:ShieldOfDarkness","hexamod:DynamicBlow"],"picked":"hexamod:StepThrough","floor":17},{"not_picked":["hexamod:SwordOfDarkness","hexamod:HeatShield","hexamod:BurningTouch+1"],"picked":"SKIP","floor":19},{"not_picked":["hexamod:SecondSeal","hexamod:SpectralAdrenaline+1","hexamod:GhostOfSpirePast"],"picked":"SKIP","floor":21},{"not_picked":["hexamod:GhostOfSpirePast+1","hexamod:BacktrackSmack"],"picked":"hexamod:Haunt","floor":23}],"player_experience":167874,"relics_obtained":[{"floor":7,"key":"Shuriken"},{"floor":10,"key":"Bottled Flame"},{"floor":24,"key":"Bag of Marbles"}],"event_choices":[],"is_beta":false,"boss_relics":[{"not_picked":["Cursed Key","Runic Dome"],"picked":"Tiny House"}],"items_purged_floors":[],"is_endless":false,"potions_floor_spawned":[2,9,12,15,19,23],"killed_by":"Sentry and Sphere","ascension_level":0}}