{"host":"30jsp143e4v19aze","time":1608725870,"event":{"mods":["BaseMod","Colored Map","Colored Powertips","Curses Come First","DeckTracker","Highlight Path","Minty Spire (QoL Compilation)","Quick Restart","Relic Stats","StSLib"],"gold_per_floor":[109,121,121,121,121,121,155,155,155,186,207,232,271,23,23,143,143,156,181,280,190,214,214,214,21,48,72,111,132,158,197,197,321,321,339,357,425,450,30,30,69,69,69,69,132,166,0,31,31,31],"floor_reached":51,"playtime":3018,"items_purged":["Shame"],"score":1072,"play_id":"46496b9d-7258-49be-b16e-54d647775d46","local_time":"20201223131750","is_ascension_mode":true,"campfire_choices":[{"data":"Dualcast","floor":6,"key":"SMITH"},{"data":"Defragment","floor":8,"key":"SMITH"},{"floor":15,"key":"REST"},{"data":"Defragment","floor":23,"key":"SMITH"},{"floor":32,"key":"REST"},{"data":"Loop","floor":40,"key":"SMITH"},{"data":"Biased Cognition","floor":42,"key":"SMITH"},{"floor":49,"key":"REST"}],"circlet_count":0,"master_deck":["Strike_B","Strike_B","Strike_B","Defend_B","Defend_B","Defend_B","Zap","Dualcast+1","Conserve Battery+1","Compile Driver","Meteor Strike","Defragment+1","Coolheaded+1","Reprogram+1","Conserve Battery+1","Double Energy+1","Defragment+1","Redo+1","Core Surge","Turbo+1","Seek+1","Consume+1","Blizzard","Biased Cognition+1","Doom and Gloom+1","Doom and Gloom+1","Coolheaded+1","Loop+1","White Noise+1","Chaos+1"],"relics":["FrozenCore","NeowsBlessing","Golden Idol","Boot","Bag of Marbles","Toxic Egg 2","Happy Flower","Potion Belt","Anchor","Runic Capacitor","Strawberry","Letter Opener","Juzu Bracelet","White Beast Statue","Nuclear Battery","Calipers","ClockworkSouvenir","Art of War","DataDisk","Pocketwatch","Dream Catcher","Red Mask","Bronze Scales"],"acts_visited":["Exordium","TheCity","TheBeyond"],"potions_floor_usage":[13,13,16,19,28,29,31,33,33,37,38,38,50],"damage_taken":[{"damage":0,"enemies":"Small Slimes","floor":1,"turns":1},{"damage":0,"enemies":"2 Louse","floor":2,"turns":1},{"damage":0,"enemies":"Lagavulin","floor":7,"turns":1},{"damage":26,"enemies":"3 Sentries","floor":10,"turns":7},{"damage":0,"enemies":"Cultist","floor":11,"turns":2},{"damage":12,"enemies":"Blue Slaver","floor":12,"turns":3},{"damage":4,"enemies":"Lagavulin","floor":13,"turns":6},{"damage":23,"enemies":"Slime Boss","floor":16,"turns":10},{"damage":16,"enemies":"Chosen","floor":18,"turns":7},{"damage":5,"enemies":"Shell Parasite","floor":19,"turns":8},{"damage":11,"enemies":"Snake Plant","floor":22,"turns":5},{"damage":0,"enemies":"Cultist and Chosen","floor":27,"turns":6},{"damage":29,"enemies":"Slavers","floor":28,"turns":8},{"damage":5,"enemies":"Shelled Parasite and Fungi","floor":29,"turns":8},{"damage":2,"enemies":"Book of Stabbing","floor":31,"turns":7},{"damage":35,"enemies":"Automaton","floor":33,"turns":14},{"damage":5,"enemies":"Orb Walker","floor":35,"turns":5},{"damage":4,"enemies":"3 Shapes","floor":36,"turns":7},{"damage":9,"enemies":"2 Orb Walkers","floor":37,"turns":5},{"damage":20,"enemies":"3 Darklings","floor":38,"turns":4},{"damage":0,"enemies":"Giant Head","floor":41,"turns":8},{"damage":0,"enemies":"Mind Bloom Boss Battle","floor":45,"turns":4},{"damage":1,"enemies":"Reptomancer","floor":46,"turns":6},{"damage":0,"enemies":"Nemesis","floor":48,"turns":5},{"damage":0,"enemies":"Awakened One","floor":50,"turns":10}],"seed_played":"5927734030445441247","potions_obtained":[{"floor":10,"key":"FearPotion"},{"floor":11,"key":"SpeedPotion"},{"floor":12,"key":"Swift Potion"},{"floor":13,"key":"BlessingOfTheForge"},{"floor":16,"key":"FocusPotion"},{"floor":27,"key":"Ancient Potion"},{"floor":28,"key":"DistilledChaos"},{"floor":33,"key":"Swift Potion"},{"floor":35,"key":"FearPotion"},{"floor":36,"key":"FearPotion"},{"floor":37,"key":"SkillPotion"},{"floor":38,"key":"SpeedPotion"},{"floor":41,"key":"ColorlessPotion"},{"floor":44,"key":"SpeedPotion"},{"floor":44,"key":"BlessingOfTheForge"}],"is_trial":false,"path_per_floor":["M","M","?","?","?","R","E","R","T","E","M","M","E","$","R","B",null,"M","M","?","?","M","R","?","$","T","M","E","M","T","E","R","B",null,"M","M","?","M","$","R","E","R","T","?","?","E","?","E","R","B",null],"character_chosen":"DEFECT","items_purchased":["Double Energy+1","Defragment","Redo+1","Weak Potion","Runic Capacitor","Explosive Potion","ClockworkSouvenir","Coolheaded+1","Loop","Regen Potion"],"campfire_rested":3,"item_purchase_floors":[14,14,14,14,25,25,39,39,39,39],"current_hp_per_floor":[75,75,57,50,50,50,50,50,50,24,24,12,8,8,30,7,75,59,54,54,54,43,43,43,43,50,50,21,16,16,14,38,3,82,77,73,64,44,44,44,44,44,44,44,44,43,43,43,67,82],"gold":31,"neow_bonus":"THREE_ENEMY_KILL","is_daily":false,"chose_seed":false,"campfire_upgraded":5,"win_rate":0.0,"timestamp":1608725870,"path_taken":["M","M","?","?","?","R","E","R","T","E","M","M","E","$","R","BOSS","M","?","?","?","?","R","?","$","T","M","E","M","?","E","R","BOSS","M","M","?","M","$","R","E","R","T","?","?","E","?","E","R","BOSS"],"items_purchased_type":["Card","Card","Card","Potion","Relic","Potion","Relic","Card","Card","Potion"],"build_version":"2020-12-22","purchased_purges":1,"victory":true,"max_hp_per_floor":[75,75,75,75,75,75,75,75,75,75,75,75,75,75,75,75,75,75,75,75,75,75,75,75,75,82,82,82,82,82,82,82,82,82,82,82,82,82,82,82,82,82,82,82,82,82,82,82,82,82],"relic_stats":{"Dream Catcher":1,"Happy Flower":[46],"counters":[25,148],"Golden Idol":203,"Bronze Scales":[48],"Juzu Bracelet":1,"Art of War":[4],"Letter Opener":[225],"Boot":[24],"obtain_stats":[{"Potion Belt":13,"Calipers":37,"NeowsBlessing":0,"Happy Flower":10,"Golden Idol":3,"Runic Capacitor":25,"Juzu Bracelet":30,"Letter Opener":28,"Boot":4,"White Beast Statue":31,"FrozenCore":17,"Nuclear Battery":34,"ClockworkSouvenir":39,"Anchor":24,"DataDisk":43,"Dream Catcher":46,"Strawberry":26,"Bronze Scales":48,"Bag of Marbles":7,"Art of War":41,"Red Mask":47,"Toxic Egg 2":9,"Cracked Core":0,"Pocketwatch":45},{"Potion Belt":7,"Calipers":19,"NeowsBlessing":0,"Happy Flower":4,"Golden Idol":2,"Runic Capacitor":11,"Juzu Bracelet":14,"Letter Opener":13,"Boot":2,"White Beast Statue":15,"FrozenCore":8,"Nuclear Battery":16,"ClockworkSouvenir":20,"Anchor":11,"DataDisk":21,"Dream Catcher":23,"Strawberry":11,"Bronze Scales":24,"Bag of Marbles":3,"Art of War":21,"Red Mask":23,"Toxic Egg 2":3,"Cracked Core":0,"Pocketwatch":22},{"Potion Belt":21,"Calipers":111,"NeowsBlessing":0,"Happy Flower":10,"Golden Idol":2,"Runic Capacitor":51,"Juzu Bracelet":73,"Letter Opener":65,"Boot":2,"White Beast Statue":80,"FrozenCore":31,"Nuclear Battery":94,"ClockworkSouvenir":115,"Anchor":51,"DataDisk":123,"Dream Catcher":133,"Strawberry":51,"Bronze Scales":138,"Bag of Marbles":3,"Art of War":123,"Red Mask":133,"Toxic Egg 2":3,"Cracked Core":0,"Pocketwatch":127}],"FrozenCore":[47],"Pocketwatch":[24]},"card_choices":[{"not_picked":["Redo","Gash"],"picked":"Conserve Battery","floor":1},{"not_picked":["Melter","FTL"],"picked":"Compile Driver","floor":2},{"not_picked":["Hologram","Gash"],"picked":"Defragment","floor":7},{"not_picked":["Conserve Battery+1","Rebound"],"picked":"Coolheaded+1","floor":10},{"not_picked":["Rebound","Go for the Eyes","All For One"],"picked":"SKIP","floor":11},{"not_picked":["Heatsinks","Rebound"],"picked":"Reprogram+1","floor":12},{"not_picked":["Rebound","Go for the Eyes"],"picked":"Conserve Battery+1","floor":13},{"not_picked":["Machine Learning","Rainbow+1"],"picked":"Core Surge","floor":16},{"not_picked":["Storm+1","Go for the Eyes","Coolheaded+1"],"picked":"SKIP","floor":18},{"not_picked":["Redo+1","Compile Driver"],"picked":"Turbo+1","floor":19},{"not_picked":["Conserve Battery+1","Loop"],"picked":"Seek+1","floor":22},{"not_picked":["Cold Snap","Leap+1","Streamline"],"picked":"SKIP","floor":27},{"not_picked":["Lockon+1","Sweeping Beam","Stack+1"],"picked":"SKIP","floor":28},{"not_picked":["Loop","Coolheaded+1"],"picked":"Consume+1","floor":29},{"not_picked":["Conserve Battery+1","Beam Cell"],"picked":"Blizzard","floor":31},{"not_picked":["Meteor Strike","Hyperbeam"],"picked":"Biased Cognition","floor":33},{"not_picked":["Tempest+1","Conserve Battery+1"],"picked":"Doom and Gloom+1","floor":35},{"not_picked":["Sweeping Beam+1","Sunder"],"picked":"Doom and Gloom+1","floor":36},{"not_picked":["Leap+1","Genetic Algorithm+1","Conserve Battery+1"],"picked":"SKIP","floor":38},{"not_picked":["Genetic Algorithm+1","Compile Driver","Streamline"],"picked":"SKIP","floor":41},{"not_picked":["Genetic Algorithm+1","Double Energy+1"],"picked":"White Noise+1","floor":46},{"not_picked":["Steam+1","Static Discharge+1","Go for the Eyes"],"picked":"SKIP","floor":48},{"not_picked":["Reprogram+1","Conserve Battery+1"],"picked":"Chaos+1","floor":49}],"player_experience":3083943,"relics_obtained":[{"floor":7,"key":"Bag of Marbles"},{"floor":9,"key":"Toxic Egg 2"},{"floor":10,"key":"Happy Flower"},{"floor":13,"key":"Potion Belt"},{"floor":26,"key":"Strawberry"},{"floor":28,"key":"Letter Opener"},{"floor":30,"key":"Juzu Bracelet"},{"floor":31,"key":"White Beast Statue"},{"floor":37,"key":"Calipers"},{"floor":41,"key":"Art of War"},{"floor":43,"key":"DataDisk"},{"floor":45,"key":"Pocketwatch"},{"floor":46,"key":"Dream Catcher"},{"floor":48,"key":"Bronze Scales"}],"event_choices":[{"damage_healed":0,"gold_gain":0,"player_choice":"Take Damage","damage_taken":18,"relics_obtained":["Golden Idol"],"max_hp_gain":0,"max_hp_loss":0,"event_name":"Golden Idol","floor":3,"gold_loss":0},{"damage_healed":0,"gold_gain":0,"player_choice":"Success","damage_taken":7,"relics_obtained":["Boot"],"max_hp_gain":0,"max_hp_loss":0,"event_name":"Scrap Ooze","floor":4,"gold_loss":0},{"damage_healed":0,"gold_gain":0,"cards_transformed":["Defend_B"],"player_choice":"Transformed","damage_taken":0,"max_hp_gain":0,"max_hp_loss":0,"event_name":"Transmorgrifier","floor":5,"gold_loss":0,"cards_obtained":["Meteor Strike"]},{"damage_healed":0,"gold_gain":99,"player_choice":"Stole From Cult","damage_taken":0,"max_hp_gain":0,"max_hp_loss":0,"event_name":"Nest","floor":20,"gold_loss":0},{"cards_removed":["Strike_B"],"damage_healed":0,"gold_gain":0,"player_choice":"Upgrade and Remove","damage_taken":0,"max_hp_gain":0,"max_hp_loss":0,"event_name":"Designer","floor":21,"gold_loss":90,"cards_upgraded":["Conserve Battery"]},{"damage_healed":0,"gold_gain":0,"player_choice":"Stole Relic","damage_taken":0,"relics_obtained":["Anchor"],"max_hp_gain":0,"max_hp_loss":0,"event_name":"Addict","floor":24,"gold_loss":0,"cards_obtained":["Shame"]},{"damage_healed":0,"gold_gain":0,"player_choice":"Fight","damage_taken":0,"max_hp_gain":0,"max_hp_loss":0,"event_name":"Mysterious Sphere","floor":37,"gold_loss":0},{"damage_healed":0,"gold_gain":0,"player_choice":"Got Potions","damage_taken":0,"max_hp_gain":0,"max_hp_loss":0,"event_name":"Lab","floor":44,"gold_loss":0},{"damage_healed":0,"gold_gain":0,"player_choice":"Fight","damage_taken":0,"max_hp_gain":0,"max_hp_loss":0,"event_name":"MindBloom","floor":45,"gold_loss":0},{"damage_healed":0,"gold_gain":0,"player_choice":"Paid","damage_taken":0,"relics_obtained":["Red Mask"],"max_hp_gain":0,"max_hp_loss":0,"event_name":"Tomb of Lord Red Mask","floor":47,"gold_loss":166}],"is_beta":false,"boss_relics":[{"not_picked":["Empty Cage","Tiny House"],"picked":"FrozenCore"},{"not_picked":["Fusion Hammer","Runic Dome"],"picked":"Nuclear Battery"}],"items_purged_floors":[39],"is_endless":false,"potions_floor_spawned":[10,11,12,13,16,27,28,33,35,36,37,38,41,45,46,48],"ascension_level":3}}