{"host":"kos1s9q8ffr8fqos","time":1608766517,"event":{"mods":["2.2 Compatiblity","AchievementEnabler","AlwaysNeverKeys","BaseMod","Bestiary","Better Altar","Better Match","Better Note","Better Sensory Stone","Better Skull","Better Third Choice","Better Vampires","Colored Map","Colored Powertips","Curses Come First","Downfall","Hermit","Infinite Spire","Jorbs\u0027s Wanderer Trilogy","Minty Spire (QoL Compilation)","Quick Restart","Random Character Button","Relic Stats","Replay The Spire","StSLib","The Blue Laboratory","The Disciple","The Hierophant"],"gold_per_floor":[99,117,133,146,51,67,67,67,67,84,94,104,130,130,147,8,19,119,119,119,135,148,343,361,373,397,422,433,433,448,483,483,513,532,627,627,627,641,741,88,88,120,120,155,68,68,82,132,57,5,24,24],"floor_reached":53,"playtime":4329,"items_purged":["Slimebound:Defend_Slimebound","Slimebound:Repurpose"],"score":846,"play_id":"d26241bf-1039-4071-b6d4-f2ea5d988465","local_time":"20201223173517","is_ascension_mode":true,"campfire_choices":[{"data":"Slimebound:CorrosiveSpit","floor":1.0,"key":"SMITH"},{"floor":20.0,"key":"DIG"},{"data":"Slimebound:DouseInSlime","floor":29.0,"key":"SMITH"},{"data":"Slimebound:Gluttony","floor":32.0,"key":"SMITH"},{"data":"Slimebound:Replication","floor":37.0,"key":"SMITH"},{"data":"Slimebound:DuplicatedForm","floor":46,"key":"SMITH"},{"data":"Slimebound:RollThrough","floor":49,"key":"SMITH"}],"circlet_count":0,"master_deck":["Slimebound:Tackle","Slimebound:Defend_Slimebound","Slimebound:Defend_Slimebound","Slimebound:Defend_Slimebound+1","Slimebound:Split+1","Slimebound:CorrosiveSpit+1","Slimebound:RainOfGoop","Slimebound:GoopSpray","Slimebound:LeechEnergy","Slimebound:Gluttony+1","Slimebound:Replication+1","Slimebound:LeadByExample","Slimebound:SplitMire","Slimebound:Grow","Slimebound:Recollect","Slimebound:Dissolve","Slimebound:GoopTackle","Slimebound:GrowthPunch","Slimebound:DouseInSlime+1","Slimebound:Equalize","Slimebound:Equalize","Slimebound:Recollect","Slimebound:RollThrough+1","Slimebound:PressTheAttack+1","Slimebound:SamplingLick+1","Slimebound:FinishingTackle+1","Slimebound:SpikyOuterGoop","Slimebound:GrowthPunch+1","Slimebound:SlimeSpikes","Slimebound:Recycling","Slimebound:SplitAcid+1","Slimebound:SamplingLick+1","expansioncontent:StudyTheSpire","Slimebound:HauntingLick","Slimebound:SlimeSpikes+1","Slimebound:MegaLick","Slimebound:Grow+1","Slimebound:DuplicatedForm+1","Slimebound:Overexert","Slimebound:Repurpose","Slimebound:SplitBruiser"],"relics":["Slimebound:AbsorbEndCombat","infinitespire:WardingShard","Regal Pillow","Coffee Dripper","Replay:WaspNest","Bag of Marbles","Du-Vu Doll","Torii","Replay:Wax Seal","Empty Cage","Medical Kit","infinitespire:FocusingShard","Bottled Flame","Vajra","Eternal Feather","Durian","downfall:HeartBlessingGreen"],"acts_visited":["Exordium","TheCity","TheBeyond"],"potions_floor_usage":[52,52,52],"damage_taken":[{"damage":10.0,"enemies":"Cultist","floor":2.0,"turns":3.0},{"damage":19.0,"enemies":"infinitespire:Voidling","floor":3.0,"turns":3.0},{"damage":7.0,"enemies":"Small Slimes","floor":4.0,"turns":3.0},{"damage":13.0,"enemies":"downfall:FleeingMerchant","floor":5.0,"turns":4.0},{"damage":8.0,"enemies":"3 Louse","floor":6.0,"turns":2.0},{"damage":5.0,"enemies":"Red Slaver","floor":10.0,"turns":4.0},{"damage":15.0,"enemies":"Exordium Thugs","floor":11.0,"turns":4.0},{"damage":13.0,"enemies":"Blue Slaver","floor":12.0,"turns":2.0},{"damage":24.0,"enemies":"Gremlin Nob","floor":13.0,"turns":4.0},{"damage":8.0,"enemies":"Gremlin Gang","floor":15.0,"turns":3.0},{"damage":19.0,"enemies":"downfall:FleeingMerchant","floor":16.0,"turns":4.0},{"damage":14.0,"enemies":"2 Fungi Beasts","floor":17.0,"turns":3.0},{"damage":71.0,"enemies":"downfall:Defect","floor":18.0,"turns":6.0},{"damage":13.0,"enemies":"Spheric Guardian","floor":21.0,"turns":4.0},{"damage":36.0,"enemies":"Sentry and Sphere","floor":22.0,"turns":5.0},{"damage":22.0,"enemies":"Centurion and Healer","floor":24.0,"turns":6.0},{"damage":32.0,"enemies":"Snecko","floor":25.0,"turns":5.0},{"damage":36.0,"enemies":"Replay:Snechameleon","floor":27.0,"turns":4.0},{"damage":26.0,"enemies":"Sentry and Sphere","floor":28.0,"turns":4.0},{"damage":18.0,"enemies":"Chosen and Byrds","floor":30.0,"turns":4.0},{"damage":20.0,"enemies":"Book of Stabbing","floor":31.0,"turns":5.0},{"damage":41.0,"enemies":"Gremlin Leader","floor":33.0,"turns":4.0},{"damage":15.0,"enemies":"Snake Plant","floor":34.0,"turns":2.0},{"damage":34.0,"enemies":"downfall:Silent","floor":35.0,"turns":6.0},{"damage":28.0,"enemies":"3 Shapes","floor":38.0,"turns":4.0},{"damage":4.0,"enemies":"downfall:FleeingMerchant","floor":40.0,"turns":4.0},{"damage":41,"enemies":"Nemesis","floor":42,"turns":7},{"damage":68,"enemies":"Giant Head","floor":44,"turns":9},{"damage":9,"enemies":"downfall:FleeingMerchant","floor":45,"turns":4},{"damage":25,"enemies":"3 Darklings","floor":47,"turns":5},{"damage":39,"enemies":"Mind Bloom Boss Battle","floor":48,"turns":6},{"damage":3,"enemies":"Sphere and 2 Shapes","floor":51,"turns":5},{"damage":15,"enemies":"downfall:Watcher","floor":52,"turns":8}],"seed_played":"5252083408333364856","potions_obtained":[{"floor":2.0,"key":"SpeedPotion"},{"floor":10.0,"key":"Doom Potion"},{"floor":11.0,"key":"Block Potion"},{"floor":12.0,"key":"Explosive Potion"},{"floor":18.0,"key":"EssenceOfSteel"},{"floor":24.0,"key":"Venom Potion"},{"floor":25.0,"key":"Swift Potion"},{"floor":27.0,"key":"blueLaboratory:PyrophylliteBrew"},{"floor":33.0,"key":"LiquidBronze"},{"floor":34.0,"key":"PowerPotion"},{"floor":47,"key":"hexamod:EctoCoolerPotion"}],"is_trial":false,"path_per_floor":["R","M","M","M","$","M","PTL","PTL","T","M","M","M","E","?","M","$","M","B",null,"R_BF","M","M","?","M","M","T","E","M","R","M","E","R","E","M","B",null,"R","M","?","$","?","E","T","E","$","R","M","?","R","$","M","B",null],"character_chosen":"SLIMEBOUND","items_purchased":["Slimebound:Replication","Slimebound:GrowthPunch","expansioncontent:StudyTheSpire","Slimebound:HauntingLick","Slimebound:SlimeSpikes+1","Medical Kit","LifebloodPotion","Eternal Feather","Slimebound:Overexert","Slimebound:Repurpose","blueLaboratory:Moonshine"],"campfire_rested":0,"item_purchase_floors":[5,16,40,40,40,40,40,45,45,45,50],"current_hp_per_floor":[66,66,59,60,59,63,63,63,63,66,66,61,55,55,59,64,64,37,66,66,66,52,36,62,49,49,53,61,61,66,66,66,51,52,54,66,66,61,61,66,45,48,48,28,43,66,65,70,71,71,71,71],"gold":24,"neow_bonus":"TEN_PERCENT_HP_BONUS","is_daily":false,"chose_seed":false,"campfire_upgraded":6,"win_rate":0.0,"timestamp":1608766517,"path_taken":["R","M","M","M","$","M","PTL","PTL","T","M","M","M","E","?","?","$","M","BOSS","R_BF","M","M","?","M","M","T","E","M","R","?","E","R","E","M","BOSS","R","M","?","?","?","E","T","E","$","R","?","?","R","$","M","BOSS"],"items_purchased_type":["Card","Card","Card","Card","Card","Relic","Potion","Relic","Card","Card","Potion"],"build_version":"2020-12-22","purchased_purges":2,"victory":true,"max_hp_per_floor":[66,66,66,66,66,66,66,66,66,66,66,66,66,66,66,66,66,66,66,66,66,66,66,66,66,66,66,66,66,66,66,66,66,66,66,66,66,66,66,66,66,66,66,66,66,66,66,71,71,71,71,71],"relic_stats":{"Regal Pillow":0,"Torii":36,"counters":[33,145],"Eternal Feather":24,"Medical Kit":[1],"obtain_stats":[{"Regal Pillow":13,"Torii":31,"Vajra":44,"Eternal Feather":45,"downfall:HeartBlessingGreen":49,"Replay:WaspNest":20,"infinitespire:FocusingShard":42,"Empty Cage":36,"Medical Kit":40,"Du-Vu Doll":27,"Bottled Flame":43,"infinitespire:WardingShard":9,"Slimebound:AbsorbEndCombat":0,"Coffee Dripper":19,"Bag of Marbles":26,"Durian":48,"Replay:Wax Seal":33},{"Regal Pillow":9,"Torii":21,"Vajra":28,"Eternal Feather":29,"downfall:HeartBlessingGreen":31,"Replay:WaspNest":13,"infinitespire:FocusingShard":27,"Empty Cage":24,"Medical Kit":26,"Du-Vu Doll":18,"Bottled Flame":27,"infinitespire:WardingShard":5,"Slimebound:AbsorbEndCombat":0,"Coffee Dripper":13,"Bag of Marbles":17,"Durian":31,"Replay:Wax Seal":22},{"Regal Pillow":29,"Torii":81,"Vajra":117,"Eternal Feather":121,"downfall:HeartBlessingGreen":132,"Replay:WaspNest":45,"infinitespire:FocusingShard":108,"Empty Cage":93,"Medical Kit":101,"Du-Vu Doll":68,"Bottled Flame":108,"infinitespire:WardingShard":15,"Slimebound:AbsorbEndCombat":0,"Coffee Dripper":45,"Bag of Marbles":64,"Durian":132,"Replay:Wax Seal":85}]},"card_choices":[{"not_picked":["Slimebound:LeechEnergy","Slimebound:SplitAcid"],"picked":"Slimebound:RainOfGoop","floor":2.0},{"not_picked":["Slimebound:Prepare","Slimebound:SplitAcid"],"picked":"Slimebound:GoopSpray","floor":3.0},{"not_picked":["Slimebound:DivideAndConquer","Slimebound:SplitLeeching"],"picked":"Slimebound:LeechEnergy","floor":4.0},{"not_picked":["Slimebound:SlimeBrawl","Slimebound:SlimeSpikes"],"picked":"Slimebound:Gluttony","floor":5.0},{"not_picked":["Slimebound:HungryTackle","Slimebound:SlimeTap"],"picked":"Slimebound:LeadByExample","floor":6.0},{"not_picked":["Slimebound:SamplingLick","Slimebound:LeechEnergy"],"picked":"Slimebound:SplitMire","floor":10.0},{"not_picked":["Slimebound:FirmFortitude","Slimebound:Recollect"],"picked":"Slimebound:Grow","floor":11.0},{"not_picked":["Slimebound:PressTheAttack","Slimebound:GoopTackle"],"picked":"Slimebound:Recollect","floor":12.0},{"not_picked":["Slimebound:BestDefense","Slimebound:Grow","Slimebound:FlameTackle"],"picked":"SKIP","floor":13.0},{"not_picked":["Slimebound:FormOfPuddle","Slimebound:OneTwoCombo"],"picked":"Slimebound:Dissolve","floor":15.0},{"not_picked":["Slimebound:SpikyOuterGoop","Slimebound:SlimeBrawl"],"picked":"Slimebound:GoopTackle","floor":16.0},{"not_picked":["Slimebound:RainOfGoop","Slimebound:SlimeSpikes","Slimebound:DivideAndConquer"],"picked":"SKIP","floor":17.0},{"not_picked":["Slimebound:WasteNot","Slimebound:Recycling"],"picked":"Slimebound:DouseInSlime","floor":18.0},{"not_picked":["Slimebound:SplitMire+1","Slimebound:ViciousTackle"],"picked":"Slimebound:Equalize","floor":21.0},{"not_picked":["Slimebound:SplitBruiser+1","Slimebound:PressTheAttack"],"picked":"Slimebound:Repurpose","floor":22.0},{"not_picked":["Slimebound:ComboTackle","Slimebound:SplitBruiser+1"],"picked":"Slimebound:Equalize","floor":23.0},{"not_picked":["Slimebound:SplitMire","Slimebound:SplitBruiser"],"picked":"Slimebound:Recollect","floor":24.0},{"not_picked":["Slimebound:ItLooksTasty","Slimebound:DivideAndConquer"],"picked":"Slimebound:RollThrough","floor":25.0},{"not_picked":["Slimebound:RollThrough+1","Slimebound:SplitBruiser"],"picked":"Slimebound:PressTheAttack+1","floor":27.0},{"not_picked":["Slimebound:LeechEnergy","Slimebound:GoopTackle"],"picked":"Slimebound:SamplingLick+1","floor":28.0},{"not_picked":["Slimebound:Replication","Slimebound:DivideAndConquer"],"picked":"Slimebound:FinishingTackle+1","floor":30.0},{"not_picked":["Slimebound:SlimeSpikes","Slimebound:MegaLick"],"picked":"Slimebound:SpikyOuterGoop","floor":31.0},{"not_picked":["Slimebound:Overexert","Slimebound:BestDefense+1"],"picked":"Slimebound:GrowthPunch+1","floor":33.0},{"not_picked":["Slimebound:Dissolve","Slimebound:DivideAndConquer"],"picked":"Slimebound:SlimeSpikes","floor":34.0},{"not_picked":["Slimebound:DuplicatedForm","Slimebound:OneTwoCombo"],"picked":"Slimebound:Recycling","floor":35.0},{"not_picked":["Slimebound:DivideAndConquer","Slimebound:SlimeSpikes"],"picked":"Slimebound:SplitAcid+1","floor":38.0},{"not_picked":["Slimebound:SlimeTap+1","Slimebound:SplitAcid+1"],"picked":"Slimebound:SamplingLick+1","floor":40.0},{"not_picked":["Slimebound:PressTheAttack","Slimebound:SlimeSpikes"],"picked":"Slimebound:MegaLick","floor":42},{"not_picked":["Slimebound:SplitAcid+1","Slimebound:SlimeBarrage"],"picked":"Slimebound:Grow+1","floor":44},{"not_picked":["Slimebound:SplitLeeching+1","Slimebound:MegaLick"],"picked":"Slimebound:DuplicatedForm","floor":45},{"not_picked":["Slimebound:GoopSpray","Slimebound:LeechingTouch","Slimebound:RollThrough"],"picked":"SKIP","floor":47},{"not_picked":["Slimebound:GrowthPunch+1","Slimebound:Nibble"],"picked":"Slimebound:SplitBruiser","floor":51}],"player_experience":1261026,"relics_obtained":[{"floor":9.0,"key":"infinitespire:WardingShard"},{"floor":13.0,"key":"Regal Pillow"},{"floor":20.0,"key":"Replay:WaspNest"},{"floor":26.0,"key":"Bag of Marbles"},{"floor":27.0,"key":"Du-Vu Doll"},{"floor":31.0,"key":"Torii"},{"floor":33.0,"key":"Replay:Wax Seal"},{"floor":42,"key":"infinitespire:FocusingShard"},{"floor":43,"key":"Bottled Flame"},{"floor":44,"key":"Vajra"},{"floor":48,"key":"Durian"}],"event_choices":[{"cards_removed":["Slimebound:Strike_Slimebound"],"damage_healed":0.0,"max_hp_gain":0.0,"max_hp_loss":0.0,"gold_gain":0.0,"event_name":"Purifier","player_choice":"Purged","floor":14.0,"gold_loss":0.0,"damage_taken":0.0},{"damage_healed":0.0,"max_hp_gain":0.0,"max_hp_loss":0.0,"gold_gain":0.0,"event_name":"betterSkull:BetterSkull","player_choice":"UP UP ","floor":41.0,"gold_loss":0.0,"damage_taken":25.0,"cards_upgraded":["Slimebound:Defend_Slimebound","Slimebound:Split"],"relics_obtained":[]}],"is_beta":false,"boss_relics":[{"not_picked":["Tiny House","Velvet Choker"],"picked":"Coffee Dripper"},{"not_picked":["Replay:Drink Me","Calling Bell"],"picked":"Empty Cage"}],"items_purged_floors":[16,40],"is_endless":false,"potions_floor_spawned":[2,10,11,12,18,24,25,27,33,34,47,48],"ascension_level":1}}