{"host":"x4x6fw95e6eqd4n0","time":1608687060,"event":{"mods":["AchievementEnabler","BaseMod","Colored Map","Colored Powertips","DeckTracker","Minty Spire (QoL Compilation)"],"gold_per_floor":[112,187,200,210,210,242,242,253,253,265,308,338,350,362,374,386,386],"floor_reached":16,"playtime":574,"items_purged":[],"score":110,"play_id":"77ae4d94-fc6d-4550-a62f-153f234012de","local_time":"20201223033100","is_ascension_mode":false,"campfire_choices":[{"data":"Corpse Explosion","floor":7,"key":"SMITH"},{"data":"Flechettes","floor":10,"key":"SMITH"},{"data":"Doppelganger","floor":13,"key":"SMITH"},{"floor":15,"key":"REST"}],"circlet_count":0,"master_deck":["Strike_G","Strike_G","Strike_G","Strike_G","Defend_G","Defend_G","Defend_G","Defend_G","Defend_G","Survivor","Neutralize","Corpse Explosion+1","Heel Hook","Flechettes+1","Catalyst","Dash","Backflip","Doppelganger+1","Calculated Gamble"],"relics":["Ring of the Snake","Anchor","MawBank","Pear","Golden Idol"],"acts_visited":["Exordium"],"potions_floor_usage":[6,6,11],"damage_taken":[{"damage":1,"enemies":"Jaw Worm","floor":1,"turns":5},{"damage":3,"enemies":"Small Slimes","floor":3,"turns":3},{"damage":0,"enemies":"Cultist","floor":4,"turns":3},{"damage":2,"enemies":"3 Sentries","floor":6,"turns":4},{"damage":0,"enemies":"2 Fungi Beasts","floor":8,"turns":2},{"damage":8,"enemies":"Lagavulin","floor":11,"turns":4},{"damage":0,"enemies":"Blue Slaver","floor":12,"turns":3},{"damage":44,"enemies":"Slime Boss","floor":16,"turns":7}],"seed_played":"3009842114853901540","potions_obtained":[{"floor":1,"key":"BlessingOfTheForge"},{"floor":3,"key":"SpeedPotion"},{"floor":8,"key":"PowerPotion"},{"floor":12,"key":"SpeedPotion"}],"is_trial":false,"path_per_floor":["M","?","M","M","?","E","R","M","T","R","E","M","R","?","R","B"],"character_chosen":"THE_SILENT","items_purchased":[],"campfire_rested":1,"item_purchase_floors":[],"current_hp_per_floor":[62,51,48,48,41,39,39,39,39,39,41,41,41,23,44,0,0],"gold":386,"neow_bonus":"THREE_RARE_CARDS","is_daily":false,"chose_seed":false,"campfire_upgraded":3,"win_rate":0.0,"timestamp":1608687060,"path_taken":["M","?","M","M","?","E","R","M","T","R","E","M","R","?","R","BOSS"],"items_purchased_type":[],"build_version":"2020-12-13","purchased_purges":0,"victory":false,"max_hp_per_floor":[63,63,63,63,63,63,63,63,63,63,73,73,73,73,73,73,73],"card_choices":[{"not_picked":["Glass Knife","Die Die Die"],"picked":"Corpse Explosion","floor":0},{"not_picked":["Dagger Throw","Flechettes"],"picked":"Heel Hook","floor":1},{"not_picked":["Deadly Poison","Underhanded Strike"],"picked":"Flechettes","floor":3},{"not_picked":["Flying Knee","Slice"],"picked":"Catalyst","floor":4},{"not_picked":["Acrobatics","Predator"],"picked":"Dash","floor":6},{"not_picked":["Dodge and Roll","Dagger Throw"],"picked":"Backflip","floor":8},{"not_picked":["Deadly Poison","Accuracy"],"picked":"Doppelganger","floor":11},{"not_picked":["Dagger Spray","Dash"],"picked":"Calculated Gamble","floor":12}],"player_experience":30427,"relics_obtained":[{"floor":6,"key":"Anchor"},{"floor":9,"key":"MawBank"},{"floor":11,"key":"Pear"}],"event_choices":[{"damage_healed":0,"gold_gain":75,"player_choice":"Gather Gold","damage_taken":11,"max_hp_gain":0,"max_hp_loss":0,"event_name":"World of Goop","floor":2,"gold_loss":0},{"cards_removed":["Strike_G"],"damage_healed":0,"gold_gain":0,"player_choice":"Card Removal","damage_taken":7,"max_hp_gain":0,"max_hp_loss":0,"event_name":"Golden Wing","floor":5,"gold_loss":0},{"damage_healed":0,"gold_gain":0,"player_choice":"Take Damage","damage_taken":18,"relics_obtained":["Golden Idol"],"max_hp_gain":0,"max_hp_loss":0,"event_name":"Golden Idol","floor":14,"gold_loss":0}],"is_beta":false,"boss_relics":[],"items_purged_floors":[],"is_endless":false,"potions_floor_spawned":[1,3,8,12],"killed_by":"Slime Boss","ascension_level":0}}