{"host":"wy23tj84iquxuyyu","time":1608737234,"event":{"mods":["Aspiration","BaseMod","Better Note","Colored Map","Fireblade Mod","Hermit","Marked Mod","Minty Spire (QoL Compilation)","Random Character Button","Rare Cards Sparkle","Relic Stats","Replay The Spire","Retaliation","Spicy Shops","StSLib","The Cursed","The Death Knight","The Necromancer","Trackpad"],"gold_per_floor":[114,114,194,469,98,125,125,138,138,138,151,163,193,205,205,305,305,318,338,270,270,270,270,296,308,395,423,435,447,472,494,506,616,628,659,671,341,351,24,53,73,73,73,73,73,91,91,141,141,141],"floor_reached":51,"playtime":1790,"items_purged":[],"score":668,"play_id":"0e416d9e-eb07-4e0e-974f-a73f324f8d20","local_time":"20201223102714","is_ascension_mode":false,"campfire_choices":[{"floor":7,"key":"REST"},{"data":"hermit:FlashPowder","floor":10,"key":"SMITH"},{"data":"hermit:ShadowCloak","floor":15,"key":"SMITH"},{"floor":23,"key":"REST"},{"floor":25,"key":"DIG"},{"floor":42,"key":"REST"}],"circlet_count":0,"master_deck":["hermit:Strike_Hermit+1","hermit:Strike_Hermit","hermit:Strike_Hermit","hermit:Strike_Hermit","hermit:Defend_Hermit","hermit:Defend_Hermit","hermit:Defend_Hermit","hermit:Snapshot","hermit:Covet","Clumsy","Replay:Hysterical Blindness","hermit:Virtue+1","Delirium","Regret","hermit:SprayPray","hermit:FlashPowder+1","hermit:ShadowCloak+1","hermit:Misfire+1","hermit:Spite+1","hermit:ShadowCloak+1","hermit:Determination","hermit:FlashPowder+1","hermit:FinalCanter","hermit:Misfire","hermit:SprayPray+1","hermit:Determination+1","hermit:Misfire+1"],"relics":["hermit:Momento","aspiration:PoetsPen_weak","aspiration:Lifesprig","Guide Book","Du-Vu Doll","Omamori","Singing Bowl","aspiration:HatOfInfinitePower","Calling Bell","ReplayTheSpireMod:TigerMarble","Iron Hammer","Replay:Multitool","MawBank","ReplayTheSpireMod:Lightbulb","HornCleat","Ring of Chaos","Torii","ReplayTheSpireMod:Ninjato","The Courier","trackpad:BottledShadow","Pocketwatch","Ring of Greed","Replay:Wax Seal","Membership Card","ReplayTheSpireMod:Ring of Challenge"],"acts_visited":["Exordium","TheCity","TheBeyond"],"potions_floor_usage":[8,16,50,50],"damage_taken":[{"damage":0,"enemies":"Small Slimes","floor":1,"turns":3},{"damage":16,"enemies":"Gremlin Nob","floor":6,"turns":4},{"damage":0,"enemies":"Jaw Worm","floor":8,"turns":1},{"damage":0,"enemies":"Cultist","floor":11,"turns":2},{"damage":0,"enemies":"2 Fungi Beasts","floor":12,"turns":2},{"damage":0,"enemies":"Blue Slaver","floor":14,"turns":1},{"damage":7,"enemies":"Slime Boss","floor":16,"turns":11},{"damage":5,"enemies":"Spheric Guardian","floor":18,"turns":3},{"damage":12,"enemies":"2 Thieves","floor":19,"turns":3},{"damage":18,"enemies":"Gremlin Leader","floor":24,"turns":6},{"damage":10,"enemies":"Cultist and Chosen","floor":27,"turns":2},{"damage":1,"enemies":"Snake Plant","floor":30,"turns":4},{"damage":5,"enemies":"Shelled Parasite and Fungi","floor":31,"turns":6},{"damage":10,"enemies":"Collector","floor":33,"turns":7},{"damage":7,"enemies":"Orb Walker","floor":35,"turns":2},{"damage":0,"enemies":"3 Shapes","floor":38,"turns":3},{"damage":28,"enemies":"Nemesis","floor":40,"turns":7},{"damage":15,"enemies":"Writhing Mass","floor":41,"turns":4},{"damage":9,"enemies":"Transient","floor":46,"turns":5},{"damage":35,"enemies":"Replay:Hell Engine","floor":50,"turns":7}],"seed_played":"2514833575458867683","potions_obtained":[{"floor":6,"key":"Explosive Potion"},{"floor":11,"key":"AttackPotion"},{"floor":14,"key":"EssenceOfSteel"},{"floor":18,"key":"Reflective Coating"},{"floor":24,"key":"CultistPotion"},{"floor":46,"key":"FairyPotion"}],"is_trial":false,"path_per_floor":["M","?","?","?","$","E","R","M","T","R","M","M","?","M","R","B",null,"M","M","$","?","?","R","E","R","T","M","$","?","M","M","R","B",null,"M","?","$","M","$","E","M","R","T","?","?","M","?","?","R","B",null],"character_chosen":"HERMIT","items_purchased":["Guide Book","Du-Vu Doll","hermit:Spite","hermit:Misfire","Torii","hermit:Determination","ReplayTheSpireMod:Ninjato"],"campfire_rested":3,"item_purchase_floors":[5,5,20,37,37,39,39],"current_hp_per_floor":[75,68,68,68,68,52,74,74,74,74,74,76,76,78,78,73,81,78,66,66,66,66,83,65,65,65,55,55,47,48,45,71,61,87,82,84,84,84,84,58,43,70,70,93,93,86,86,86,95,94],"gold":141,"neow_bonus":"CURSED_BOSS_RELIC","is_daily":false,"chose_seed":false,"campfire_upgraded":2,"win_rate":0.0,"timestamp":1608737234,"path_taken":["M","?","?","?","$","E","R","M","T","R","?","M","?","M","R","BOSS","M","M","$","?","?","R","E","R","T","?","$","?","M","?","R","BOSS","M","?","$","M","$","E","M","R","T","?","?","M","?","?","R","BOSS"],"items_purchased_type":["Relic","Relic","Card","Card","Relic","Card","Relic"],"build_version":"2020-12-22","purchased_purges":0,"victory":true,"max_hp_per_floor":[75,75,75,75,75,75,75,75,75,75,75,77,77,79,79,81,81,83,83,83,83,83,83,83,83,83,83,83,83,85,87,87,87,87,89,91,91,91,91,93,93,93,93,93,93,95,95,95,95,95],"relic_stats":{"Singing Bowl":20,"Torii":9,"counters":[20,83],"MawBank":156,"obtain_stats":[{"aspiration:Lifesprig":2,"Singing Bowl":9,"Torii":37,"aspiration:PoetsPen_weak":0,"Replay:Multitool":17,"HornCleat":26,"Iron Hammer":17,"Replay:Wax Seal":48,"ReplayTheSpireMod:Ninjato":39,"Guide Book":5,"Ring of Chaos":34,"The Courier":40,"Omamori":6,"Ring of Greed":48,"MawBank":24,"Du-Vu Doll":5,"Calling Bell":17,"trackpad:BottledShadow":43,"ReplayTheSpireMod:TigerMarble":17,"Membership Card":48,"ReplayTheSpireMod:Ring of Challenge":48,"aspiration:HatOfInfinitePower":13,"ReplayTheSpireMod:Lightbulb":25,"hermit:Momento":0,"Pocketwatch":47},{"aspiration:Lifesprig":1,"Singing Bowl":3,"Torii":15,"aspiration:PoetsPen_weak":0,"Replay:Multitool":7,"HornCleat":10,"Iron Hammer":7,"Replay:Wax Seal":19,"ReplayTheSpireMod:Ninjato":16,"Guide Book":1,"Ring of Chaos":14,"The Courier":17,"Omamori":2,"Ring of Greed":19,"MawBank":10,"Du-Vu Doll":1,"Calling Bell":7,"trackpad:BottledShadow":18,"ReplayTheSpireMod:TigerMarble":7,"Membership Card":19,"ReplayTheSpireMod:Ring of Challenge":19,"aspiration:HatOfInfinitePower":5,"ReplayTheSpireMod:Lightbulb":10,"hermit:Momento":0,"Pocketwatch":19},{"aspiration:Lifesprig":3,"Singing Bowl":8,"Torii":57,"aspiration:PoetsPen_weak":0,"Replay:Multitool":24,"HornCleat":36,"Iron Hammer":24,"Replay:Wax Seal":76,"ReplayTheSpireMod:Ninjato":60,"Guide Book":3,"Ring of Chaos":55,"The Courier":67,"Omamori":7,"Ring of Greed":76,"MawBank":36,"Du-Vu Doll":3,"Calling Bell":24,"trackpad:BottledShadow":71,"ReplayTheSpireMod:TigerMarble":24,"Membership Card":76,"ReplayTheSpireMod:Ring of Challenge":76,"aspiration:HatOfInfinitePower":12,"ReplayTheSpireMod:Lightbulb":36,"hermit:Momento":0,"Pocketwatch":76}],"Pocketwatch":[6]},"card_choices":[{"not_picked":["hermit:Coalescence","hermit:BodyArmor"],"picked":"hermit:Virtue","floor":1},{"not_picked":["hermit:Glare","hermit:Manifest"],"picked":"hermit:SprayPray","floor":6},{"not_picked":["hermit:Manifest","hermit:Vantage"],"picked":"hermit:FlashPowder","floor":8},{"not_picked":["hermit:HighNoon","hermit:Gestalt"],"picked":"hermit:ShadowCloak","floor":11},{"not_picked":["hermit:Roulette","hermit:WideOpen","hermit:GhostlyPresence"],"picked":"Singing Bowl","floor":12},{"not_picked":["hermit:CalledShot","hermit:Manifest","hermit:DeadMansHand"],"picked":"Singing Bowl","floor":14},{"not_picked":["hermit:EternalForm","hermit:RoundhouseKick","hermit:Roughhouse"],"picked":"Singing Bowl","floor":16},{"not_picked":["hermit:Cheat+1","hermit:Shortfuse","hermit:Combo+1"],"picked":"Singing Bowl","floor":18},{"not_picked":["hermit:HighCaliber","hermit:BigShot+1"],"picked":"hermit:Misfire+1","floor":19},{"not_picked":["hermit:Manifest","hermit:DeadMansHand"],"picked":"hermit:Determination","floor":24},{"not_picked":["hermit:Quickdraw","hermit:Midnight"],"picked":"hermit:FlashPowder+1","floor":27},{"not_picked":["hermit:BodyArmor","hermit:Quickdraw","hermit:EyeOfTheStorm"],"picked":"Singing Bowl","floor":30},{"not_picked":["hermit:PistolWhip+1","hermit:NoHoldsBarred","hermit:LuckOfTheDraw"],"picked":"Singing Bowl","floor":31},{"not_picked":["hermit:DeadOrAlive","hermit:Magnum"],"picked":"hermit:FinalCanter","floor":33},{"not_picked":["hermit:Quickdraw+1","hermit:Coalescence","hermit:Horror+1"],"picked":"Singing Bowl","floor":35},{"not_picked":["Enlightenment","ReplayTheSpireMod:Trickstab","Impatience"],"picked":"Singing Bowl","floor":36},{"not_picked":["hermit:Coalescence","hermit:TakeAim+1"],"picked":"hermit:SprayPray+1","floor":38},{"not_picked":["hermit:Desperado","hermit:Roulette+1","hermit:EyeOfTheStorm"],"picked":"Singing Bowl","floor":40},{"not_picked":["hermit:Scavenge","hermit:WideOpen"],"picked":"hermit:Misfire+1","floor":41},{"not_picked":["hermit:TakeAim+1","hermit:EyeOfTheStorm+1","hermit:Deadeye"],"picked":"Singing Bowl","floor":46}],"player_experience":806299,"relics_obtained":[{"floor":6,"key":"Omamori"},{"floor":9,"key":"Singing Bowl"},{"floor":17,"key":"ReplayTheSpireMod:TigerMarble"},{"floor":17,"key":"Iron Hammer"},{"floor":17,"key":"Replay:Multitool"},{"floor":24,"key":"MawBank"},{"floor":25,"key":"ReplayTheSpireMod:Lightbulb"},{"floor":26,"key":"HornCleat"},{"floor":40,"key":"The Courier"},{"floor":43,"key":"trackpad:BottledShadow"},{"floor":48,"key":"Ring of Greed"},{"floor":48,"key":"Replay:Wax Seal"},{"floor":48,"key":"Membership Card"},{"floor":48,"key":"ReplayTheSpireMod:Ring of Challenge"}],"event_choices":[{"damage_healed":0,"gold_gain":0,"player_choice":"Success","damage_taken":7,"relics_obtained":["aspiration:Lifesprig"],"max_hp_gain":0,"max_hp_loss":0,"event_name":"Scrap Ooze","floor":2,"gold_loss":0},{"damage_healed":0,"gold_gain":275,"player_choice":"Desecrate","damage_taken":0,"max_hp_gain":0,"max_hp_loss":0,"event_name":"Golden Shrine","floor":4,"gold_loss":0,"cards_obtained":["Regret"]},{"damage_healed":0,"gold_gain":30,"player_choice":"Searched \u00273\u0027 times","damage_taken":0,"relics_obtained":["aspiration:HatOfInfinitePower"],"max_hp_gain":0,"max_hp_loss":0,"event_name":"Dead Adventurer","floor":13,"gold_loss":0},{"damage_healed":0,"gold_gain":0,"player_choice":"Copied","damage_taken":0,"max_hp_gain":0,"max_hp_loss":0,"event_name":"Duplicator","floor":21,"gold_loss":0,"cards_obtained":["hermit:ShadowCloak"]},{"damage_healed":0,"gold_gain":0,"player_choice":"0 cards matched","damage_taken":0,"max_hp_gain":0,"max_hp_loss":0,"event_name":"Match and Keep!","floor":22,"gold_loss":0,"cards_obtained":[]},{"damage_healed":0,"gold_gain":0,"player_choice":"Damaged","damage_taken":8,"max_hp_gain":0,"max_hp_loss":0,"event_name":"Wheel of Change","floor":29,"gold_loss":0},{"damage_healed":0,"gold_gain":0,"player_choice":"Memory 1","damage_taken":0,"max_hp_gain":0,"max_hp_loss":0,"event_name":"SensoryStone","floor":36,"gold_loss":0},{"damage_healed":23,"gold_gain":0,"player_choice":"Heal","damage_taken":0,"max_hp_gain":0,"max_hp_loss":0,"event_name":"MindBloom","floor":44,"gold_loss":0,"cards_obtained":["Doubt"]},{"cards_removed":["hermit:Defend_Hermit"],"damage_healed":0,"gold_gain":0,"player_choice":"Removed Skill","damage_taken":0,"max_hp_gain":0,"max_hp_loss":0,"event_name":"Falling","floor":45,"gold_loss":0}],"is_beta":false,"boss_relics":[{"not_picked":["Abe\u0027s Treasure","Kintsugi"],"picked":"Calling Bell"},{"not_picked":["ReplayTheSpireMod:DimensionalGlitch","aspiration:DefectSkillbook"],"picked":"Ring of Chaos"}],"items_purged_floors":[],"is_endless":false,"potions_floor_spawned":[6,11,14,18,24,40,41,46],"ascension_level":0}}