{"host":"03a85bwj0a5skoit","time":1608711283,"event":{"mods":["BaseMod","Block Reminder","Minty Spire (QoL Compilation)","Relic Stats","StSLib"],"gold_per_floor":[114,34,109,72,84,84,126,135,135,135,167,167,25,59,59,166,166,196,214,214,235,235,235,160,160,183,226,226,60,113,136,136,136,136],"floor_reached":33,"playtime":1180,"items_purged":["Regret"],"score":608,"play_id":"383e65ea-447d-4587-bb5e-eafdb001245d","local_time":"20201223184443","is_ascension_mode":true,"campfire_choices":[{"data":"Adaptation","floor":6,"key":"SMITH"},{"data":"TalkToTheHand","floor":12,"key":"SMITH"},{"data":"TalkToTheHand","floor":15,"key":"SMITH"},{"data":"Devotion","floor":23,"key":"SMITH"},{"data":"Evaluate","floor":25,"key":"SMITH"},{"floor":28,"key":"REST"},{"floor":32,"key":"REST"}],"circlet_count":0,"master_deck":["AscendersBane","Vigilance","Blasphemy","Adaptation+1","EmptyMind","EmptyBody","Consecrate","BattleHymn","TalkToTheHand+1","TalkToTheHand+1","Evaluate+1","Pray","Worship","FearNoEvil","Prostrate","Devotion+1","Swivel+1","SandsOfTime","TalkToTheHand","Prostrate","EmptyBody"],"relics":["Pandora\u0027s Box","CeramicFish","Anchor","Boot","Golden Idol","Runic Dome","Yang","Ancient Tea Set","Thread and Needle","OrangePellets","Toy Ornithopter"],"acts_visited":["Exordium","TheCity"],"potions_floor_usage":[21,27,27,30],"damage_taken":[{"damage":0,"enemies":"Cultist","floor":1,"turns":3},{"damage":0,"enemies":"Jaw Worm","floor":5,"turns":3},{"damage":7,"enemies":"3 Sentries","floor":7,"turns":5},{"damage":10,"enemies":"Small Slimes","floor":11,"turns":3},{"damage":1,"enemies":"Blue Slaver","floor":14,"turns":3},{"damage":10,"enemies":"Hexaghost","floor":16,"turns":8},{"damage":3,"enemies":"Spheric Guardian","floor":18,"turns":3},{"damage":14,"enemies":"Chosen","floor":21,"turns":4},{"damage":22,"enemies":"Slavers","floor":27,"turns":4},{"damage":0,"enemies":"Gremlin Leader","floor":30,"turns":5},{"damage":8,"enemies":"Snake Plant","floor":31,"turns":5},{"damage":47,"enemies":"Champ","floor":33,"turns":10}],"seed_played":"4477079568723485217","potions_obtained":[{"floor":11,"key":"LiquidMemories"},{"floor":14,"key":"Explosive Potion"},{"floor":21,"key":"Explosive Potion"},{"floor":27,"key":"Swift Potion"},{"floor":30,"key":"FearPotion"}],"is_trial":false,"path_per_floor":["M","$","?","$","M","R","E","?","T","?","M","R","$","M","R","B",null,"M","?","?","M","T","R","?","R","T","E","R","$","E","M","R","B"],"character_chosen":"WATCHER","items_purchased":["TalkToTheHand","TalkToTheHand","FearNoEvil","OrangePellets"],"campfire_rested":2,"item_purchase_floors":[2,4,13,29],"current_hp_per_floor":[61,61,50,50,50,50,43,43,43,43,33,33,33,32,32,22,52,49,49,49,35,35,35,35,35,35,13,31,31,31,23,41,0,0],"gold":136,"neow_bonus":"BOSS_RELIC","is_daily":false,"chose_seed":false,"campfire_upgraded":5,"win_rate":0.0,"timestamp":1608711283,"path_taken":["M","$","?","$","M","R","E","?","T","?","M","R","$","M","R","BOSS","M","?","?","M","?","R","?","R","T","E","R","$","E","M","R","BOSS"],"items_purchased_type":["Card","Card","Card","Relic"],"build_version":"2020-12-22","purchased_purges":1,"victory":false,"max_hp_per_floor":[68,68,68,68,68,68,68,68,68,62,62,62,62,62,62,62,62,62,62,62,62,62,62,62,62,62,62,62,62,62,62,62,62,62],"relic_stats":{"OrangePellets":[13],"counters":[12,56],"Golden Idol":59,"CeramicFish":99,"Pandora\u0027s Box":["Blasphemy","Adaptation","Judgement","EmptyMind","Adaptation","EmptyBody","Consecrate","BattleHymn"],"Yang":[46],"Boot":[5],"obtain_stats":[{"Runic Dome":17,"OrangePellets":29,"Anchor":8,"Golden Idol":10,"CeramicFish":7,"Pandora\u0027s Box":0,"Yang":22,"Thread and Needle":27,"PureWater":0,"Boot":9,"Ancient Tea Set":26,"Toy Ornithopter":30},{"Runic Dome":6,"OrangePellets":9,"Anchor":3,"Golden Idol":3,"CeramicFish":3,"Pandora\u0027s Box":0,"Yang":8,"Thread and Needle":9,"PureWater":0,"Boot":3,"Ancient Tea Set":8,"Toy Ornithopter":10},{"Runic Dome":25,"OrangePellets":36,"Anchor":11,"Golden Idol":11,"CeramicFish":11,"Pandora\u0027s Box":0,"Yang":32,"Thread and Needle":36,"PureWater":0,"Boot":11,"Ancient Tea Set":32,"Toy Ornithopter":41}],"Toy Ornithopter":0},"card_choices":[{"not_picked":["BowlingBash","Crescendo","PathToVictory"],"picked":"SKIP","floor":1},{"not_picked":["Prostrate","EmptyFist"],"picked":"Evaluate","floor":5},{"not_picked":["EmptyFist","Nirvana"],"picked":"Pray","floor":7},{"not_picked":["EmptyMind","LikeWater"],"picked":"Worship","floor":11},{"not_picked":["CrushJoints","Wallop"],"picked":"Prostrate","floor":14},{"not_picked":["DeusExMachina","Wish"],"picked":"Devotion","floor":16},{"not_picked":["Protect","FollowUp"],"picked":"Swivel+1","floor":18},{"not_picked":["CrushJoints","Nirvana","Crescendo"],"picked":"SKIP","floor":21},{"not_picked":["Crescendo","ForeignInfluence"],"picked":"Prostrate","floor":27},{"not_picked":["PathToVictory","BowlingBash"],"picked":"EmptyBody","floor":30},{"not_picked":["Weave","Establishment","ThirdEye"],"picked":"SKIP","floor":31}],"player_experience":2304045,"relics_obtained":[{"floor":7,"key":"CeramicFish"},{"floor":9,"key":"Boot"},{"floor":22,"key":"Yang"},{"floor":26,"key":"Ancient Tea Set"},{"floor":27,"key":"Thread and Needle"},{"floor":30,"key":"Toy Ornithopter"}],"event_choices":[{"damage_healed":0,"gold_gain":75,"player_choice":"Gather Gold","damage_taken":11,"max_hp_gain":0,"max_hp_loss":0,"event_name":"World of Goop","floor":3,"gold_loss":0},{"damage_healed":0,"gold_gain":0,"player_choice":"Box","damage_taken":0,"relics_obtained":["Anchor"],"max_hp_gain":0,"max_hp_loss":0,"event_name":"Big Fish","floor":8,"gold_loss":0,"cards_obtained":["Regret"]},{"damage_healed":0,"gold_gain":0,"player_choice":"Lose Max HP","damage_taken":0,"relics_obtained":["Golden Idol"],"max_hp_gain":0,"max_hp_loss":6,"event_name":"Golden Idol","floor":10,"gold_loss":0},{"damage_healed":0,"gold_gain":0,"cards_transformed":["Judgement","Adaptation"],"player_choice":"Became Test Subject","damage_taken":0,"max_hp_gain":0,"max_hp_loss":0,"event_name":"Drug Dealer","floor":19,"gold_loss":0,"cards_obtained":["SandsOfTime","TalkToTheHand"]},{"damage_healed":0,"gold_gain":0,"player_choice":"Ignored","damage_taken":0,"max_hp_gain":0,"max_hp_loss":0,"event_name":"Vampires","floor":20,"gold_loss":0},{"cards_removed":["Eruption"],"damage_healed":0,"gold_gain":0,"player_choice":"Gave Gold","damage_taken":0,"max_hp_gain":0,"max_hp_loss":0,"event_name":"Beggar","floor":24,"gold_loss":75}],"is_beta":false,"boss_relics":[{"not_picked":["Velvet Choker","Snecko Eye"],"picked":"Runic Dome"}],"items_purged_floors":[13],"is_endless":false,"potions_floor_spawned":[11,14,16,21,27,30],"killed_by":"Champ","ascension_level":20}}