{"host":"ged1bqtamtf4sn4x","time":1608750441,"event":{"mods":["BaseMod","Colored Map","DeckTracker","Highlight Path","Keyboard Shortcuts","Minty Spire (QoL Compilation)","Permanent Neow","Quick Restart","SuperFastMode","everything is the same but u backflip on backflip"],"gold_per_floor":[153,210,250,263,19,73,73,116,165,190,23,90,90,90,90,161,161,199,114,114,114,114,114],"floor_reached":22,"playtime":809,"items_purged":["Strike_R"],"score":392,"play_id":"3b3675b1-e9f8-4785-a088-cf04c1863eee","local_time":"20201224040721","is_ascension_mode":true,"campfire_choices":[{"data":"Armaments","floor":7.0,"key":"SMITH"},{"floor":15,"key":"REST"}],"circlet_count":0,"master_deck":["AscendersBane","Strike_R","Strike_R","Strike_R","Defend_R","Defend_R","Defend_R","Defend_R","Bash","HandOfGreed","Flex","Armaments+1","Inflame","Master of Strategy","Protect","Flex"],"relics":["Burning Blood","TheAbacus","Ice Cream","Juzu Bracelet","White Beast Statue","PrismaticShard","Black Star","Bag of Marbles"],"acts_visited":["Exordium","TheCity"],"potions_floor_usage":[12,16,18,20],"damage_taken":[{"damage":12.0,"enemies":"Small Slimes","floor":1.0,"turns":5.0},{"damage":4.0,"enemies":"2 Louse","floor":2.0,"turns":4.0},{"damage":12.0,"enemies":"Jaw Worm","floor":3.0,"turns":5.0},{"damage":7.0,"enemies":"Looter","floor":4.0,"turns":4.0},{"damage":38.0,"enemies":"Gremlin Nob","floor":6.0,"turns":5.0},{"damage":8,"enemies":"Blue Slaver","floor":8,"turns":5},{"damage":5,"enemies":"Lagavulin","floor":10,"turns":5},{"damage":21,"enemies":"Exordium Thugs","floor":12,"turns":6},{"damage":13,"enemies":"The Guardian","floor":16,"turns":12},{"damage":10,"enemies":"Chosen","floor":18,"turns":7},{"damage":0,"enemies":"2 Thieves","floor":20,"turns":1},{"damage":65,"enemies":"3 Cultists","floor":22,"turns":5}],"seed_played":"-5446531016113723927","potions_obtained":[{"floor":2.0,"key":"Block Potion"},{"floor":6.0,"key":"Fruit Juice"},{"floor":10,"key":"AttackPotion"},{"floor":12,"key":"DistilledChaos"},{"floor":16,"key":"ColorlessPotion"},{"floor":18,"key":"SmokeBomb"}],"is_trial":false,"path_per_floor":["M","M","M","M","$","E","R","M","T","E","$","M","?","?","R","B",null,"M","?","M","?","M"],"character_chosen":"IRONCLAD","items_purchased":["TheAbacus","PrismaticShard"],"campfire_rested":1,"item_purchase_floors":[5,11],"current_hp_per_floor":[62,64,58,57,57,30,30,28,28,29,29,14,14,7,28,21,60,56,56,62,62,0,0],"gold":114,"neow_bonus":"RANDOM_COLORLESS_2","is_daily":false,"chose_seed":false,"campfire_upgraded":1,"win_rate":0.0,"timestamp":1608750441,"path_taken":["M","M","M","M","$","E","R","M","T","E","$","M","?","?","R","BOSS","M","?","M","?","M"],"items_purchased_type":["Relic","Relic"],"build_version":"2020-12-22","purchased_purges":1,"victory":false,"max_hp_per_floor":[68,68,68,68,68,73,73,73,73,73,73,73,73,73,73,73,73,73,73,73,73,73,73],"card_choices":[{"not_picked":["Sadistic Nature","Mayhem"],"picked":"HandOfGreed","floor":0.0},{"not_picked":["Metallicize","Dark Embrace"],"picked":"Flex","floor":1.0},{"not_picked":["True Grit","Twin Strike"],"picked":"Armaments","floor":2.0},{"not_picked":["Power Through","Dark Embrace","Iron Wave"],"picked":"SKIP","floor":3.0},{"not_picked":["Body Slam","Clash","Rampage"],"picked":"SKIP","floor":4.0},{"not_picked":["Combust","Headbutt","True Grit"],"picked":"SKIP","floor":6.0},{"not_picked":["Combust","Iron Wave"],"picked":"Inflame","floor":8},{"not_picked":["Anger","Searing Blow","Fiend Fire"],"picked":"SKIP","floor":10},{"not_picked":["Anger","Go for the Eyes","TalkToTheHand"],"picked":"SKIP","floor":12},{"not_picked":["Apotheosis","Secret Weapon"],"picked":"Master of Strategy","floor":16},{"not_picked":["WaveOfTheHand","Disarm+1"],"picked":"Protect","floor":18}],"player_experience":391192,"relics_obtained":[{"floor":6.0,"key":"Ice Cream"},{"floor":9,"key":"Juzu Bracelet"},{"floor":10,"key":"White Beast Statue"}],"event_choices":[{"damage_healed":0,"gold_gain":0,"player_choice":"Ignored","damage_taken":0,"max_hp_gain":0,"max_hp_loss":0,"event_name":"Shining Light","floor":13,"gold_loss":0},{"cards_removed":["Strike_R"],"damage_healed":0,"gold_gain":0,"player_choice":"Card Removal","damage_taken":7,"max_hp_gain":0,"max_hp_loss":0,"event_name":"Golden Wing","floor":14,"gold_loss":0},{"damage_healed":0,"gold_gain":0,"player_choice":"Obtained Relic","damage_taken":0,"relics_obtained":["Bag of Marbles"],"max_hp_gain":0,"max_hp_loss":0,"event_name":"Addict","floor":19,"gold_loss":85},{"damage_healed":0,"gold_gain":0,"player_choice":"Read","damage_taken":0,"max_hp_gain":0,"max_hp_loss":0,"event_name":"The Library","floor":21,"gold_loss":0,"cards_obtained":["Flex"]}],"is_beta":false,"boss_relics":[{"not_picked":["Velvet Choker","Runic Dome"],"picked":"Black Star"}],"items_purged_floors":[5],"is_endless":false,"potions_floor_spawned":[2,6,10,12,16,18,20],"killed_by":"3 Cultists","ascension_level":20}}