{"host":"6s2g4ctvxbrgoc4e","time":1608725929,"event":{"mods":["BaseMod","Minty Spire (QoL Compilation)"],"gold_per_floor":[118,118,130,150,225,225,24,34,59,59,85,85,97,112,112,209,209,227,238,5,5,5,5,36,36,36,50,77,77,176,211,211,313,313,330,342,342,360,375,390,420,495,495,495,505,505,505,519,519,519],"floor_reached":51,"playtime":2633,"items_purged":[],"score":737,"play_id":"7bcd4d5b-9548-4980-8380-5f09b9959857","local_time":"20201223131849","is_ascension_mode":false,"campfire_choices":[{"data":"Chaos","floor":6,"key":"SMITH"},{"data":"Multi-Cast","floor":10,"key":"SMITH"},{"floor":12,"key":"REST"},{"data":"Electrodynamics","floor":15,"key":"SMITH"},{"data":"Chaos","floor":23,"key":"SMITH"},{"floor":29,"key":"REST"},{"floor":32,"key":"REST"},{"floor":44,"key":"REST"},{"floor":47,"key":"REST"},{"data":"Thunder Strike","floor":49,"key":"SMITH"}],"circlet_count":0,"master_deck":["Defend_B","Defend_B","Defend_B","Defend_B","Zap+1","Dualcast+1","Multi-Cast+1","Conserve Battery","Chaos+1","Hologram","Chaos+1","Conserve Battery","Steam","Electrodynamics+1","Lockon","Streamline","Thunder Strike+1","Steam+1","Sweeping Beam","Chaos+1","Cleave+1","Evaluate","Outmaneuver+1","Chrysalis","Consume+1","Gash+1","Electrodynamics+1","Noxious Fumes","EmptyFist+1","FollowUp+1"],"relics":["Cracked Core","DollysMirror","War Paint","Potion Belt","Busted Crown","PrismaticShard","MealTicket","Mercury Hourglass","Blood Vial","Ice Cream","Astrolabe","Regal Pillow","Meat on the Bone","Molten Egg 2"],"acts_visited":["Exordium","TheCity","TheBeyond"],"potions_floor_usage":[11,24,28,31,33,35,35,40,41,41,41,41,41,45,50,50,50,50],"damage_taken":[{"damage":0,"enemies":"Small Slimes","floor":1,"turns":4},{"damage":0,"enemies":"Cultist","floor":3,"turns":4},{"damage":4,"enemies":"Jaw Worm","floor":4,"turns":3},{"damage":10,"enemies":"Gremlin Gang","floor":8,"turns":6},{"damage":2,"enemies":"3 Sentries","floor":11,"turns":3},{"damage":2,"enemies":"Exordium Thugs","floor":13,"turns":2},{"damage":1,"enemies":"Red Slaver","floor":14,"turns":3},{"damage":20,"enemies":"The Guardian","floor":16,"turns":8},{"damage":3,"enemies":"Shell Parasite","floor":18,"turns":3},{"damage":5,"enemies":"Chosen","floor":19,"turns":3},{"damage":1,"enemies":"Gremlin Leader","floor":24,"turns":6},{"damage":0,"enemies":"Snake Plant","floor":27,"turns":2},{"damage":39,"enemies":"Slavers","floor":28,"turns":3},{"damage":11,"enemies":"Book of Stabbing","floor":31,"turns":4},{"damage":59,"enemies":"Automaton","floor":33,"turns":9},{"damage":19,"enemies":"3 Darklings","floor":35,"turns":4},{"damage":0,"enemies":"Orb Walker","floor":36,"turns":3},{"damage":15,"enemies":"Jaw Worm Horde","floor":38,"turns":2},{"damage":4,"enemies":"Sphere and 2 Shapes","floor":39,"turns":3},{"damage":28,"enemies":"Spire Growth","floor":40,"turns":5},{"damage":21,"enemies":"Reptomancer","floor":41,"turns":4},{"damage":19,"enemies":"Maw","floor":45,"turns":7},{"damage":0,"enemies":"Jaw Worm Horde","floor":48,"turns":2},{"damage":54,"enemies":"Time Eater","floor":50,"turns":8}],"seed_played":"441519429042056875","potions_obtained":[{"floor":1,"key":"ColorlessPotion"},{"floor":8,"key":"SteroidPotion"},{"floor":11,"key":"LiquidMemories"},{"floor":16,"key":"GamblersBrew"},{"floor":19,"key":"Energy Potion"},{"floor":27,"key":"Energy Potion"},{"floor":31,"key":"PowerPotion"},{"floor":33,"key":"ColorlessPotion"},{"floor":35,"key":"LiquidMemories"},{"floor":36,"key":"LiquidBronze"},{"floor":37,"key":"EntropicBrew"},{"floor":37,"key":"Fire Potion"},{"floor":38,"key":"Ancient Potion"},{"floor":48,"key":"PowerPotion"}],"is_trial":false,"path_per_floor":["M","?","M","M","?","R","$","M","T","R","E","R","M","M","R","B",null,"M","M","$","?","$","R","E","?","T","M","E","R","?","E","R","B",null,"M","M","?","M","M","M","E","T","T","R","M","?","R","M","R","B",null],"character_chosen":"DEFECT","items_purchased":["DollysMirror","Conserve Battery","PrismaticShard","Chaos"],"campfire_rested":5,"item_purchase_floors":[7,7,20,20],"current_hp_per_floor":[75,80,80,76,65,65,65,55,55,55,53,77,75,74,74,54,80,77,72,72,72,72,72,71,56,56,56,17,42,42,33,58,1,85,66,68,68,55,53,27,8,8,8,48,43,43,83,85,85,43],"gold":519,"neow_bonus":"ONE_RANDOM_RARE_CARD","is_daily":false,"chose_seed":false,"campfire_upgraded":5,"win_rate":0.0,"timestamp":1608725929,"path_taken":["M","?","M","M","?","R","$","M","T","R","E","R","M","M","R","BOSS","M","M","$","?","?","R","E","?","T","M","E","R","?","E","R","BOSS","M","M","?","M","?","M","E","?","T","R","?","?","R","M","R","BOSS"],"items_purchased_type":["Relic","Card","Relic","Card"],"build_version":"2020-12-22","purchased_purges":0,"victory":true,"max_hp_per_floor":[75,80,80,80,80,80,80,80,80,80,80,80,80,80,80,80,80,80,80,80,80,80,80,80,85,85,85,85,85,85,85,85,85,85,85,85,85,85,85,85,85,85,85,85,85,85,85,85,85,85],"card_choices":[{"not_picked":["Glacier","Coolheaded"],"picked":"Conserve Battery","floor":1},{"not_picked":["Reinforced Body","Cold Snap"],"picked":"Chaos","floor":3},{"not_picked":["Melter","Steam Power"],"picked":"Hologram","floor":4},{"not_picked":["Leap","FTL"],"picked":"Steam","floor":8},{"not_picked":["Aggregate","Steam"],"picked":"Electrodynamics","floor":11},{"not_picked":["Fusion","Heatsinks"],"picked":"Lockon","floor":13},{"not_picked":["Force Field","Go for the Eyes"],"picked":"Streamline","floor":14},{"not_picked":["Biased Cognition","Reboot"],"picked":"Thunder Strike","floor":16},{"not_picked":[],"picked":"Steam+1","floor":18},{"not_picked":[],"picked":"Sweeping Beam","floor":19},{"not_picked":["Inflame"],"picked":"SKIP","floor":24},{"not_picked":[],"picked":"Cleave+1","floor":27},{"not_picked":[],"picked":"Evaluate","floor":28},{"not_picked":[],"picked":"Outmaneuver+1","floor":31},{"not_picked":[],"picked":"Chrysalis","floor":33},{"not_picked":["Gash"],"picked":"SKIP","floor":35},{"not_picked":[],"picked":"Noxious Fumes","floor":36},{"not_picked":["PiercingWail"],"picked":"SKIP","floor":38},{"not_picked":["Deflect"],"picked":"SKIP","floor":39},{"not_picked":["Acrobatics"],"picked":"SKIP","floor":40},{"not_picked":["CrushJoints"],"picked":"SKIP","floor":41},{"not_picked":[],"picked":"EmptyFist+1","floor":45},{"not_picked":[],"picked":"FollowUp+1","floor":48}],"player_experience":20109,"relics_obtained":[{"floor":9,"key":"War Paint"},{"floor":11,"key":"Potion Belt"},{"floor":24,"key":"MealTicket"},{"floor":26,"key":"Mercury Hourglass"},{"floor":28,"key":"Blood Vial"},{"floor":31,"key":"Ice Cream"},{"floor":41,"key":"Regal Pillow"},{"floor":42,"key":"Meat on the Bone"},{"floor":43,"key":"Molten Egg 2"}],"event_choices":[{"damage_healed":0,"gold_gain":0,"player_choice":"Donut","damage_taken":0,"max_hp_gain":5,"max_hp_loss":0,"event_name":"Big Fish","floor":2,"gold_loss":0},{"damage_healed":0,"gold_gain":75,"player_choice":"Gather Gold","damage_taken":11,"max_hp_gain":0,"max_hp_loss":0,"event_name":"World of Goop","floor":5,"gold_loss":0},{"cards_removed":["Strike_B"],"damage_healed":0,"gold_gain":0,"player_choice":"Took Card","damage_taken":0,"max_hp_gain":0,"max_hp_loss":0,"event_name":"NoteForYourself","floor":21,"gold_loss":0,"cards_obtained":["Strike_G"]},{"damage_healed":0,"gold_gain":0,"player_choice":"Shed Blood","damage_taken":20,"max_hp_gain":5,"max_hp_loss":0,"event_name":"Forgotten Altar","floor":25,"gold_loss":0},{"damage_healed":0,"gold_gain":99,"player_choice":"Stole From Cult","damage_taken":0,"max_hp_gain":0,"max_hp_loss":0,"event_name":"Nest","floor":30,"gold_loss":0},{"damage_healed":0,"gold_gain":0,"player_choice":"Got Potions","damage_taken":0,"max_hp_gain":0,"max_hp_loss":0,"event_name":"Lab","floor":37,"gold_loss":0},{"cards_removed":["Strike_G"],"damage_healed":0,"gold_gain":0,"player_choice":"Removed Attack","damage_taken":0,"max_hp_gain":0,"max_hp_loss":0,"event_name":"Falling","floor":46,"gold_loss":0}],"is_beta":false,"boss_relics":[{"not_picked":["Coffee Dripper","Calling Bell"],"picked":"Busted Crown"},{"not_picked":["Velvet Choker","Cursed Key"],"picked":"Astrolabe"}],"items_purged_floors":[],"is_endless":false,"potions_floor_spawned":[1,8,11,16,19,27,31,33,35,36,38,48],"ascension_level":0}}