{"host":"4b06nrmhsmzqjm1r","time":1608683206,"event":{"mods":["2.2 Compatiblity","AchievementEnabler","BaseMod","BetterRewards","Colored Map","Colored Powertips","Hermit","Highlight Path","Marisa????????","Minty Spire (QoL Compilation)","StSLib","The Animator","The Cursed","The Hierophant","The Servant 0.9.4"],"gold_per_floor":[110,110,110,126,49,93,93,134,157,157,14,35,25,44,44,167,167,180,216,240,240,263,263,263],"floor_reached":23,"playtime":4468,"items_purged":[],"score":201,"play_id":"8c6f219f-b807-4b02-877f-bee0dbcbee53","local_time":"20201223012646","is_ascension_mode":false,"campfire_choices":[{"floor":7,"key":"REST"},{"floor":10,"key":"REST"},{"floor":15,"key":"REST"}],"circlet_count":0,"master_deck":["hermit:Strike_Hermit","hermit:Strike_Hermit","hermit:Strike_Hermit","hermit:Defend_Hermit","hermit:Defend_Hermit","hermit:Defend_Hermit","hermit:Defend_Hermit","hermit:Snapshot+1","hermit:Covet","hermit:Vantage","hermit:GhostlyPresence","hermit:TakeAim","hermit:Headshot","hermit:Roughhouse+1","hermit:Vantage","hermit:Ricochet","hermit:Headshot","hermit:CursedWeapon","hermit:Horror","hermit:Deadeye","hermit:HeroicBravado","hermit:Dissolve","hermit:Combo","hermit:Scavenge","hermit:CalledShot","hermit:Coalescence","hermit:TrackingShot","hermit:RoundhouseKick","hermit:Dive"],"relics":["hermit:Momento","hermit:PetGhost","Orrery","Golden Idol","Whetstone","Vajra","SacredBark","Red Mask","Du-Vu Doll"],"acts_visited":["Exordium","TheCity"],"potions_floor_usage":[6,8,12,16,23],"damage_taken":[{"damage":6,"enemies":"Jaw Worm","floor":1,"turns":2},{"damage":2,"enemies":"Small Slimes","floor":4,"turns":4},{"damage":29,"enemies":"3 Sentries","floor":6,"turns":8},{"damage":17,"enemies":"Gremlin Nob","floor":8,"turns":4},{"damage":3,"enemies":"Cultist","floor":12,"turns":6},{"damage":0,"enemies":"Exordium Thugs","floor":13,"turns":4},{"damage":2,"enemies":"3 Louse","floor":14,"turns":3},{"damage":45,"enemies":"Hexaghost","floor":16,"turns":11},{"damage":15,"enemies":"3 Byrds","floor":18,"turns":7},{"damage":18,"enemies":"Masked Bandits","floor":19,"turns":4},{"damage":4,"enemies":"Chosen","floor":20,"turns":3},{"damage":16,"enemies":"Centurion and Healer","floor":22,"turns":7},{"damage":100020,"enemies":"Shelled Parasite and Fungi","floor":23,"turns":6}],"seed_played":"-8730106571478933445","potions_obtained":[{"floor":4,"key":"Strength Potion"},{"floor":6,"key":"LiquidMemories"},{"floor":8,"key":"Regen Potion"},{"floor":14,"key":"AttackPotion"},{"floor":20,"key":"DuplicationPotion"}],"is_trial":false,"path_per_floor":["M","?","?","M","$","E","R","E","T","R","$","M","M","M","R","B",null,"M","?","M","?","M","M"],"character_chosen":"HERMIT","items_purchased":["hermit:Vantage","hermit:PetGhost","hermit:GhostlyPresence","hermit:TakeAim","Orrery","hermit:Deadeye","hermit:Combo","hermit:Scavenge"],"campfire_rested":3,"item_purchase_floors":[0,0,0,0,0,5,11,11],"current_hp_per_floor":[34,34,34,32,32,3,23,6,6,26,26,37,37,35,55,10,69,54,36,32,32,16,0,0],"gold":263,"neow_bonus":"","is_daily":false,"chose_seed":false,"campfire_upgraded":0,"win_rate":0.0,"timestamp":1608683206,"path_taken":["M","?","?","?","$","E","R","E","T","R","?","M","M","M","R","BOSS","M","?","M","?","M","M"],"items_purchased_type":["Card","Relic","Card","Card","Relic","Card","Card","Card"],"build_version":"2020-12-13","purchased_purges":0,"victory":false,"max_hp_per_floor":[75,75,69,69,69,69,69,69,69,69,69,69,69,69,69,69,69,69,69,69,69,69,69,69],"card_choices":[{"not_picked":["hermit:Malice","hermit:PistolWhip"],"picked":"hermit:Headshot","floor":0},{"not_picked":["hermit:Misfire","hermit:TrackingShot"],"picked":"hermit:Roughhouse","floor":0},{"not_picked":["hermit:WideOpen","hermit:Desperado"],"picked":"hermit:Vantage","floor":0},{"not_picked":["hermit:Feint","hermit:Quickdraw"],"picked":"hermit:Ricochet","floor":0},{"not_picked":["hermit:Desperado","hermit:Quickdraw"],"picked":"hermit:Headshot","floor":0},{"not_picked":["hermit:LuckOfTheDraw","hermit:Gestalt","hermit:Maintenance"],"picked":"SKIP","floor":1},{"not_picked":["hermit:CursedWeapon","hermit:Showdown"],"picked":"hermit:Horror","floor":4},{"not_picked":["hermit:LoneWolf","hermit:FullyLoaded"],"picked":"hermit:HeroicBravado","floor":6},{"not_picked":["hermit:CalledShot","hermit:Vantage"],"picked":"hermit:Dissolve","floor":8},{"not_picked":["hermit:Combo","hermit:Maintenance"],"picked":"hermit:CalledShot","floor":12},{"not_picked":["hermit:Quickdraw","hermit:TakeCover"],"picked":"hermit:Coalescence","floor":13},{"not_picked":["hermit:Ricochet","hermit:Coalescence"],"picked":"hermit:TrackingShot","floor":14},{"not_picked":["hermit:Dissolve","hermit:FinalCanter"],"picked":"hermit:RoundhouseKick","floor":16},{"not_picked":["hermit:Coalescence","hermit:Brawl+1","hermit:Showdown"],"picked":"SKIP","floor":18},{"not_picked":["hermit:Manifest+1","hermit:HoleUp","hermit:ItchyTrigger"],"picked":"SKIP","floor":20},{"not_picked":["hermit:Misfire","hermit:Roulette"],"picked":"hermit:Dive","floor":22}],"player_experience":217000,"relics_obtained":[{"floor":6,"key":"Whetstone"},{"floor":8,"key":"Vajra"},{"floor":19,"key":"Red Mask"},{"floor":21,"key":"Du-Vu Doll"}],"event_choices":[{"damage_healed":0,"gold_gain":0,"cards_transformed":["hermit:Strike_Hermit"],"player_choice":"Change","damage_taken":0,"max_hp_gain":0,"max_hp_loss":0,"event_name":"Living Wall","floor":2,"gold_loss":0,"cards_obtained":["hermit:CursedWeapon"]},{"damage_healed":0,"gold_gain":0,"player_choice":"Lose Max HP","damage_taken":0,"relics_obtained":["Golden Idol"],"max_hp_gain":0,"max_hp_loss":6,"event_name":"Golden Idol","floor":3,"gold_loss":0},{"damage_healed":0,"gold_gain":0,"player_choice":"Fought Bandits","damage_taken":0,"max_hp_gain":0,"max_hp_loss":0,"event_name":"Masked Bandits","floor":19,"gold_loss":0},{"damage_healed":0,"gold_gain":0,"player_choice":"Relic","damage_taken":0,"max_hp_gain":0,"max_hp_loss":0,"event_name":"Wheel of Change","floor":21,"gold_loss":0}],"is_beta":false,"boss_relics":[{"not_picked":["Runic Dome","hermit:DentedPlate"],"picked":"SacredBark"}],"items_purged_floors":[],"is_endless":false,"potions_floor_spawned":[4,6,8,14,20],"killed_by":"Shelled Parasite and Fungi","ascension_level":0}}