{"host":"l12hrjjiowxu1z6t","time":1608740342,"event":{"mods":["BaseMod","Colored Powertips","Highlight Path","Minty Spire (QoL Compilation)","Quick Restart","SuperFastMode"],"gold_per_floor":[219,233,6,16,31,31,56,131,131,164,164,178,178,197,197,300,300,240,18,34,34,0,0,32,49,49,61,9,9,19,31,31,31,31],"floor_reached":33,"playtime":1217,"items_purged":["Defend_G"],"score":372,"play_id":"9b7b5ba7-0fd8-4145-940c-f68bf547423b","local_time":"20201223111902","is_ascension_mode":true,"campfire_choices":[{"data":"Sadistic Nature","floor":6,"key":"SMITH"},{"floor":11,"key":"REST"},{"floor":13,"key":"REST"},{"floor":15,"key":"REST"},{"data":"Sucker Punch","floor":23,"key":"SMITH"},{"floor":32,"key":"REST"}],"circlet_count":0,"master_deck":["Strike_G","Strike_G","Strike_G+1","Strike_G","Strike_G+1","Defend_G","Defend_G+1","Defend_G","Defend_G","Survivor","Neutralize","Leg Sweep","Prepared","Sadistic Nature+1","Bouncing Flask+1","Backflip","Poisoned Stab","PiercingWail","PiercingWail","Malaise","Sucker Punch+1","Shame","Poisoned Stab","PiercingWail","Bane+1","Sucker Punch+1"],"relics":["Ring of the Serpent","War Paint","Whetstone","Paper Crane","Blood Vial","Pear","Nunchaku","Anchor","MutagenicStrength"],"acts_visited":["Exordium","TheCity"],"potions_floor_usage":[7,7,7,16,25,27,32],"damage_taken":[{"damage":3,"enemies":"Cultist","floor":1,"turns":4},{"damage":1,"enemies":"2 Louse","floor":2,"turns":5},{"damage":5,"enemies":"Small Slimes","floor":4,"turns":3},{"damage":10,"enemies":"Exordium Wildlife","floor":5,"turns":5},{"damage":0,"enemies":"Gremlin Nob","floor":7,"turns":2},{"damage":30,"enemies":"3 Sentries","floor":10,"turns":6},{"damage":13,"enemies":"Exordium Thugs","floor":12,"turns":4},{"damage":9,"enemies":"Large Slime","floor":14,"turns":6},{"damage":3,"enemies":"Hexaghost","floor":16,"turns":8},{"damage":4,"enemies":"2 Thieves","floor":18,"turns":4},{"damage":0,"enemies":"Chosen","floor":20,"turns":3},{"damage":39,"enemies":"Slavers","floor":24,"turns":7},{"damage":7,"enemies":"Centurion and Healer","floor":25,"turns":5},{"damage":0,"enemies":"Snake Plant","floor":27,"turns":3},{"damage":6,"enemies":"Snecko","floor":30,"turns":4},{"damage":26,"enemies":"3 Cultists","floor":31,"turns":6},{"damage":57,"enemies":"Collector","floor":33,"turns":5}],"seed_played":"5343777468276288980","potions_obtained":[{"floor":1,"key":"FearPotion"},{"floor":2,"key":"Explosive Potion"},{"floor":5,"key":"Strength Potion"},{"floor":12,"key":"BlessingOfTheForge"},{"floor":24,"key":"Regen Potion"},{"floor":25,"key":"BlessingOfTheForge"},{"floor":31,"key":"Fruit Juice"}],"is_trial":false,"path_per_floor":["M","M","$","M","M","R","E","?","T","E","R","M","R","M","R","B",null,"M","$","M","?","?","R","E","M","T","M","$","?","M","M","R","B"],"character_chosen":"THE_SILENT","items_purchased":["Sadistic Nature","Bouncing Flask","Blood Vial","PiercingWail"],"campfire_rested":4,"item_purchase_floors":[3,3,19,28],"current_hp_per_floor":[67,66,66,61,51,51,51,40,40,10,31,18,39,30,51,48,70,66,66,68,78,78,78,41,50,50,52,52,52,48,24,53,0,0],"gold":31,"neow_bonus":"HUNDRED_GOLD","is_daily":false,"chose_seed":false,"campfire_upgraded":2,"win_rate":0.0,"timestamp":1608740342,"path_taken":["M","M","$","M","?","R","E","?","T","E","R","M","R","M","R","BOSS","M","$","M","?","?","R","E","M","T","?","$","?","M","M","R","BOSS"],"items_purchased_type":["Card","Card","Relic","Card"],"build_version":"2020-12-22","purchased_purges":1,"victory":false,"max_hp_per_floor":[70,70,70,70,70,70,70,70,70,70,70,70,70,70,70,70,70,70,70,70,80,80,80,80,80,80,80,80,80,80,80,85,85,85],"card_choices":[{"not_picked":["Well Laid Plans","Acrobatics"],"picked":"Leg Sweep","floor":1},{"not_picked":["Accuracy","Flying Knee"],"picked":"Prepared","floor":2},{"not_picked":["Deflect","Slice","Escape Plan"],"picked":"SKIP","floor":4},{"not_picked":["Deflect","Slice"],"picked":"Backflip","floor":5},{"not_picked":["Flying Knee","Dagger Spray"],"picked":"Poisoned Stab","floor":7},{"not_picked":["Tactician","Blade Dance"],"picked":"PiercingWail","floor":10},{"not_picked":["Dash","Storm of Steel","Dodge and Roll"],"picked":"SKIP","floor":12},{"not_picked":["Prepared","Caltrops"],"picked":"PiercingWail","floor":14},{"not_picked":["Unload","Storm of Steel"],"picked":"Malaise","floor":16},{"not_picked":["Caltrops","Blade Dance","Endless Agony"],"picked":"SKIP","floor":18},{"not_picked":["Blade Dance","Underhanded Strike+1"],"picked":"Sucker Punch","floor":20},{"not_picked":["Dagger Spray","Finisher","Cloak And Dagger+1"],"picked":"SKIP","floor":24},{"not_picked":["Slice","Skewer+1"],"picked":"Poisoned Stab","floor":25},{"not_picked":["Acrobatics+1","Eviscerate","Choke"],"picked":"SKIP","floor":27},{"not_picked":["Setup+1","Slice"],"picked":"Bane+1","floor":30},{"not_picked":["Well Laid Plans","Dash"],"picked":"Sucker Punch+1","floor":31}],"player_experience":142226,"relics_obtained":[{"floor":7,"key":"War Paint"},{"floor":9,"key":"Whetstone"},{"floor":10,"key":"Paper Crane"},{"floor":24,"key":"Nunchaku"},{"floor":26,"key":"Anchor"}],"event_choices":[{"damage_healed":0,"gold_gain":75,"player_choice":"Gather Gold","damage_taken":11,"max_hp_gain":0,"max_hp_loss":0,"event_name":"World of Goop","floor":8,"gold_loss":0},{"damage_healed":0,"gold_gain":0,"player_choice":"Stole Relic","damage_taken":0,"relics_obtained":["Pear"],"max_hp_gain":0,"max_hp_loss":0,"event_name":"Addict","floor":21,"gold_loss":0,"cards_obtained":["Shame"]},{"damage_healed":0,"gold_gain":0,"player_choice":"Paid Fearfully","damage_taken":0,"max_hp_gain":0,"max_hp_loss":0,"event_name":"Masked Bandits","floor":22,"gold_loss":34},{"damage_healed":0,"gold_gain":0,"player_choice":"Inject Mutagens","damage_taken":0,"relics_obtained":["MutagenicStrength"],"max_hp_gain":0,"max_hp_loss":0,"event_name":"Drug Dealer","floor":29,"gold_loss":0}],"is_beta":false,"boss_relics":[{"not_picked":["HoveringKite","Tiny House"],"picked":"Ring of the Serpent"}],"items_purged_floors":[19],"is_endless":false,"potions_floor_spawned":[1,2,5,12,24,25,31],"killed_by":"Collector","ascension_level":3}}