{"host":"4w8ocelhatf0iefc","time":1608705252,"event":{"mods":["AchievementEnabler","Act Like it!","Aspiration","BaseMod","Colored Map","Colored Powertips","Hubris","Minty Spire (QoL Compilation)","Replay The Spire","StSLib"],"gold_per_floor":[110,60,60,80,98,98,114,154,154,154,154],"floor_reached":10,"playtime":384,"items_purged":[],"score":75,"play_id":"eea3e885-ba26-4f03-9250-45ca375dbe70","local_time":"20201223143412","is_ascension_mode":true,"campfire_choices":[{"data":"Vigilance","floor":6,"key":"SMITH"}],"circlet_count":0,"master_deck":["Strike_P","Strike_P","Strike_P","Defend_P","Defend_P","Defend_P","Defend_P","Eruption+1","Vigilance+1","Swivel","Cold Snap","CrushJoints","Crescendo","Establishment"],"relics":["PureWater","aspiration:Nostalgia","Iron Core","CeramicFish","Darkstone Periapt"],"acts_visited":["Exordium"],"potions_floor_usage":[8,8,8],"damage_taken":[{"damage":4,"enemies":"Jaw Worm","floor":1,"turns":4},{"damage":4,"enemies":"Small Slimes","floor":4,"turns":3},{"damage":0,"enemies":"2 Louse","floor":5,"turns":2},{"damage":5,"enemies":"Exordium Thugs","floor":7,"turns":6},{"damage":45,"enemies":"Lagavulin","floor":8,"turns":5},{"damage":28,"enemies":"3 Sentries","floor":10,"turns":6}],"seed_played":"8424588631745438051","potions_obtained":[{"floor":1,"key":"Weak Potion"},{"floor":4,"key":"Strength Potion"},{"floor":7,"key":"Weak Potion"}],"is_trial":false,"path_per_floor":["M","?","?","M","M","R","M","E","T","E"],"character_chosen":"WATCHER","items_purchased":[],"campfire_rested":0,"item_purchase_floors":[],"current_hp_per_floor":[68,68,68,64,64,64,59,14,14,0,0],"gold":154,"neow_bonus":"NOSTALGIA","is_daily":false,"chose_seed":false,"campfire_upgraded":1,"win_rate":0.0,"timestamp":1608705252,"path_taken":["M","?","?","M","?","R","M","E","T","E"],"items_purchased_type":[],"build_version":"2020-12-22","purchased_purges":0,"victory":false,"max_hp_per_floor":[72,72,72,72,72,72,72,72,72,72,72],"card_choices":[{"not_picked":["Replay:ManipulateFuture","Body Slam"],"picked":"Swivel","floor":1},{"not_picked":["WindmillStrike","Warcry"],"picked":"Cold Snap","floor":4},{"not_picked":["Gash","Clash"],"picked":"CrushJoints","floor":5},{"not_picked":["Warcry","Steam Power"],"picked":"Crescendo","floor":7},{"not_picked":["DeceiveReality","JustLucky"],"picked":"Establishment","floor":8}],"player_experience":262788,"relics_obtained":[{"floor":8,"key":"CeramicFish"},{"floor":9,"key":"Darkstone Periapt"}],"event_choices":[{"cards_removed":["Strike_P"],"damage_healed":0,"gold_gain":0,"player_choice":"Card Removal","damage_taken":0,"max_hp_gain":0,"max_hp_loss":0,"event_name":"The Cleric","floor":2,"gold_loss":50},{"damage_healed":0,"gold_gain":0,"player_choice":"Grow","damage_taken":0,"max_hp_gain":0,"max_hp_loss":0,"event_name":"Living Wall","floor":3,"gold_loss":0,"cards_upgraded":["Eruption"]}],"is_beta":false,"boss_relics":[],"items_purged_floors":[],"is_endless":false,"potions_floor_spawned":[1,4,7],"killed_by":"3 Sentries","ascension_level":2}}