{"host":"8xt6qtpg1rkermdd","time":1608722609,"event":{"mods":["AchievementEnabler","Astrologer","Bard","BaseMod","Colored Powertips","Downfall","Hermit","Highlight Path","Hubris","Infinite Spire","Jorbs\u0027s Wanderer Trilogy","Marisa????????","Minty Spire (QoL Compilation)","Replay The Spire","Shade Mod","StSLib","The Blackbeard","The Bladedancer","The Bug Knight","The Construct","The Cursed","The Disciple","The Dragon Tamer","The Gatherer","The Hayseed","The Marked","The Necromancer","The Runesmith","The Servant 0.9.4","TheArtist"],"gold_per_floor":[113,113,127,147,163,163,180,191,191,208,208,208,40,57,57,154,154,170,170,188,207,322,322,322,349,349,112,112,112,123,133,133,232,232,243,293,307,320,336,336,336,336,336],"floor_reached":42,"playtime":2370,"items_purged":[],"score":471,"play_id":"d1ef4623-c67c-4b7f-afb1-cab260bbe754","local_time":"20201223052329","is_ascension_mode":false,"campfire_choices":[{"data":"Zap","floor":6,"key":"SMITH"},{"floor":15,"key":"REST"},{"data":"FIFO Queue","floor":23,"key":"SMITH"},{"floor":32,"key":"REST"},{"floor":40,"key":"REST"}],"circlet_count":0,"master_deck":["Strike_B","Defend_B","Defend_B","Defend_B","Defend_B","Zap+1","Dualcast","Panic Button","hubris:Ukulele","Cold Snap","Redo","Beam Cell","Beam Cell","Redo+1","Hyperbeam","Steam","Conserve Battery","Reboot","CurseOfTheBell","Steam+1","Melter","Crystallizer","Tempest","Barrage+1","FIFO Queue+1","Barrage","Echo Form","Gash+1","Doom and Gloom","Coolheaded","Barrage+1","Chill+1","Gash","Panic Button+1","Machine Learning","Conserve Battery+1","BasicCrystalCard+1","Creative AI+1","ReplayTheSpireMod:Repulse+1","FIFO Queue","Self Repair","Meteor Strike","BasicCrystalCard","Redo+1","Leap+1","FIFO Queue+1","Loop","Electrodynamics"],"relics":["Cracked Core","Lizard Tail","hubris:MobiusCoin","construct:RocketBooster","Replay:Frozen Program","Prayer Wheel","Replay:Grab Bag","ChewingGum","Velvet Choker","Calling Bell","Nuclear Battery","FossilizedHelix","infinitespire:PuzzleCube","Replay:Accelerometer","infinitespire:FocusingShard","Red Mask","infinitespire:Bottled Soul","Anchor","Painkiller Herb","Astrolabe","Prayer Wheel"],"acts_visited":["Exordium","TheCity","TheBeyond"],"potions_floor_usage":[25],"damage_taken":[{"damage":0,"enemies":"2 Louse","floor":1,"turns":3},{"damage":6,"enemies":"Cultist","floor":3,"turns":3},{"damage":5,"enemies":"Small Slimes","floor":4,"turns":4},{"damage":0,"enemies":"Blue Slaver","floor":5,"turns":3},{"damage":0,"enemies":"2 Fungi Beasts","floor":7,"turns":2},{"damage":17,"enemies":"Lots of Slimes","floor":8,"turns":5},{"damage":9,"enemies":"Blue Slaver","floor":10,"turns":3},{"damage":18,"enemies":"3 Louse","floor":14,"turns":4},{"damage":29,"enemies":"Hexaghost","floor":16,"turns":10},{"damage":13,"enemies":"3 Byrds","floor":18,"turns":4},{"damage":2,"enemies":"Shell Parasite","floor":20,"turns":4},{"damage":0,"enemies":"Snecko","floor":21,"turns":3},{"damage":12,"enemies":"Centurion and Healer","floor":22,"turns":5},{"damage":7,"enemies":"Masked Bandits","floor":25,"turns":4},{"damage":0,"enemies":"Cultist and Chosen","floor":30,"turns":4},{"damage":0,"enemies":"Snake Plant","floor":31,"turns":3},{"damage":0,"enemies":"Champ","floor":33,"turns":9},{"damage":26,"enemies":"3 Darklings","floor":35,"turns":6},{"damage":0,"enemies":"Orb Walker","floor":37,"turns":2},{"damage":42,"enemies":"Transient","floor":38,"turns":5},{"damage":54,"enemies":"3 Darklings","floor":39,"turns":9},{"damage":56,"enemies":"Maw","floor":42,"turns":8}],"seed_played":"-4817953925885961080","potions_obtained":[{"floor":1,"key":"Dexterity Potion"},{"floor":5,"key":"construct:ShiftPotion"},{"floor":8,"key":"Block Potion"},{"floor":10,"key":"SteroidPotion"},{"floor":31,"key":"Energy Potion"}],"is_trial":false,"path_per_floor":["M","?","M","M","M","R","M","M","T","M","?","T","$","M","R","B",null,"M","?","M","M","M","R","?","?","T","$","?","?","M","M","R","B",null,"?","AVR","?","?","?","T","?","?"],"character_chosen":"DEFECT","items_purchased":["Replay:Frozen Program","Redo","Anchor","Doom and Gloom","Coolheaded"],"campfire_rested":3,"item_purchase_floors":[13,13,27,27,27],"current_hp_per_floor":[68,68,62,57,57,57,57,40,40,31,31,31,31,13,33,4,68,55,55,53,53,41,41,41,34,34,34,22,22,22,22,43,43,73,47,47,47,12,8,29,29,0,0],"gold":336,"neow_bonus":"ONE_RARE_RELIC","is_daily":false,"chose_seed":false,"campfire_upgraded":2,"win_rate":0.0,"timestamp":1608722609,"path_taken":["M","?","M","M","?","R","M","M","T","M","?","?","$","M","R","BOSS","M","?","?","M","M","R","?","?","T","$","?","?","M","M","R","BOSS","?","AVR","?","?","?","T","?","?"],"items_purchased_type":["Relic","Card","Relic","Card","Card"],"build_version":"2020-12-22","purchased_purges":0,"victory":false,"max_hp_per_floor":[68,68,68,68,68,68,68,68,68,68,68,68,68,68,68,68,68,68,68,68,68,68,68,68,68,68,68,73,73,73,73,73,73,73,73,73,73,73,73,73,73,73,73],"card_choices":[{"not_picked":["Consume","ReplaySort"],"picked":"Stack","floor":1},{"not_picked":["Blizzard","Beam Cell"],"picked":"hubris:Ukulele","floor":3},{"not_picked":["ReplayTheSpireMod:System Scan","Coolheaded"],"picked":"Cold Snap","floor":4},{"not_picked":["Rebound","Aggregate"],"picked":"Redo","floor":5},{"not_picked":["Stack","ReplayTheSpireMod:System Scan"],"picked":"Beam Cell","floor":7},{"not_picked":["BootSequence","Fusion"],"picked":"Beam Cell","floor":8},{"not_picked":["Storm","ReplayTheSpireMod:Repulse"],"picked":"ReplayRNGCard","floor":10},{"not_picked":["Streamline","Gash"],"picked":"Steam","floor":14},{"not_picked":["Redo","ReplayTheSpireMod:Repulse"],"picked":"Conserve Battery","floor":14},{"not_picked":["Creative AI","Amplify"],"picked":"Reboot","floor":16},{"not_picked":["ReplayTheSpireMod:Calculation Training+1","Conserve Battery"],"picked":"Steam+1","floor":18},{"not_picked":["Darkness+1","Sweeping Beam"],"picked":"Melter","floor":18},{"not_picked":["Leap+1","Hello World"],"picked":"Crystallizer","floor":20},{"not_picked":["Rebound","Coolheaded"],"picked":"Tempest","floor":20},{"not_picked":["Steam","Gash"],"picked":"Barrage+1","floor":21},{"not_picked":["ReplayTheSpireMod:System Scan","Steam+1"],"picked":"FIFO Queue","floor":21},{"not_picked":["Go for the Eyes","Sweeping Beam+1"],"picked":"Barrage","floor":22},{"not_picked":["Cold Snap+1","Rebound"],"picked":"Echo Form","floor":22},{"not_picked":["Force Field","Reinforced Body"],"picked":"Gash+1","floor":25},{"not_picked":["Heatsinks","Lockon"],"picked":"Barrage+1","floor":30},{"not_picked":["Panic Button","Blizzard"],"picked":"Chill+1","floor":30},{"not_picked":["Steam","Redo"],"picked":"Gash","floor":31},{"not_picked":["Cold Snap+1","Streamline"],"picked":"Panic Button+1","floor":31},{"not_picked":["hubris:DoWhile","Amplify"],"picked":"Machine Learning","floor":33},{"not_picked":["Beam Cell+1","Gash"],"picked":"Conserve Battery+1","floor":35},{"not_picked":["Loop+1","Beam Cell+1"],"picked":"BasicCrystalCard+1","floor":35},{"not_picked":["Blizzard","ReplayTheSpireMod:GoodbyeWorld+1"],"picked":"FIFO Queue","floor":37},{"not_picked":["Double Energy","Stack"],"picked":"Self Repair","floor":37},{"not_picked":["ReplayTheSpireMod:System Scan","Hello World"],"picked":"BasicCrystalCard","floor":38},{"not_picked":["Hologram","Conserve Battery+1"],"picked":"Redo+1","floor":38},{"not_picked":["Static Discharge","ReplayTheSpireMod:Repulse"],"picked":"Leap+1","floor":38},{"not_picked":["Double Energy","Stack"],"picked":"FIFO Queue+1","floor":39},{"not_picked":["Time Bomb","ReplayGash"],"picked":"Loop","floor":39},{"not_picked":["Self Repair+1","Streamline"],"picked":"Electrodynamics","floor":39}],"player_experience":19778,"relics_obtained":[{"floor":9,"key":"hubris:MobiusCoin"},{"floor":12,"key":"construct:RocketBooster"},{"floor":17,"key":"FossilizedHelix"},{"floor":17,"key":"infinitespire:PuzzleCube"},{"floor":17,"key":"Replay:Accelerometer"},{"floor":25,"key":"Red Mask"},{"floor":26,"key":"infinitespire:Bottled Soul"}],"event_choices":[{"damage_healed":0,"gold_gain":0,"cards_transformed":["Stack"],"player_choice":"Transformed","damage_taken":0,"max_hp_gain":0,"max_hp_loss":0,"event_name":"Transmorgrifier","floor":2,"gold_loss":0,"cards_obtained":["Panic Button"]},{"damage_healed":0,"gold_gain":0,"player_choice":"Forge","damage_taken":0,"max_hp_gain":0,"max_hp_loss":0,"event_name":"Accursed Blacksmith","floor":19,"gold_loss":0,"cards_upgraded":["Redo"]},{"damage_healed":0,"gold_gain":0,"player_choice":"Fought Bandits","damage_taken":0,"max_hp_gain":0,"max_hp_loss":0,"event_name":"Masked Bandits","floor":25,"gold_loss":0},{"damage_healed":0,"gold_gain":0,"player_choice":"Shed Blood","damage_taken":17,"max_hp_gain":5,"max_hp_loss":0,"event_name":"Forgotten Altar","floor":28,"gold_loss":0}],"is_beta":false,"boss_relics":[{"not_picked":["Ectoplasm","Black Star"],"picked":"Replay:Grab Bag"},{"not_picked":["hubris:RunicObelisk","Busted Crown"],"picked":"ChewingGum"},{"not_picked":["ReplayTheSpireMod:DimensionalGlitch","hubris:TerracottaHorce"],"picked":"Velvet Choker"},{"not_picked":["hubris:ScarierMask","ReplayTheSpireMod:SealedPack"],"picked":"Calling Bell"},{"not_picked":["FrozenCore","hubris:Backtick"],"picked":"Nuclear Battery"},{"not_picked":["Replay:Ancient Bell","Honey Jar"],"picked":"Painkiller Herb"}],"items_purged_floors":[],"is_endless":false,"potions_floor_spawned":[1,5,8,10,16,20,21,25,31,35,38],"killed_by":"Maw","ascension_level":0}}