{"host":"Fun","time":1608737129,"event":{"mods":["BaseMod","Colored Map","Filter the Spire","Minty Spire (QoL Compilation)","Relic Stats","StSLib"],"gold_per_floor":[117,292,34,46,46,46,77,77,77,97,97,130,142,177,177,252,252,268,268,193,143,143,143,171,171,171,196,4,4,19,32,32,106,106,116,116,134,134,146,146,178,178,205,205,65,65,65,0,0,0],"floor_reached":51,"playtime":1822,"items_purged":["Doubt","Strike_R","Strike_R"],"score":1205,"play_id":"cccc4b10-3647-4262-94be-2605359203ec","local_time":"20201223102529","is_ascension_mode":true,"campfire_choices":[{"data":"Flex","floor":6,"key":"SMITH"},{"data":"Twin Strike","floor":8,"key":"SMITH"},{"data":"Metallicize","floor":15,"key":"SMITH"},{"data":"Armaments","floor":23,"key":"SMITH"},{"floor":25,"key":"REST"},{"data":"Limit Break","floor":29,"key":"SMITH"},{"floor":32,"key":"REST"},{"data":"True Grit","floor":40,"key":"SMITH"},{"data":"Metallicize","floor":42,"key":"SMITH"},{"data":"Limit Break","floor":44,"key":"SMITH"},{"data":"Demon Form","floor":49,"key":"SMITH"}],"circlet_count":0,"master_deck":["AscendersBane","Strike_R","Strike_R","Defend_R+1","Defend_R","Defend_R","Defend_R","Bash","Flash of Steel","Flex+1","Sword Boomerang","True Grit+1","Headbutt","Twin Strike+1","Armaments+1","Dark Shackles","Infernal Blade","Metallicize+1","Limit Break+1","Metallicize+1","Dark Embrace","Shrug It Off+1","Dark Embrace","Limit Break+1","CurseOfTheBell","Spot Weakness+1","Demon Form+1","Madness","Madness"],"relics":["Burning Blood","WarpedTongs","Membership Card","Potion Belt","Red Skull","Meat on the Bone","Velvet Choker","Dead Branch","Thread and Needle","Matryoshka","Gambling Chip","Oddly Smooth Stone","Medical Kit","Calling Bell","Akabeko","Eternal Feather","Ginger","Lizard Tail","Vajra","War Paint","Pantograph","Mercury Hourglass","Red Mask"],"acts_visited":["Exordium","TheCity","TheBeyond"],"potions_floor_usage":[33,50],"damage_taken":[{"damage":1,"enemies":"Small Slimes","floor":1,"turns":4},{"damage":1,"enemies":"2 Louse","floor":4,"turns":3},{"damage":21,"enemies":"3 Sentries","floor":7,"turns":8},{"damage":6,"enemies":"Cultist","floor":10,"turns":3},{"damage":30,"enemies":"Lagavulin","floor":12,"turns":5},{"damage":9,"enemies":"Red Slaver","floor":13,"turns":2},{"damage":6,"enemies":"Gremlin Nob","floor":14,"turns":3},{"damage":8,"enemies":"The Guardian","floor":16,"turns":12},{"damage":16,"enemies":"Spheric Guardian","floor":18,"turns":4},{"damage":41,"enemies":"Gremlin Leader","floor":24,"turns":9},{"damage":19,"enemies":"Book of Stabbing","floor":27,"turns":7},{"damage":0,"enemies":"Shell Parasite","floor":30,"turns":8},{"damage":22,"enemies":"Snake Plant","floor":31,"turns":6},{"damage":61,"enemies":"Collector","floor":33,"turns":10},{"damage":10,"enemies":"3 Darklings","floor":35,"turns":13},{"damage":0,"enemies":"Orb Walker","floor":37,"turns":4},{"damage":13,"enemies":"3 Darklings","floor":39,"turns":8},{"damage":23,"enemies":"Nemesis","floor":41,"turns":9},{"damage":28,"enemies":"Awakened One","floor":50,"turns":9}],"seed_played":"-6675749914378203203","potions_obtained":[{"floor":13,"key":"DistilledChaos"},{"floor":14,"key":"DuplicationPotion"},{"floor":18,"key":"SteroidPotion"},{"floor":24,"key":"Explosive Potion"},{"floor":37,"key":"SkillPotion"}],"is_trial":false,"path_per_floor":["M","?","$","M","?","R","E","R","T","M","?","E","M","E","R","B",null,"M","T","?","$","?","R","E","R","T","E","$","R","M","M","R","B",null,"M","?","M","?","M","R","E","R","T","R","$","?","T","?","R","B",null],"character_chosen":"IRONCLAD","items_purchased":["Membership Card","Flex","Sword Boomerang","True Grit","Shrug It Off","Oddly Smooth Stone","Medical Kit","Dark Embrace","Demon Form"],"campfire_rested":2,"item_purchase_floors":[3,3,3,3,28,28,28,28,45],"current_hp_per_floor":[77,77,77,80,80,80,65,65,65,65,65,41,38,38,38,48,72,62,62,62,62,62,62,39,63,63,50,50,50,56,52,76,33,68,64,64,70,70,63,78,61,76,76,80,80,70,70,70,80,58],"gold":0,"neow_bonus":"RANDOM_COLORLESS","is_daily":false,"chose_seed":false,"campfire_upgraded":9,"win_rate":0.0,"timestamp":1608737129,"path_taken":["M","?","$","M","?","R","E","R","T","M","?","E","?","E","R","BOSS","M","?","?","$","?","R","E","R","T","E","$","R","M","M","R","BOSS","M","?","M","?","M","R","E","R","T","R","$","?","?","?","R","BOSS"],"items_purchased_type":["Relic","Card","Card","Card","Card","Relic","Relic","Card","Card"],"build_version":"2020-12-18","purchased_purges":3,"victory":true,"max_hp_per_floor":[80,80,80,80,80,80,80,80,80,80,80,80,80,80,80,80,80,80,80,80,80,80,80,80,80,80,80,80,80,80,80,80,80,80,80,80,80,80,80,80,80,80,80,80,80,80,80,80,80,80],"relic_stats":{"counters":[19,127],"Dead Branch":[68],"Eternal Feather":44,"Ginger":[0],"War Paint":["Shrug It Off","Defend_R"],"Medical Kit":[5],"Burning Blood":112,"WarpedTongs":[120],"Mercury Hourglass":[42],"Lizard Tail":0,"Gambling Chip":[21],"Pantograph":0,"obtain_stats":[{"Potion Belt":7,"Dead Branch":19,"Velvet Choker":17,"Oddly Smooth Stone":28,"Vajra":43,"Thread and Needle":24,"Eternal Feather":34,"Ginger":34,"War Paint":43,"Medical Kit":28,"Burning Blood":0,"Akabeko":34,"WarpedTongs":1,"Mercury Hourglass":47,"Calling Bell":34,"Lizard Tail":41,"Matryoshka":26,"Gambling Chip":27,"Pantograph":47,"Red Mask":48,"Membership Card":3,"Red Skull":9,"Meat on the Bone":14},{"Potion Belt":3,"Dead Branch":9,"Velvet Choker":8,"Oddly Smooth Stone":11,"Vajra":18,"Thread and Needle":10,"Eternal Feather":14,"Ginger":14,"War Paint":18,"Medical Kit":11,"Burning Blood":0,"Akabeko":14,"WarpedTongs":1,"Mercury Hourglass":18,"Calling Bell":14,"Lizard Tail":18,"Matryoshka":10,"Gambling Chip":11,"Pantograph":18,"Red Mask":18,"Membership Card":1,"Red Skull":3,"Meat on the Bone":7},{"Potion Belt":15,"Dead Branch":44,"Velvet Choker":40,"Oddly Smooth Stone":60,"Vajra":118,"Thread and Needle":53,"Eternal Feather":84,"Ginger":84,"War Paint":118,"Medical Kit":60,"Burning Blood":0,"Akabeko":84,"WarpedTongs":1,"Mercury Hourglass":118,"Calling Bell":84,"Lizard Tail":118,"Matryoshka":53,"Gambling Chip":60,"Pantograph":118,"Red Mask":118,"Membership Card":4,"Red Skull":15,"Meat on the Bone":28}],"Meat on the Bone":48},"card_choices":[{"not_picked":["Trip","Purity"],"picked":"Flash of Steel","floor":0},{"not_picked":["Sentinel","Evolve"],"picked":"Iron Wave","floor":1},{"not_picked":["Perfected Strike","Entrench"],"picked":"Headbutt","floor":4},{"not_picked":["Perfected Strike","Hemokinesis"],"picked":"Twin Strike","floor":7},{"not_picked":["Pommel Strike","Havoc"],"picked":"Armaments","floor":10},{"not_picked":["Anger","Heavy Blade"],"picked":"Infernal Blade","floor":12},{"not_picked":["Double Tap","Dual Wield","Iron Wave"],"picked":"SKIP","floor":13},{"not_picked":["Perfected Strike","Headbutt"],"picked":"Metallicize","floor":14},{"not_picked":["Juggernaut","Impervious"],"picked":"Limit Break","floor":16},{"not_picked":["Seeing Red","Thunderclap"],"picked":"Metallicize","floor":18},{"not_picked":["Carnage","Combust"],"picked":"Dark Embrace","floor":24},{"not_picked":["Sever Soul+1","Pommel Strike","Carnage"],"picked":"SKIP","floor":27},{"not_picked":["Blood for Blood+1","Perfected Strike","Headbutt"],"picked":"SKIP","floor":30},{"not_picked":["Pommel Strike","Body Slam","Armaments"],"picked":"SKIP","floor":31},{"not_picked":["Double Tap","Offering"],"picked":"Limit Break","floor":33},{"not_picked":["Flex","Cleave+1","Wild Strike"],"picked":"SKIP","floor":35},{"not_picked":["Body Slam","Armaments","Blood for Blood"],"picked":"SKIP","floor":37},{"not_picked":["Ghostly Armor+1","Power Through","Shrug It Off"],"picked":"SKIP","floor":39},{"not_picked":["Ghostly Armor","Intimidate+1"],"picked":"Spot Weakness+1","floor":41}],"player_experience":106216,"relics_obtained":[{"floor":7,"key":"Potion Belt"},{"floor":9,"key":"Red Skull"},{"floor":14,"key":"Meat on the Bone"},{"floor":19,"key":"Dead Branch"},{"floor":24,"key":"Thread and Needle"},{"floor":26,"key":"Matryoshka"},{"floor":27,"key":"Gambling Chip"},{"floor":34,"key":"Akabeko"},{"floor":34,"key":"Eternal Feather"},{"floor":34,"key":"Ginger"},{"floor":41,"key":"Lizard Tail"},{"floor":43,"key":"Vajra"},{"floor":43,"key":"War Paint"},{"floor":47,"key":"Pantograph"},{"floor":47,"key":"Mercury Hourglass"}],"event_choices":[{"damage_healed":0,"gold_gain":175,"player_choice":"AGREE","damage_taken":0,"max_hp_gain":0,"max_hp_loss":0,"event_name":"Liars Game","floor":2,"gold_loss":0,"cards_obtained":["Doubt"]},{"damage_healed":0,"gold_gain":0,"player_choice":"Leave","damage_taken":0,"max_hp_gain":0,"max_hp_loss":0,"event_name":"The Cleric","floor":5,"gold_loss":0},{"damage_healed":0,"gold_gain":0,"player_choice":"1 cards matched","damage_taken":0,"max_hp_gain":0,"max_hp_loss":0,"event_name":"Match and Keep!","floor":11,"gold_loss":0,"cards_obtained":["Dark Shackles"]},{"cards_removed":["Strike_R"],"damage_healed":0,"gold_gain":0,"player_choice":"Gave Gold","damage_taken":0,"max_hp_gain":0,"max_hp_loss":0,"event_name":"Beggar","floor":20,"gold_loss":75},{"damage_healed":0,"gold_gain":0,"player_choice":"Ignored","damage_taken":0,"max_hp_gain":0,"max_hp_loss":0,"event_name":"Vampires","floor":22,"gold_loss":0},{"damage_healed":0,"gold_gain":0,"player_choice":"Ignored","damage_taken":0,"max_hp_gain":0,"max_hp_loss":0,"event_name":"Mysterious Sphere","floor":36,"gold_loss":0},{"cards_removed":["Iron Wave"],"damage_healed":0,"gold_gain":0,"player_choice":"Removed Attack","damage_taken":0,"max_hp_gain":0,"max_hp_loss":0,"event_name":"Falling","floor":38,"gold_loss":0},{"damage_healed":0,"gold_gain":0,"player_choice":"Embrace Madness","damage_taken":10,"max_hp_gain":0,"max_hp_loss":0,"event_name":"Winding Halls","floor":46,"gold_loss":0,"cards_obtained":["Madness","Madness"]},{"damage_healed":0,"gold_gain":0,"player_choice":"Paid","damage_taken":0,"relics_obtained":["Red Mask"],"max_hp_gain":0,"max_hp_loss":0,"event_name":"Tomb of Lord Red Mask","floor":48,"gold_loss":65}],"is_beta":true,"boss_relics":[{"not_picked":["Ectoplasm","Fusion Hammer"],"picked":"Velvet Choker"},{"not_picked":["Cursed Key","Coffee Dripper"],"picked":"Calling Bell"}],"items_purged_floors":[3,21,45],"is_endless":false,"potions_floor_spawned":[13,14,18,24,37],"ascension_level":13}}