{"host":"cp5jenm8mmpif3zo","time":1608755346,"event":{"mods":["Act Like it!","Aspiration","BaseMod","BetterRewards","Colored Map","Conspire","Energized Spire","FTL Soundtrack","Friendly Minions","Gensokyo","Halation","Highlight Path","Hubris","Kiyohime????","Koishi","Marisa????????","Minty Spire (QoL Compilation)","Pikachu Mod","Prisma Mod","Quick Restart","Railgun Mod","Random Character Button","Replay The Spire","Shop Mod","Spikes Relics","StSLib","The IronCluck","TheHero","Yuyuko","vexMod"],"gold_per_floor":[112,67,87,17,37,37,37,37,37,53,121,121,131,131,145,161,161,259,259,275,286,286,286,296,296,315,347,347,347,357,369,369,379,379,483,483,498,498,518,145,164,192,192,205,205,205,222,222,222,234,234,234],"floor_reached":53,"playtime":2404,"items_purged":["TheRailgun:Thundervolt"],"score":1005,"play_id":"5e5ec63e-93ca-4f9e-bb30-5f59ba93d1d0","local_time":"20201223142906","is_ascension_mode":false,"campfire_choices":[{"data":"TheRailgun:Coin_Flip","floor":6,"key":"SMITH"},{"data":"TheRailgun:Coin_Flip","floor":9,"key":"SMITH"},{"data":"TheRailgun:Thundershock","floor":14,"key":"SMITH"},{"data":"TheRailgun:Discharge","floor":17,"key":"SMITH"},{"data":"TheRailgun:Supercharge","floor":25,"key":"SMITH"},{"data":"TheRailgun:Sister_Noise","floor":29,"key":"SMITH"},{"data":"TheRailgun:Sister_Noise","floor":32,"key":"SMITH"},{"data":"TheRailgun:Charge","floor":43,"key":"SMITH"},{"data":"TheRailgun:Pull","floor":46,"key":"SMITH"},{"data":"TheRailgun:Iron_Dust_Field","floor":48,"key":"SMITH"},{"data":"Gensokyo:CrescentMoonSlash","floor":51,"key":"PURGE"}],"circlet_count":0,"master_deck":["TheRailgun:Strike","TheRailgun:Strike","TheRailgun:Strike","TheRailgun:Strike","TheRailgun:Defend","TheRailgun:Defend","TheRailgun:Discharge+1","TheRailgun:Static+1","TheRailgun:Sister_Noise+1","TheRailgun:Overload+1","TheRailgun:Coin_Flip+1","TheRailgun:Zap","TheRailgun:Coin_Flip+1","TheRailgun:Thundershock+1","TheRailgun:Iron_Dust_Vial","TheRailgun:Iron_Dust_Vial","TheRailgun:Supercharge+1","TheRailgun:Iron_Dust_Vial+1","TheRailgun:Iron_Dust_Field+1","TheRailgun:Battery_Pack+1","TheRailgun:Sister_Noise+1","TheRailgun:Iron_Dust_Field+1","TheRailgun:Magnetic_Movement+1","TheRailgun:Charge+1","TheRailgun:Thunder","TheRailgun:Pull+1","TheRailgun:Token_Collection+1","TheRailgun:Iron_Dust_Vial+1"],"relics":["TheRailgun:CoinRelic","hubris:PeanutButter","hubris:HollowSoul","hubris:BottledHeart","Rawhide","Durian","vexMod:MysteryBossChallenge","halation:PeacePiece","MerchantsRug","White Beast Statue","Molten Egg 2"],"acts_visited":["Exordium","TheCity","TheBeyond"],"potions_floor_usage":[18,20,26,35,40,42,52,52,52],"damage_taken":[{"damage":0,"enemies":"Gensokyo:3_Fairies","floor":1,"turns":4},{"damage":0,"enemies":"Gensokyo:2_Kodama","floor":3,"turns":2},{"damage":3,"enemies":"Gensokyo:Gryphon","floor":5,"turns":2},{"damage":2,"enemies":"Gensokyo:VengefulSpirit","floor":10,"turns":2},{"damage":0,"enemies":"Gensokyo:Kitsune","floor":13,"turns":2},{"damage":0,"enemies":"Gensokyo:LivingMonolith","floor":15,"turns":2},{"damage":0,"enemies":"Gensokyo:Gryphon_and_Rabbit","floor":16,"turns":2},{"damage":0,"enemies":"Gensokyo:Yukari","floor":18,"turns":4},{"damage":0,"enemies":"conspire:FuzzyDice","floor":20,"turns":3},{"damage":0,"enemies":"Spheric Guardian","floor":21,"turns":1},{"damage":0,"enemies":"3 Cultists","floor":24,"turns":3},{"damage":0,"enemies":"Centurion and Healer","floor":26,"turns":2},{"damage":0,"enemies":"Gremlin Leader","floor":27,"turns":2},{"damage":0,"enemies":"Shelled Parasite and Fungi","floor":30,"turns":3},{"damage":0,"enemies":"conspire:HollyBat","floor":31,"turns":4},{"damage":0,"enemies":"Cultist and Chosen","floor":33,"turns":2},{"damage":0,"enemies":"hubris:MusketHawk","floor":35,"turns":4},{"damage":0,"enemies":"3 Darklings","floor":37,"turns":3},{"damage":0,"enemies":"Orb Walker","floor":39,"turns":2},{"damage":0,"enemies":"Transient","floor":41,"turns":5},{"damage":0,"enemies":"Giant Head","floor":42,"turns":4},{"damage":0,"enemies":"Jaw Worm Horde","floor":44,"turns":3},{"damage":0,"enemies":"Spire Growth","floor":47,"turns":3},{"damage":0,"enemies":"4 Shapes","floor":50,"turns":3},{"damage":0,"enemies":"Time Eater","floor":52,"turns":8}],"seed_played":"4946583193786954944","potions_obtained":[{"floor":10,"key":"LifebloodPotion"},{"floor":15,"key":"AttackPotion"},{"floor":24,"key":"Weak Potion"},{"floor":27,"key":"SteroidPotion"},{"floor":31,"key":"AttackPotion"},{"floor":35,"key":"Ancient Potion"},{"floor":41,"key":"PowerPotion"},{"floor":42,"key":"Reflective Coating"},{"floor":44,"key":"SkillPotion"},{"floor":47,"key":"AttackPotion"}],"is_trial":false,"path_per_floor":["M","$","M","?","M","R","PTL","PTL","R","M","T","?","M","R","M","M","R","B",null,"M","M","?","?","M","R","M","E","T","R","M","M","R","M","R_BF","B",null,"M","?","M","$","M","E","R","M","T","R","M","R","?","M","R_BF","B",null],"character_chosen":"THE_DEFAULT","items_purchased":["TheRailgun:Coin_Flip","halation:PeacePiece","Fruit Juice","MerchantsRug","TheRailgun:Charge"],"campfire_rested":0,"item_purchase_floors":[2,40,40,40,40],"current_hp_per_floor":[63,63,63,63,60,60,60,60,60,58,58,52,52,52,52,52,52,52,63,63,63,1,1,1,1,1,1,1,1,1,1,1,1,1,1,1,1,1,1,1,1,1,1,1,1,1,1,1,1,1,1,1],"gold":234,"neow_bonus":"TRANSFORM_TWO_CARDS","is_daily":false,"chose_seed":false,"campfire_upgraded":10,"win_rate":0.0,"timestamp":1608755346,"path_taken":["M","$","M","?","M","R","PTL","PTL","R","M","T","?","M","R","M","M","R","BOSS","M","?","?","?","?","R","M","E","T","R","M","M","R","?","R_BF","BOSS","M","?","M","$","?","E","R","M","T","R","M","R","?","M","R_BF","BOSS"],"items_purchased_type":["Card","Relic","Potion","Relic","Card"],"build_version":"2020-12-22","purchased_purges":1,"victory":true,"max_hp_per_floor":[63,63,63,63,63,63,63,63,63,63,63,63,63,63,63,63,63,63,63,63,63,1,1,1,1,1,1,1,1,1,1,1,1,1,1,1,1,1,1,1,1,1,1,1,1,1,1,1,1,1,1,1],"card_choices":[{"not_picked":["TheRailgun:Gekota_Phone","TheRailgun:Electrical_Storm","TheRailgun:Teleporter"],"picked":"SKIP","floor":1},{"not_picked":["TheRailgun:Discharge","TheRailgun:Gekota_Phone"],"picked":"TheRailgun:Zap","floor":3},{"not_picked":["TheRailgun:Heroinism","TheRailgun:Electrical_Fire"],"picked":"TheRailgun:Coin_Flip","floor":5},{"not_picked":["TheRailgun:Electrical_Storm","TheRailgun:Biribiri"],"picked":"TheRailgun:Thundershock","floor":10},{"not_picked":["TheRailgun:Teleporter","TheRailgun:Iron_Dust_Shield"],"picked":"TheRailgun:Iron_Dust_Vial","floor":13},{"not_picked":["TheRailgun:Scatter_Railgun","TheRailgun:Oneesama"],"picked":"TheRailgun:Iron_Dust_Vial","floor":15},{"not_picked":["TheRailgun:Scatter_Railgun","TheRailgun:Rewiring","TheRailgun:Oneesama"],"picked":"SKIP","floor":16},{"not_picked":["TheRailgun:Magnetic_Flight","TheRailgun:Thundervolt"],"picked":"TheRailgun:Supercharge","floor":18},{"not_picked":["TheRailgun:Mental_Out","TheRailgun:Teleporter","TheRailgun:Negative_Field"],"picked":"SKIP","floor":20},{"not_picked":["TheRailgun:Gekota_Phone+1","TheRailgun:Mental_Out+1"],"picked":"TheRailgun:Iron_Dust_Vial+1","floor":21},{"not_picked":["TheRailgun:Scatter_Railgun","TheRailgun:Sister_Network+1","TheRailgun:Magnetic_Movement"],"picked":"SKIP","floor":24},{"not_picked":["TheRailgun:Zip","TheRailgun:Static+1"],"picked":"TheRailgun:Battery_Pack","floor":26},{"not_picked":["TheRailgun:Negative_Field+1","TheRailgun:Supercharge"],"picked":"TheRailgun:Sister_Noise","floor":27},{"not_picked":["TheRailgun:Crackle","TheRailgun:Zip+1"],"picked":"TheRailgun:Iron_Dust_Field+1","floor":30},{"not_picked":["TheRailgun:Iron_Dust_Vial","TheRailgun:Aerial_Shot+1","TheRailgun:Scatter_Railgun"],"picked":"SKIP","floor":31},{"not_picked":["TheRailgun:Hypercharge","TheRailgun:Stun_Shock","TheRailgun:Circuit_Breaker+1"],"picked":"SKIP","floor":33},{"not_picked":["TheRailgun:Judgement_Officer","TheRailgun:Railgun"],"picked":"TheRailgun:Thundervolt","floor":35},{"not_picked":["TheRailgun:Static","TheRailgun:Iron_Dust_Vial"],"picked":"TheRailgun:Magnetic_Movement+1","floor":37},{"not_picked":["TheRailgun:Discharge","TheRailgun:Magnetic_Movement","TheRailgun:Circuit_Breaker+1"],"picked":"SKIP","floor":39},{"not_picked":["TheRailgun:Magnetic_Movement","TheRailgun:Static+1","TheRailgun:Sister_Network"],"picked":"SKIP","floor":41},{"not_picked":["TheRailgun:Biribiri+1","TheRailgun:Negative_Field+1"],"picked":"TheRailgun:Thunder","floor":42},{"not_picked":["TheRailgun:Taser+1","TheRailgun:Gekota_Phone"],"picked":"TheRailgun:Pull","floor":44},{"not_picked":["TheRailgun:Crackle+1","TheRailgun:Zap+1"],"picked":"TheRailgun:Token_Collection+1","floor":47},{"not_picked":["TheRailgun:Crack+1","TheRailgun:Push+1"],"picked":"TheRailgun:Iron_Dust_Vial+1","floor":50}],"player_experience":251974,"relics_obtained":[{"floor":11,"key":"hubris:PeanutButter"},{"floor":27,"key":"Rawhide"},{"floor":28,"key":"Durian"},{"floor":42,"key":"White Beast Statue"},{"floor":45,"key":"Molten Egg 2"}],"event_choices":[{"damage_healed":0,"gold_gain":0,"cards_transformed":["TheRailgun:Defend"],"player_choice":"Transformed","damage_taken":0,"max_hp_gain":0,"max_hp_loss":0,"event_name":"Transmorgrifier","floor":23,"gold_loss":0,"cards_obtained":["TheRailgun:Iron_Dust_Field"]},{"damage_healed":0,"gold_gain":0,"player_choice":"Ignored","damage_taken":0,"max_hp_gain":0,"max_hp_loss":0,"event_name":"Cursed Tome","floor":34,"gold_loss":0},{"damage_healed":0,"gold_gain":0,"player_choice":"Upgraded","damage_taken":0,"max_hp_gain":0,"max_hp_loss":0,"event_name":"Upgrade Shrine","floor":38,"gold_loss":0,"cards_upgraded":["TheRailgun:Battery_Pack"]}],"is_beta":false,"boss_relics":[{"not_picked":["Calling Bell","vexMod:EndlessSickness"],"picked":"hubris:HollowSoul"},{"not_picked":["conspire:RoyalGoblet","hubris:RunicObelisk"],"picked":"vexMod:MysteryBossChallenge"}],"items_purged_floors":[40],"is_endless":false,"potions_floor_spawned":[10,15,24,27,31,35,41,42,44,47,50],"ascension_level":0}}