{"host":"91yrvee9vuf6n2vk","time":1608685955,"event":{"mods":["BaseMod","Downfall","Minty Spire (QoL Compilation)","Prisma Mod","StSLib"],"gold_per_floor":[111,186,186,111,127,154,169,169,169,179,179,196,50,61,61,163,163,180,212,212,212,225,237,272,282,282,8,8,20,39,50,50,146,146,162,212,227,449,359,359,376,376,423,434,454,210,210,226,226,226,226],"floor_reached":50,"playtime":2002,"items_purged":["PrismaMod:IllyaCommonAttack","PrismaMod:IllyaCommonDefend","PrismaMod:IllyaUncommonAttack","PrismaMod:IllyaCommonDefend"],"score":543,"play_id":"7fa96eb8-8568-4eee-b5ea-005fc1115564","local_time":"20201223011235","is_ascension_mode":false,"campfire_choices":[{"data":"PrismaMod:IllyaCheapChannelPoison","floor":8,"key":"SMITH"},{"data":"PrismaMod:IllyaHassanGift","floor":15,"key":"SMITH"},{"data":"PrismaMod:IllyaSaphire","floor":28,"key":"SMITH"},{"data":"PrismaMod:IllyaGrail","floor":32,"key":"SMITH"},{"data":"PrismaMod:IllyaUberPoisonChannel","floor":40,"key":"SMITH"},{"floor":42,"key":"RECALL"},{"data":"PrismaMod:IllyaUpgradeOrbs","floor":47,"key":"SMITH"},{"data":"PrismaMod:IllyaBoysLove","floor":49,"key":"SMITH"}],"circlet_count":0,"master_deck":["PrismaMod:IllyaCommonAttack","PrismaMod:IllyaCommonDefend+1","PrismaMod:IllyaCommonAttack","PrismaMod:IllyaCommonAttack","PrismaMod:IllyaCommonDefend","PrismaMod:IllyaUncommonDefend","PrismaMod:IllyaGrail+1","PrismaMod:IllyaRubysPotion","PrismaMod:IllyaCheapChannelPoison+1","PrismaMod:IllyaCommonEvoke","PrismaMod:IllyaCommandSeal","PrismaMod:IllyaHassanGift","PrismaMod:IllyaHassanGift+1","PrismaMod:IllyaInstallCaster","PrismaMod:IllyaSaphire+1","PrismaMod:IllyaBoysLove+1","PrismaMod:IllyaRussianRoulette","PrismaMod:IllyaCheapChannelPoison+1","PrismaMod:IllyaUberChannel+1","PrismaMod:IllyaFeed","PrismaMod:IllyaBlindPoisonToss+1","PrismaMod:IllyaUberPoisonChannel+1","PrismaMod:IllyaBride+1","PrismaMod:IllyaStunPoison+1","Parasite","PrismaMod:IllyaGrail+1","PrismaMod:IllyaUpgradeOrbs+1","PrismaMod:IllyaInstallRider"],"relics":["PrismaMod:PrismaRuby","NeowsBlessing","HornCleat","Kunai","Mercury Hourglass","Sozu","Red Mask","Centennial Puzzle","Bag of Preparation","Coffee Dripper","CaptainsWheel","Smiling Mask","OrangePellets"],"acts_visited":["Exordium","TheCity","TheBeyond"],"potions_floor_usage":[10,16,19],"damage_taken":[{"damage":0,"enemies":"2 Louse","floor":1,"turns":1},{"damage":0,"enemies":"Small Slimes","floor":5,"turns":1},{"damage":0,"enemies":"3 Sentries","floor":6,"turns":2},{"damage":0,"enemies":"Cultist","floor":7,"turns":3},{"damage":8,"enemies":"Exordium Thugs","floor":10,"turns":4},{"damage":4,"enemies":"Exordium Wildlife","floor":12,"turns":5},{"damage":0,"enemies":"Large Slime","floor":14,"turns":5},{"damage":36,"enemies":"The Guardian","floor":16,"turns":8},{"damage":2,"enemies":"Chosen","floor":18,"turns":4},{"damage":31,"enemies":"Masked Bandits","floor":19,"turns":5},{"damage":4,"enemies":"Shell Parasite","floor":22,"turns":5},{"damage":9,"enemies":"3 Cultists","floor":23,"turns":4},{"damage":0,"enemies":"Gremlin Leader","floor":24,"turns":5},{"damage":12,"enemies":"Snecko","floor":25,"turns":5},{"damage":28,"enemies":"Shelled Parasite and Fungi","floor":29,"turns":4},{"damage":12,"enemies":"Cultist and Chosen","floor":30,"turns":5},{"damage":10,"enemies":"3 Cultists","floor":31,"turns":3},{"damage":17,"enemies":"Champ","floor":33,"turns":8},{"damage":10,"enemies":"3 Darklings","floor":35,"turns":4},{"damage":9,"enemies":"Mind Bloom Boss Battle","floor":36,"turns":5},{"damage":0,"enemies":"3 Shapes","floor":37,"turns":3},{"damage":10,"enemies":"Spire Growth","floor":41,"turns":4},{"damage":0,"enemies":"Writhing Mass","floor":44,"turns":4},{"damage":1,"enemies":"4 Shapes","floor":45,"turns":3},{"damage":16,"enemies":"3 Darklings","floor":48,"turns":3},{"damage":89,"enemies":"Awakened One","floor":50,"turns":8}],"seed_played":"-6883715155153917833","potions_obtained":[{"floor":1,"key":"Weak Potion"},{"floor":5,"key":"LiquidBronze"},{"floor":16,"key":"AttackPotion"}],"is_trial":false,"path_per_floor":["M","?","?","$","M","E","M","R","T","M","T","M","$","M","R","B",null,"M","?","?","?","M","M","E","M","T","$","R","M","M","M","R","B",null,"M","?","M","?","?","R","M","R","T","M","M","$","R","M","R","B"],"character_chosen":"ILLYA","items_purchased":["PrismaMod:IllyaHassanGift","Bag of Preparation","OrangePellets","PrismaMod:IllyaUpgradeOrbs"],"campfire_rested":0,"item_purchase_floors":[13,27,46,46],"current_hp_per_floor":[75,64,64,64,64,64,69,69,69,61,61,62,62,70,70,42,75,75,52,75,75,75,66,74,62,62,62,62,37,30,40,40,46,75,65,69,75,75,75,75,71,71,71,75,74,74,74,66,66,0,0],"gold":226,"neow_bonus":"THREE_ENEMY_KILL","is_daily":false,"chose_seed":false,"campfire_upgraded":7,"win_rate":0.0,"timestamp":1608685955,"path_taken":["M","?","?","$","?","E","M","R","T","M","?","M","?","M","R","BOSS","M","?","?","?","M","M","E","?","T","?","R","M","M","M","R","BOSS","M","?","M","?","?","R","?","R","T","M","M","$","R","M","R","BOSS"],"items_purchased_type":["Card","Relic","Relic","Card"],"build_version":"2020-12-13","purchased_purges":4,"victory":false,"max_hp_per_floor":[75,75,75,75,75,75,75,75,75,75,75,75,75,75,75,75,75,75,75,75,75,75,75,75,75,75,75,75,75,75,75,75,75,75,75,75,75,75,75,75,75,75,75,75,75,75,75,75,75,75,75],"card_choices":[{"not_picked":["PrismaMod:IllyaStunPoison","PrismaMod:IllyaSaphire"],"picked":"PrismaMod:IllyaGrail","floor":1},{"not_picked":["PrismaMod:IllyaEvokeAll","PrismaMod:IllyaMaid","PrismaMod:IllyaCheapAttack"],"picked":"SKIP","floor":5},{"not_picked":["PrismaMod:IllyaEvokeAll","PrismaMod:IllyaPoisonBlock"],"picked":"PrismaMod:IllyaRubysPotion","floor":6},{"not_picked":["PrismaMod:IllyaGrail","PrismaMod:IllyaUncommonEvoke"],"picked":"PrismaMod:IllyaCheapChannelPoison","floor":7},{"not_picked":["PrismaMod:IllyaAssassinRevenge","PrismaMod:IllyaMinorZwei"],"picked":"PrismaMod:IllyaCommonEvoke","floor":10},{"not_picked":["PrismaMod:IllyaUncommonDefend","PrismaMod:IllyaBride"],"picked":"PrismaMod:IllyaCommandSeal","floor":12},{"not_picked":["PrismaMod:IllyaRubysPotion","PrismaMod:IllyaAlice"],"picked":"PrismaMod:IllyaHassanGift","floor":14},{"not_picked":["PrismaMod:IllyaUberDefendChannel","PrismaMod:IllyaInstallAvenger"],"picked":"PrismaMod:IllyaInstallCaster","floor":16},{"not_picked":["PrismaMod:IllyaBerserCAR","PrismaMod:IllyaCheapChannelPoison"],"picked":"PrismaMod:IllyaSaphire","floor":18},{"not_picked":["PrismaMod:IllyaCommonEvoke","PrismaMod:IllyaPartialInstallAssassin"],"picked":"PrismaMod:IllyaBoysLove","floor":19},{"not_picked":["PrismaMod:IllyaUncommonAOEAttack","PrismaMod:IllyaPartialInstallAssassin","PrismaMod:IllyaUncommonEvoke"],"picked":"SKIP","floor":22},{"not_picked":["PrismaMod:IllyaCheapDefend","PrismaMod:IllyaDevil"],"picked":"PrismaMod:IllyaRussianRoulette","floor":23},{"not_picked":["PrismaMod:IllyaPoisonBlock","PrismaMod:IllyaRubysPotion"],"picked":"PrismaMod:IllyaCheapChannelPoison+1","floor":24},{"not_picked":["PrismaMod:IllyaPoisoningPhantasm+1","PrismaMod:IllyaCheapChannelAttack"],"picked":"PrismaMod:IllyaUberChannel+1","floor":25},{"not_picked":["PrismaMod:IllyaCheapChannelDefend","PrismaMod:IllyaRapidFire+1"],"picked":"PrismaMod:IllyaFeed","floor":29},{"not_picked":["PrismaMod:IllyaRapidFire","PrismaMod:IllyaEvokeAll","PrismaMod:IllyaUberChannel"],"picked":"SKIP","floor":30},{"not_picked":["PrismaMod:IllyaMinorZwei","PrismaMod:IllyaPoisonTippedWeapons+1"],"picked":"PrismaMod:IllyaBlindPoisonToss+1","floor":31},{"not_picked":["PrismaMod:IllyaInstallAssassin","PrismaMod:IllyaUberAttackChannel"],"picked":"PrismaMod:IllyaUberPoisonChannel","floor":33},{"not_picked":["PrismaMod:IllyaTestament","PrismaMod:IllyaPoisonTippedWeapons+1","PrismaMod:IllyaRussianRoulette"],"picked":"SKIP","floor":35},{"not_picked":["PrismaMod:IllyaTestament+1","PrismaMod:IllyaFriendMaker+1"],"picked":"PrismaMod:IllyaBride+1","floor":37},{"not_picked":["PrismaMod:IllyaPartialInstallAssassin","PrismaMod:IllyaUncommonAttack+1"],"picked":"PrismaMod:IllyaStunPoison+1","floor":41},{"not_picked":["PrismaMod:IllyaCommonEvoke+1","PrismaMod:IllyaPartialInstallAssassin+1","PrismaMod:IllyaBerserCAR"],"picked":"SKIP","floor":44},{"not_picked":["PrismaMod:IllyaPoisonTippedWeapons+1","PrismaMod:IllyaRubysPotion"],"picked":"PrismaMod:IllyaGrail+1","floor":45},{"not_picked":["PrismaMod:IllyaCommonEvoke+1","PrismaMod:IllyaCheapChannelDefend+1"],"picked":"PrismaMod:IllyaInstallRider","floor":48}],"player_experience":86631,"relics_obtained":[{"floor":6,"key":"HornCleat"},{"floor":9,"key":"Kunai"},{"floor":11,"key":"Mercury Hourglass"},{"floor":19,"key":"Red Mask"},{"floor":24,"key":"Centennial Puzzle"},{"floor":36,"key":"CaptainsWheel"},{"floor":43,"key":"Smiling Mask"}],"event_choices":[{"damage_healed":0,"gold_gain":75,"player_choice":"Gather Gold","damage_taken":11,"max_hp_gain":0,"max_hp_loss":0,"event_name":"World of Goop","floor":2,"gold_loss":0},{"cards_removed":["PrismaMod:IllyaCommonDefend"],"damage_healed":0,"gold_gain":0,"player_choice":"Purged","damage_taken":0,"max_hp_gain":0,"max_hp_loss":0,"event_name":"Purifier","floor":3,"gold_loss":0},{"damage_healed":0,"gold_gain":0,"player_choice":"Fought Bandits","damage_taken":0,"max_hp_gain":0,"max_hp_loss":0,"event_name":"Masked Bandits","floor":19,"gold_loss":0},{"damage_healed":25,"gold_gain":0,"player_choice":"Heal","damage_taken":0,"max_hp_gain":0,"max_hp_loss":0,"event_name":"The Library","floor":20,"gold_loss":0},{"damage_healed":0,"gold_gain":0,"player_choice":"Ignored","damage_taken":0,"max_hp_gain":0,"max_hp_loss":0,"event_name":"NoteForYourself","floor":21,"gold_loss":0},{"damage_healed":0,"gold_gain":0,"player_choice":"Fight","damage_taken":0,"max_hp_gain":0,"max_hp_loss":0,"event_name":"MindBloom","floor":36,"gold_loss":0},{"damage_healed":0,"gold_gain":222,"player_choice":"Wore Mask","damage_taken":0,"max_hp_gain":0,"max_hp_loss":0,"event_name":"Tomb of Lord Red Mask","floor":38,"gold_loss":0},{"cards_removed":["PrismaMod:IllyaCommonAttack"],"damage_healed":0,"gold_gain":0,"player_choice":"Upgrade and Remove","damage_taken":0,"max_hp_gain":0,"max_hp_loss":0,"event_name":"Designer","floor":39,"gold_loss":90,"cards_upgraded":["PrismaMod:IllyaCommonDefend"]}],"is_beta":false,"boss_relics":[{"not_picked":["Busted Crown","Astrolabe"],"picked":"Sozu"},{"not_picked":["Runic Dome","Black Star"],"picked":"Coffee Dripper"}],"items_purged_floors":[4,13,27,46],"is_endless":false,"potions_floor_spawned":[1,5,16,22,23,29,30,37,44,45],"killed_by":"Awakened One","ascension_level":0}}