{"host":"f14d6hm2349s9jse","time":1608744505,"event":{"mods":["2.2 Compatiblity","BaseMod","Hero for Fun","Minty Spire (QoL Compilation)","StSLib"],"gold_per_floor":[14,30,30,30,53,53,76,111,190,210,241,241,255,255,255,384,384,384],"floor_reached":17,"playtime":275,"items_purged":[],"score":292,"play_id":"00adc922-ca68-462c-a1fc-e6d797549630","local_time":"20201223122825","is_ascension_mode":false,"campfire_choices":[{"floor":6,"key":"REST"},{"data":"Wear_Disguise","floor":15,"key":"SMITH"}],"circlet_count":0,"master_deck":["Strike_Y","Strike_Y","Strike_Y","Strike_Y","Defend_Y","Defend_Y","Defend_Y","Defend_Y","Defend_Y","Yawn","Wear_Disguise+1","Ignore","Serious_Punch","Normal_Punch","Consecutive_Normal_Punch","Yawn+1","Do_Nothing+1","Terrifying_Presence"],"relics":["Cape","NeowsBlessing","Golden Idol","Torii","Dream Catcher","Tiny Chest","Toxic Egg 2","Philosopher\u0027s Stone"],"acts_visited":["Exordium","TheCity"],"potions_floor_usage":[],"damage_taken":[{"damage":0,"enemies":"Jaw Worm","floor":1,"turns":1},{"damage":0,"enemies":"2 Louse","floor":2,"turns":1},{"damage":0,"enemies":"Small Slimes","floor":5,"turns":3},{"damage":0,"enemies":"3 Louse","floor":7,"turns":3},{"damage":0,"enemies":"Gremlin Nob","floor":8,"turns":2},{"damage":0,"enemies":"Exordium Wildlife","floor":10,"turns":1},{"damage":0,"enemies":"Lagavulin","floor":11,"turns":3},{"damage":0,"enemies":"Looter","floor":13,"turns":1},{"damage":0,"enemies":"Hexaghost","floor":16,"turns":2}],"seed_played":"-1150975277761113072","potions_obtained":[{"floor":5,"key":"DuplicationPotion"},{"floor":7,"key":"Swift Potion"},{"floor":13,"key":"Strength Potion"}],"is_trial":false,"path_per_floor":["M","M","?","?","M","R","M","E","T","M","E","T","M","?","R","B",null],"character_chosen":"OPM","items_purchased":[],"campfire_rested":1,"item_purchase_floors":[],"current_hp_per_floor":[999,999,999,999,999,999,999,999,999,999,999,999,999,999,999,999,999,999],"gold":384,"neow_bonus":"THREE_ENEMY_KILL","is_daily":false,"chose_seed":false,"campfire_upgraded":1,"win_rate":0.0,"timestamp":1608744505,"path_taken":["M","M","?","?","M","R","M","E","T","M","E","?","M","?","R","BOSS"],"items_purchased_type":[],"build_version":"2020-12-22","purchased_purges":0,"victory":false,"max_hp_per_floor":[999,999,999,999,999,999,999,999,999,999,999,999,999,999,999,999,999,999],"card_choices":[{"not_picked":["Ignore","Side_Hop"],"picked":"Yawn","floor":1},{"not_picked":["Hop","Do_Nothing"],"picked":"Wear_Disguise","floor":2},{"not_picked":["Hop","Slap"],"picked":"Ignore","floor":5},{"not_picked":["Side_Hop","Hop","Ignore"],"picked":"SKIP","floor":7},{"not_picked":["Yawn","Consecutive_Normal_Punch"],"picked":"Serious_Punch","floor":8},{"not_picked":["Hop","Side_Hop"],"picked":"Normal_Punch","floor":10},{"not_picked":["Normal_Punch","Yawn"],"picked":"Consecutive_Normal_Punch","floor":11},{"not_picked":["Consecutive_Normal_Punch","Hop+1"],"picked":"Yawn+1","floor":13},{"not_picked":["Hip_Strike","Serious_Punch"],"picked":"Terrifying_Presence","floor":16}],"player_experience":2463875,"relics_obtained":[{"floor":8,"key":"Dream Catcher"},{"floor":11,"key":"Tiny Chest"},{"floor":12,"key":"Toxic Egg 2"}],"event_choices":[{"damage_healed":0,"gold_gain":0,"player_choice":"Take Damage","damage_taken":249,"relics_obtained":["Golden Idol"],"max_hp_gain":0,"max_hp_loss":0,"event_name":"Golden Idol","floor":3,"gold_loss":0},{"damage_healed":0,"gold_gain":0,"player_choice":"Success","damage_taken":7,"relics_obtained":["Torii"],"max_hp_gain":0,"max_hp_loss":0,"event_name":"Scrap Ooze","floor":4,"gold_loss":0},{"damage_healed":0,"gold_gain":0,"cards_transformed":["Strike_Y"],"player_choice":"Change","damage_taken":0,"max_hp_gain":0,"max_hp_loss":0,"event_name":"Living Wall","floor":14,"gold_loss":0,"cards_obtained":["Do_Nothing"]}],"is_beta":false,"boss_relics":[{"not_picked":["SacredBark","Velvet Choker"],"picked":"Philosopher\u0027s Stone"}],"items_purged_floors":[],"is_endless":false,"potions_floor_spawned":[5,7,13,16],"ascension_level":0}}