{"host":"88gj1a6q1iuldet9","time":1608701722,"event":{"mods":["Act Like it!","BaseMod","BetterRewards","Conspire","Downfall","Energized Spire","Gensokyo","GungeonMod","Hubris","KomeijiMod","Magitek Elite","Minty Spire (QoL Compilation)","Quick Restart","Reimu??????","Replay The Spire","Robot Space Explorer","Shop Mod","StSLib","The Clintock","The Dragon Tamer","The Hayseed","The Judge","The Mystic","The Necromancer","The Problem Sleuth","The Runesmith","The Sage","The Vixen","TheArtist","Wandering Minibosses"],"gold_per_floor":[115,115,131,142,162,193,193,205,205,218,228,248,266,300,300,397,397,412,427,439,538,538,568,585,585,611,611,611,627,627,653,653,749,849,868,893,524,538,549,582,602,627,627,627,643,673,692,692,692,692,692,692,505,538,538],"floor_reached":56,"playtime":5791,"items_purged":[],"score":1420,"play_id":"12b916a4-ae51-402c-8153-29bccce628c2","local_time":"20201223003522","is_ascension_mode":false,"campfire_choices":[{"data":"Crusade:ReiMu","floor":7,"key":"SMITH"},{"data":"PrayRite:ReiMu","floor":15,"key":"SMITH"},{"data":"Mountainwind:ReiMu","floor":25,"key":"SMITH"},{"data":"MikOfLucky:ReiMu","floor":30,"key":"SMITH"},{"data":"SubAcupoint:ReiMu","floor":32,"key":"SMITH"},{"data":"DoubleButterfly:ReiMu","floor":44,"key":"SMITH"},{"floor":49,"key":"RECALL"},{"data":"FantasyMoon:ReiMu","floor":52,"key":"SMITH"}],"circlet_count":0,"master_deck":["Strike_Lin:ReiMu","Strike_Lin:ReiMu","Defend_Lin:ReiMu","Defend_Lin:ReiMu","Defend_Lin:ReiMu","NB:ReiMu","Stagnation:ReiMu","Crusade:ReiMu+1","Crusade:ReiMu+1","SpringWay:ReiMu","YinYangSange:ReiMu","ForcedLanding:ReiMu","Determination:ReiMu","SpiritualOutbreak2:ReiMu","MikOfLucky:ReiMu+1","OctopathBindingBorder2:ReiMu","PrayRite:ReiMu+1","AlertArray:ReiMu","AirManeuver:ReiMu+1","Mountainwind:ReiMu+1","DependentForm:ReiMu","SubAcupoint:ReiMu+1","WonderfulDomain:ReiMu+1","LearningPray:ReiMu","RainPray2:ReiMu+1","AirManeuver:ReiMu+1","Gathering:ReiMu","RainPray2:ReiMu+1","ShadowOfCrow2:ReiMu+1","InherentArray:ReiMu+1","DoubleButterfly:ReiMu+1","FantasyMoon:ReiMu+1","ReplayUltimateDefense","expansioncontent:QuickStudy","Flash of Steel"],"relics":["FlyPower:ReiMu","NeowsBlessing","RuthlessExorcism:ReiMu","hubris:MysteriousPyramids","Art of War","Sozu","hubris:CrystalStatue","wanderingMiniBosses:CarrionFlame","ReplayTheSpireMod:Lightbulb","Replay:Wanted Poster","DemoMod:PoisonVial","Membership Card","Replay:Bottled Steam","DemoMod:MonsterBlood","Regal Pillow","HoshigumaDish","Nunchaku","hubris:MedicalManual","Shuriken","ReplayTheSpireMod:ShopPack","Bronze Scales"],"acts_visited":["Exordium","TheCity","TheBeyond","TheEnding"],"potions_floor_usage":[6,6,16,55],"damage_taken":[{"damage":0,"enemies":"Jaw Worm","floor":1,"turns":1},{"damage":0,"enemies":"Cultist","floor":3,"turns":1},{"damage":0,"enemies":"Small Slimes","floor":4,"turns":1},{"damage":16,"enemies":"3 Louse","floor":5,"turns":5},{"damage":6,"enemies":"3 Sentries","floor":6,"turns":7},{"damage":0,"enemies":"Large Slime","floor":8,"turns":2},{"damage":7,"enemies":"Exordium Thugs","floor":10,"turns":2},{"damage":0,"enemies":"Blue Slaver","floor":11,"turns":1},{"damage":0,"enemies":"Lots of Slimes","floor":12,"turns":1},{"damage":0,"enemies":"3 Louse","floor":13,"turns":1},{"damage":0,"enemies":"Gremlin Nob","floor":14,"turns":3},{"damage":0,"enemies":"Hexaghost","floor":16,"turns":6},{"damage":0,"enemies":"Spheric Guardian","floor":18,"turns":3},{"damage":0,"enemies":"Chosen","floor":19,"turns":5},{"damage":32,"enemies":"Centurion and Healer","floor":20,"turns":5},{"damage":11,"enemies":"conspire:SneckoGhost","floor":23,"turns":8},{"damage":0,"enemies":"Shelled Parasite and Fungi","floor":24,"turns":1},{"damage":5,"enemies":"Sentry and Sphere","floor":29,"turns":5},{"damage":0,"enemies":"Book of Stabbing","floor":31,"turns":3},{"damage":11,"enemies":"Champ","floor":33,"turns":8},{"damage":0,"enemies":"3 Shapes","floor":35,"turns":1},{"damage":15,"enemies":"conspire:MimicChest","floor":36,"turns":6},{"damage":0,"enemies":"3 Darklings","floor":38,"turns":1},{"damage":8,"enemies":"Transient","floor":39,"turns":5},{"damage":2,"enemies":"Reptomancer","floor":40,"turns":6},{"damage":0,"enemies":"Jaw Worm Horde","floor":41,"turns":1},{"damage":3,"enemies":"R_Hoarder","floor":42,"turns":8},{"damage":8,"enemies":"Maw","floor":45,"turns":6},{"damage":30,"enemies":"Reptomancer","floor":46,"turns":4},{"damage":0,"enemies":"Spire Growth","floor":47,"turns":4},{"damage":7,"enemies":"Donu and Deca","floor":50,"turns":6},{"damage":14,"enemies":"Shield and Spear","floor":54,"turns":5},{"damage":36,"enemies":"The Heart","floor":55,"turns":8}],"seed_played":"-8566739202811346532","potions_obtained":[{"floor":4,"key":"PinkPotion:ReiMu"},{"floor":5,"key":"Block Potion"},{"floor":8,"key":"PowerPotion"},{"floor":12,"key":"Block Potion"},{"floor":13,"key":"Regen Potion"}],"is_trial":false,"path_per_floor":["M","?","M","M","M","E","R","M","T","M","M","M","M","E","R","B",null,"M","M","M","?","?","E","M","R","T","?","?","M","R","E","R","B",null,"M","?","$","M","M","E","M","E","T","R","M","E","M","?","R","B",null,"R","$","E","B",null],"character_chosen":"REIMU","items_purchased":["Membership Card","Replay:Bottled Steam","DemoMod:MonsterBlood","Gathering:ReiMu","Shuriken","ReplayTheSpireMod:ShopPack"],"campfire_rested":0,"item_purchase_floors":[37,37,37,37,53,53],"current_hp_per_floor":[65,65,65,65,49,43,43,43,43,36,36,36,36,36,36,36,65,65,65,33,33,33,22,22,22,22,22,22,17,17,17,17,6,65,65,50,57,57,49,47,47,44,44,44,36,6,6,82,82,75,82,82,82,68,32],"gold":538,"neow_bonus":"THREE_ENEMY_KILL","is_daily":false,"chose_seed":false,"campfire_upgraded":7,"win_rate":0.0,"timestamp":1608701722,"path_taken":["M","?","M","M","M","E","R","M","T","M","M","?","M","E","R","BOSS","M","M","M","?","?","E","M","R","T","?","?","?","R","E","R","BOSS","M","?","$","?","M","E","M","E","T","R","M","E","?","?","R","BOSS","R","$","E","BOSS"],"items_purchased_type":["Relic","Relic","Relic","Card","Relic","Relic"],"build_version":"2020-12-13","purchased_purges":0,"victory":true,"max_hp_per_floor":[65,65,65,65,65,65,65,65,65,65,65,65,65,65,65,65,65,65,65,65,65,65,65,65,65,65,65,65,65,65,65,65,65,65,65,65,72,72,72,72,72,72,72,72,72,72,72,82,82,82,82,82,82,82,82],"card_choices":[{"not_picked":["TightArray:ReiMu","Meditation:ReiMu"],"picked":"Crusade:ReiMu","floor":1},{"not_picked":["Dreaming2:ReiMu","OrbThrow:ReiMu"],"picked":"Crusade:ReiMu","floor":3},{"not_picked":["Intuition:ReiMu","Conquer:ReiMu"],"picked":"SpringWay:ReiMu","floor":4},{"not_picked":["Intuition:ReiMu","EmergencyTakeOff:ReiMu"],"picked":"YinYangSange:ReiMu","floor":5},{"not_picked":["CareerPray:ReiMu","SpreadBorder2:ReiMu"],"picked":"ForcedLanding:ReiMu","floor":6},{"not_picked":["UniversalSpiritual:ReiMu","PrepareRite:ReiMu"],"picked":"Determination:ReiMu","floor":8},{"not_picked":["Meditation:ReiMu","YinYangSange:ReiMu"],"picked":"SpiritualOutbreak2:ReiMu","floor":10},{"not_picked":["OrbThrow:ReiMu","RainPray2:ReiMu"],"picked":"MikOfLucky:ReiMu","floor":11},{"not_picked":["CareerPray:ReiMu","Conquer:ReiMu"],"picked":"OctopathBindingBorder2:ReiMu","floor":12},{"not_picked":["SpringWay:ReiMu","SpreadBorder2:ReiMu"],"picked":"PrayRite:ReiMu","floor":13},{"not_picked":["ForcedLanding:ReiMu","OrbThrow:ReiMu"],"picked":"AlertArray:ReiMu","floor":14},{"not_picked":["CeremonyResonance:ReiMu","BlastKick2:ReiMu"],"picked":"Authority:ReiMu","floor":16},{"not_picked":["AirStrike:ReiMu","Crusade:ReiMu"],"picked":"AirManeuver:ReiMu+1","floor":18},{"not_picked":["Dreaming2:ReiMu","PayForSelf:ReiMu"],"picked":"Mountainwind:ReiMu","floor":19},{"not_picked":["Dreaming2:ReiMu","Meditation:ReiMu+1","TakeOff:ReiMu"],"picked":"SKIP","floor":20},{"not_picked":["AirStrike:ReiMu+1","EmergencyTakeOff:ReiMu+1","SpreadBorder2:ReiMu"],"picked":"SKIP","floor":23},{"not_picked":["NineCharacters:ReiMu","UpKicking:ReiMu"],"picked":"WonderfulDomain:ReiMu+1","floor":24},{"not_picked":["Enchanting:ReiMu","SubAcupoint:ReiMu"],"picked":"RainPray2:ReiMu+1","floor":29},{"not_picked":["SpreadBorder2:ReiMu+1","SafetyPray:ReiMu","YinYangSign:ReiMu"],"picked":"SKIP","floor":31},{"not_picked":["FoulBorder2:ReiMu","SafetyPray:ReiMu"],"picked":"AirManeuver:ReiMu+1","floor":35},{"not_picked":["Intuition:ReiMu+1","OrbThrow:ReiMu+1"],"picked":"RainPray2:ReiMu+1","floor":38},{"not_picked":["SubcavityInstant:ReiMu+1","OrbThrow:ReiMu+1"],"picked":"ShadowOfCrow2:ReiMu+1","floor":39},{"not_picked":["OctopathSalyBorderN:ReiMu","AirManeuver:ReiMu+1","ForcedLanding:ReiMu"],"picked":"SKIP","floor":40},{"not_picked":["EmergencyTakeOff:ReiMu","RainPray2:ReiMu+1"],"picked":"InherentArray:ReiMu+1","floor":41},{"not_picked":["BarrageOfMoneybags:ReiMu","Crusade:ReiMu"],"picked":"DoubleButterfly:ReiMu","floor":42},{"not_picked":["SafetyPray:ReiMu","EmergencyTakeOff:ReiMu"],"picked":"FantasyMoon:ReiMu","floor":45},{"not_picked":["AlertArray:ReiMu+1","SpringWay:ReiMu+1","WonderfulDomain:ReiMu"],"picked":"SKIP","floor":46},{"not_picked":["SpiritualOutbreak2:ReiMu+1","FineLineFantasy:ReiMu","Intuition:ReiMu"],"picked":"SKIP","floor":47},{"not_picked":["The Bomb","DemoMod:Deposit"],"picked":"ReplayUltimateDefense","floor":53},{"not_picked":["GradualImprovement","expansioncontent:ChargeUp"],"picked":"expansioncontent:QuickStudy","floor":53},{"not_picked":["Replay:SS_hec_4","expansioncontent:StudyTheSpire"],"picked":"Flash of Steel","floor":53},{"not_picked":["AirStrike:ReiMu","Shading:ReiMu","PassingAway:ReiMu"],"picked":"SKIP","floor":54}],"player_experience":893186,"relics_obtained":[{"floor":6,"key":"RuthlessExorcism:ReiMu"},{"floor":9,"key":"hubris:MysteriousPyramids"},{"floor":14,"key":"Art of War"},{"floor":23,"key":"hubris:CrystalStatue"},{"floor":29,"key":"wanderingMiniBosses:CarrionFlame"},{"floor":31,"key":"ReplayTheSpireMod:Lightbulb"},{"floor":36,"key":"DemoMod:PoisonVial"},{"floor":40,"key":"Regal Pillow"},{"floor":42,"key":"HoshigumaDish"},{"floor":43,"key":"Nunchaku"},{"floor":46,"key":"hubris:MedicalManual"},{"floor":54,"key":"Bronze Scales"}],"event_choices":[{"damage_healed":0,"gold_gain":0,"player_choice":"Upgraded","damage_taken":0,"max_hp_gain":0,"max_hp_loss":0,"event_name":"Upgrade Shrine","floor":2,"gold_loss":0,"cards_upgraded":["Crusade:ReiMu"]},{"damage_healed":0,"gold_gain":99,"player_choice":"Stole From Cult","damage_taken":0,"max_hp_gain":0,"max_hp_loss":0,"event_name":"Nest","floor":21,"gold_loss":0},{"damage_healed":0,"gold_gain":0,"cards_transformed":["Strike_Lin:ReiMu","Defend_Lin:ReiMu"],"player_choice":"Became Test Subject","damage_taken":0,"max_hp_gain":0,"max_hp_loss":0,"event_name":"Drug Dealer","floor":22,"gold_loss":0,"cards_obtained":["DependentForm:ReiMu","SubAcupoint:ReiMu"]},{"damage_healed":0,"gold_gain":0,"cards_transformed":["Strike_Lin:ReiMu"],"player_choice":"Transformed","damage_taken":0,"max_hp_gain":0,"max_hp_loss":0,"event_name":"Transmorgrifier","floor":28,"gold_loss":0,"cards_obtained":["LearningPray:ReiMu"]},{"cards_removed":["Authority:ReiMu"],"damage_healed":66,"gold_gain":0,"player_choice":"Offered Rare","damage_taken":0,"max_hp_gain":10,"max_hp_loss":0,"event_name":"Bonfire Elementals","floor":48,"gold_loss":0}],"is_beta":false,"boss_relics":[{"not_picked":["Empty Cage","energizedSpire:MagnifyingGlass"],"picked":"Sozu"},{"not_picked":["Runic Dome","Calling Bell"],"picked":"Replay:Wanted Poster"}],"items_purged_floors":[],"is_endless":false,"potions_floor_spawned":[4,5,8,12,13,18,20,29,31,36,38,42,46,54],"ascension_level":0}}