{"host":"0i8dz4ityulxi1rd","time":1608723395,"event":{"mods":["BaseMod","Colored Map","Colored Powertips","Custom Start","Highlight Path","Hubris","Keyboard Shortcuts","Minty Spire (QoL Compilation)","StSLib","SuperFastMode","The Runesmith"],"gold_per_floor":[17,31,50,70,83,83,8,21,21,38,38,52,52,13,13,13,13],"floor_reached":16,"playtime":353,"items_purged":["Strike_B"],"score":192,"play_id":"c812e4dc-ea55-41a9-b6a6-351e4d556baf","local_time":"20201223203635","is_ascension_mode":true,"campfire_choices":[{"data":"Zap","floor":6,"key":"SMITH"},{"floor":13,"key":"REST"},{"data":"Dualcast","floor":15,"key":"SMITH"}],"circlet_count":0,"master_deck":["AscendersBane","Strike_B","Strike_B","Defend_B","Defend_B","Defend_B","Zap+1","Dualcast+1","Rebound","Ball Lightning","Sweeping Beam","Gash","Steam","Reboot","hubris:Ukulele"],"relics":["Cracked Core","Gremlin Horn"],"acts_visited":["Exordium"],"potions_floor_usage":[5,10,10,16],"damage_taken":[{"damage":1,"enemies":"Cultist","floor":1,"turns":3},{"damage":2,"enemies":"2 Louse","floor":2,"turns":2},{"damage":2,"enemies":"Jaw Worm","floor":3,"turns":3},{"damage":21,"enemies":"Lots of Slimes","floor":4,"turns":4},{"damage":25,"enemies":"Exordium Thugs","floor":5,"turns":4},{"damage":7,"enemies":"Exordium Wildlife","floor":8,"turns":3},{"damage":0,"enemies":"3 Louse","floor":10,"turns":2},{"damage":2,"enemies":"Looter","floor":12,"turns":3},{"damage":0,"enemies":"Slime Boss","floor":16,"turns":3}],"seed_played":"7497520946921503474","potions_obtained":[{"floor":4,"key":"Block Potion"},{"floor":5,"key":"EssenceOfDarkness"},{"floor":8,"key":"DuplicationPotion"},{"floor":12,"key":"GamblersBrew"}],"is_trial":false,"path_per_floor":["M","M","M","M","M","R","$","M","T","M","?","M","R","$","R","B"],"character_chosen":"DEFECT","items_purchased":["hubris:Ukulele"],"campfire_rested":1,"item_purchase_floors":[14],"current_hp_per_floor":[63,61,59,38,13,13,13,6,6,6,6,4,25,25,25,25,25],"gold":13,"neow_bonus":"REMOVE_TWO","is_daily":false,"chose_seed":false,"campfire_upgraded":2,"win_rate":0.0,"timestamp":1608723395,"path_taken":["M","M","M","M","M","R","$","M","T","?","?","M","R","$","R","BOSS"],"items_purchased_type":["Card"],"build_version":"2020-12-22","purchased_purges":1,"victory":false,"max_hp_per_floor":[71,71,71,71,71,71,71,71,71,71,71,71,71,71,71,71,71],"card_choices":[{"not_picked":["Conserve Battery","Barrage"],"picked":"Rebound","floor":1},{"not_picked":["Conserve Battery","Reinforced Body"],"picked":"Ball Lightning","floor":2},{"not_picked":["Stack","Skim","Beam Cell"],"picked":"SKIP","floor":3},{"not_picked":["Heatsinks","Leap"],"picked":"Sweeping Beam","floor":4},{"not_picked":["Hello World","Fusion"],"picked":"Gash","floor":5},{"not_picked":["Hologram","Sunder"],"picked":"Steam","floor":8},{"not_picked":["Go for the Eyes","Chaos"],"picked":"Reboot","floor":10},{"not_picked":["Recycle","Darkness","Storm"],"picked":"SKIP","floor":12}],"player_experience":1267010,"relics_obtained":[{"floor":9,"key":"Gremlin Horn"}],"event_choices":[{"damage_healed":0,"gold_gain":0,"player_choice":"Fled","damage_taken":0,"max_hp_gain":0,"max_hp_loss":0,"event_name":"Scrap Ooze","floor":11,"gold_loss":0}],"is_beta":false,"boss_relics":[],"items_purged_floors":[7],"is_endless":false,"potions_floor_spawned":[4,5,8,12],"killed_by":"Slime Boss","ascension_level":20}}