{"host":"etaq29tqikxfqxk8","time":1608745541,"event":{"mods":["AchievementEnabler","BaseMod","Better Third Choice","BetterRewards","Colored Map","Colored Powertips","Minty Spire (QoL Compilation)","Rare Cards Sparkle","Shop Mod","StSLib","yUi"],"gold_per_floor":[111,130,130,130,141,155,155,174,174,186,197,197,214,12,12,115,115,130,45,45,22,22,22,38,38,61,74,74,74,74,101,101,198,198,216,232,232,232,245,245,245,263,263,263,263],"floor_reached":44,"playtime":2526,"items_purged":[],"score":620,"play_id":"c9ee2875-e95e-4071-bc98-b910fcb6be32","local_time":"20201223184541","is_ascension_mode":false,"campfire_choices":[{"floor":7,"key":"REST"},{"floor":15,"key":"REST"},{"data":"Demon Form","floor":23,"key":"SMITH"},{"data":"Flex","floor":25,"key":"SMITH"},{"data":"Armaments","floor":30,"key":"SMITH"},{"floor":32,"key":"REST"},{"floor":40,"key":"REST"}],"circlet_count":0,"master_deck":["Strike_R+1","Strike_R+1","Strike_R+1","Defend_R+1","Defend_R+1","Defend_R+1","Bash","Heavy Blade","Anger","Anger","Clothesline","Entrench","Anger","Clash","Shrug It Off","Headbutt","Good Instincts","Demon Form+1","Perfected Strike+1","Twin Strike+1","Perfected Strike+1","Armaments+1","Flex+1","Ghostly Armor","Pommel Strike+1","Barricade","Heavy Blade+1","Clash+1","Writhe","Anger+1","Armaments"],"relics":["Burning Blood","Strawberry","PreservedInsect","Bag of Marbles","Membership Card","Astrolabe","Mercury Hourglass","Bag of Preparation","Letter Opener","MealTicket","Philosopher\u0027s Stone","Red Skull","Dream Catcher"],"acts_visited":["Exordium","TheCity","TheBeyond"],"potions_floor_usage":[],"damage_taken":[{"damage":6,"enemies":"2 Louse","floor":1,"turns":4},{"damage":1,"enemies":"Cultist","floor":2,"turns":3},{"damage":6,"enemies":"Jaw Worm","floor":5,"turns":3},{"damage":26,"enemies":"Exordium Thugs","floor":6,"turns":6},{"damage":4,"enemies":"3 Louse","floor":8,"turns":4},{"damage":9,"enemies":"Blue Slaver","floor":10,"turns":3},{"damage":10,"enemies":"Looter","floor":11,"turns":2},{"damage":19,"enemies":"Exordium Wildlife","floor":13,"turns":5},{"damage":62,"enemies":"The Guardian","floor":16,"turns":12},{"damage":2,"enemies":"Chosen","floor":18,"turns":4},{"damage":22,"enemies":"Shell Parasite","floor":24,"turns":4},{"damage":6,"enemies":"Snake Plant","floor":27,"turns":3},{"damage":17,"enemies":"Gremlin Leader","floor":31,"turns":4},{"damage":80,"enemies":"Automaton","floor":33,"turns":8},{"damage":37,"enemies":"3 Shapes","floor":35,"turns":4},{"damage":30,"enemies":"3 Darklings","floor":36,"turns":6},{"damage":23,"enemies":"4 Shapes","floor":39,"turns":5},{"damage":26,"enemies":"Jaw Worm Horde","floor":42,"turns":4},{"damage":43,"enemies":"Maw","floor":44,"turns":6}],"seed_played":"252595548239402723","potions_obtained":[{"floor":5,"key":"PowerPotion"},{"floor":6,"key":"ColorlessPotion"},{"floor":13,"key":"GamblersBrew"},{"floor":24,"key":"Swift Potion"},{"floor":29,"key":"Fruit Juice"},{"floor":29,"key":"Regen Potion"},{"floor":29,"key":"Block Potion"},{"floor":42,"key":"Weak Potion"}],"is_trial":false,"path_per_floor":["M","M","$","?","M","M","R","M","T","M","M","?","M","$","R","B",null,"M","?","?","$","?","R","M","R","T","M","?","?","R","E","R","B",null,"M","M","?","?","M","R","?","M","T","M"],"character_chosen":"IRONCLAD","items_purchased":["Strawberry","Heavy Blade","Membership Card","Good Instincts","Flex"],"campfire_rested":4,"item_purchase_floors":[0,0,14,14,21],"current_hp_per_floor":[78,83,83,75,75,55,81,83,83,80,76,69,56,56,82,26,87,87,87,87,87,87,87,71,71,71,71,71,71,71,60,86,12,87,56,32,54,54,37,63,63,43,43,0,0],"gold":263,"neow_bonus":"","is_daily":false,"chose_seed":false,"campfire_upgraded":3,"win_rate":0.0,"timestamp":1608745541,"path_taken":["M","M","$","?","M","M","R","M","T","?","M","?","M","?","R","BOSS","M","?","?","$","?","R","M","R","T","?","?","?","R","E","R","BOSS","M","?","?","?","M","R","?","?","T","M"],"items_purchased_type":["Relic","Card","Relic","Card","Card"],"build_version":"2020-12-22","purchased_purges":0,"victory":false,"max_hp_per_floor":[87,87,87,87,87,87,87,87,87,87,87,87,87,87,87,87,87,87,87,87,87,87,87,87,87,87,87,87,87,87,87,87,87,87,87,87,87,87,87,87,87,87,87,87,87],"card_choices":[{"not_picked":["Armaments","Headbutt"],"picked":"Anger","floor":1},{"not_picked":["Armaments","Rupture"],"picked":"Anger","floor":2},{"not_picked":["Perfected Strike","Iron Wave"],"picked":"Clothesline","floor":5},{"not_picked":["Iron Wave","Body Slam"],"picked":"Entrench","floor":6},{"not_picked":["Flex","Dual Wield"],"picked":"Anger","floor":8},{"not_picked":["Thunderclap","Shockwave"],"picked":"Clash","floor":10},{"not_picked":["Second Wind","Fire Breathing"],"picked":"Shrug It Off","floor":11},{"not_picked":["Blood for Blood","True Grit"],"picked":"Headbutt","floor":13},{"not_picked":["Double Tap","Impervious"],"picked":"Demon Form","floor":16},{"not_picked":["Searing Blow","Headbutt+1"],"picked":"Armaments","floor":18},{"not_picked":["Warcry+1","Dark Embrace"],"picked":"Ghostly Armor","floor":24},{"not_picked":["Heavy Blade","Dropkick","Ghostly Armor"],"picked":"SKIP","floor":27},{"not_picked":["Battle Trance+1","Reaper"],"picked":"Pommel Strike+1","floor":31},{"not_picked":["Bludgeon","Feed"],"picked":"Barricade","floor":33},{"not_picked":["Armaments","Flex"],"picked":"Heavy Blade+1","floor":35},{"not_picked":["Shockwave+1","Warcry"],"picked":"Clash+1","floor":36},{"not_picked":["Bloodletting","Sever Soul+1"],"picked":"Anger+1","floor":39},{"not_picked":["Battle Trance","Spot Weakness+1"],"picked":"Armaments","floor":42}],"player_experience":30249,"relics_obtained":[{"floor":9,"key":"PreservedInsect"},{"floor":26,"key":"Bag of Preparation"},{"floor":31,"key":"MealTicket"},{"floor":43,"key":"Dream Catcher"}],"event_choices":[{"damage_healed":0,"gold_gain":0,"player_choice":"Damaged","damage_taken":8,"max_hp_gain":0,"max_hp_loss":0,"event_name":"Wheel of Change","floor":4,"gold_loss":0},{"damage_healed":0,"gold_gain":0,"player_choice":"Relic ","damage_taken":7,"max_hp_gain":0,"max_hp_loss":0,"event_name":"betterThird:BetterScrap","floor":12,"gold_loss":0,"cards_obtained":["Doom and Gloom"]},{"damage_healed":0,"gold_gain":0,"player_choice":"Obtained Relic","damage_taken":0,"relics_obtained":["Mercury Hourglass"],"max_hp_gain":0,"max_hp_loss":0,"event_name":"Addict","floor":19,"gold_loss":85},{"damage_healed":0,"gold_gain":0,"player_choice":"Ignored","damage_taken":0,"max_hp_gain":0,"max_hp_loss":0,"event_name":"Vampires","floor":20,"gold_loss":0},{"damage_healed":0,"gold_gain":0,"player_choice":"Simplicity","damage_taken":0,"max_hp_gain":0,"max_hp_loss":6,"event_name":"betterThird:BetterWriting","floor":22,"gold_loss":0},{"damage_healed":0,"gold_gain":0,"player_choice":"Opened","damage_taken":0,"relics_obtained":["Letter Opener"],"max_hp_gain":0,"max_hp_loss":0,"event_name":"The Mausoleum","floor":28,"gold_loss":0},{"damage_healed":0,"gold_gain":0,"player_choice":"Got Potions","damage_taken":0,"max_hp_gain":0,"max_hp_loss":0,"event_name":"Lab","floor":29,"gold_loss":0},{"damage_healed":22,"gold_gain":0,"player_choice":"Writhe","damage_taken":0,"max_hp_gain":0,"max_hp_loss":0,"event_name":"Winding Halls","floor":37,"gold_loss":0,"cards_obtained":["Writhe"]},{"damage_healed":0,"gold_gain":0,"player_choice":"Ignored","damage_taken":0,"max_hp_gain":0,"max_hp_loss":0,"event_name":"Tomb of Lord Red Mask","floor":38,"gold_loss":0},{"damage_healed":0,"gold_gain":0,"player_choice":"Gave Potion","damage_taken":0,"relics_obtained":["Red Skull"],"max_hp_gain":0,"max_hp_loss":0,"event_name":"WeMeetAgain","floor":41,"gold_loss":0}],"is_beta":false,"boss_relics":[{"not_picked":["Busted Crown","Fusion Hammer"],"picked":"Astrolabe"},{"not_picked":["Snecko Eye","Black Star"],"picked":"Philosopher\u0027s Stone"}],"items_purged_floors":[],"is_endless":false,"potions_floor_spawned":[5,6,13,16,24,31,42],"killed_by":"Maw","ascension_level":0}}