{"host":"j06fkfseroga8i8e","time":1608754892,"event":{"mods":["BaseMod","Bestiary","Colored Map","Colored Powertips","Minty Spire (QoL Compilation)","Relic Stats","StSLib","everything is the same but u backflip on backflip"],"gold_per_floor":[116,116,128,128,144,187,187,187,187],"floor_reached":8,"playtime":131,"items_purged":[],"score":87,"play_id":"952a9e26-196d-4d7a-9266-858e6725de5a","local_time":"20201223152132","is_ascension_mode":true,"campfire_choices":[{"data":"Zap","floor":7.0,"key":"SMITH"}],"circlet_count":0,"master_deck":["AscendersBane","Strike_B","Strike_B+1","Strike_B","Strike_B","Defend_B","Defend_B","Defend_B","Defend_B","Zap+1","Dualcast","Turbo+1","Lockon","Blizzard"],"relics":["Cracked Core","NeowsBlessing","Golden Idol","Regal Pillow"],"acts_visited":["Exordium"],"potions_floor_usage":[],"damage_taken":[{"damage":0.0,"enemies":"Small Slimes","floor":1.0,"turns":1.0},{"damage":0.0,"enemies":"2 Louse","floor":3.0,"turns":1.0},{"damage":0.0,"enemies":"Jaw Worm","floor":5.0,"turns":1.0},{"damage":10.0,"enemies":"Lagavulin","floor":6.0,"turns":5.0},{"damage":0,"enemies":"3 Sentries","floor":8,"turns":1}],"seed_played":"1774391499904018792","potions_obtained":[{"floor":1.0,"key":"PowerPotion"},{"floor":6.0,"key":"SteroidPotion"}],"is_trial":false,"path_per_floor":["M","?","M","?","M","E","R","E"],"character_chosen":"DEFECT","items_purchased":[],"campfire_rested":0,"item_purchase_floors":[],"current_hp_per_floor":[68,53,53,53,53,43,43,43,43],"gold":187,"neow_bonus":"THREE_ENEMY_KILL","is_daily":false,"chose_seed":false,"campfire_upgraded":1,"win_rate":0.0,"timestamp":1608754892,"path_taken":["M","?","M","?","M","E","R","E"],"items_purchased_type":[],"build_version":"2020-12-22","purchased_purges":0,"victory":false,"max_hp_per_floor":[75,75,75,69,69,69,69,69,69],"relic_stats":{"Regal Pillow":0,"counters":[5,9],"Golden Idol":12,"obtain_stats":[{"Regal Pillow":6,"NeowsBlessing":0,"Golden Idol":4,"Cracked Core":0},{"Regal Pillow":4,"NeowsBlessing":0,"Golden Idol":2,"Cracked Core":0},{"Regal Pillow":8,"NeowsBlessing":0,"Golden Idol":2,"Cracked Core":0}]},"card_choices":[{"not_picked":["Fusion","Beam Cell"],"picked":"Turbo","floor":1.0},{"not_picked":["Redo","Loop"],"picked":"Lockon","floor":3.0},{"not_picked":["Leap","Skim","Turbo"],"picked":"SKIP","floor":5.0},{"not_picked":["Cold Snap","Consume"],"picked":"Blizzard","floor":6.0}],"player_experience":554161,"relics_obtained":[{"floor":6.0,"key":"Regal Pillow"}],"event_choices":[{"damage_healed":0.0,"max_hp_gain":0.0,"max_hp_loss":0.0,"gold_gain":0.0,"event_name":"Shining Light","player_choice":"Entered Light","floor":2.0,"gold_loss":0.0,"damage_taken":15.0,"cards_upgraded":["Turbo","Strike_B"]},{"damage_healed":0.0,"max_hp_gain":0.0,"max_hp_loss":6.0,"gold_gain":0.0,"event_name":"Golden Idol","player_choice":"Lose Max HP","floor":4.0,"gold_loss":0.0,"damage_taken":0.0,"relics_obtained":["Golden Idol"]}],"is_beta":false,"boss_relics":[],"items_purged_floors":[],"is_endless":false,"potions_floor_spawned":[1,6],"killed_by":"3 Sentries","ascension_level":11}}