{"host":"o7j6aatxjwpw1421","time":1608741283,"event":{"mods":["2.2 Compatiblity","BaseMod","Colored Map","DeckTracker","Highlight Path","Keyboard Shortcuts","Minty Spire (QoL Compilation)","Permanent Neow","Quick Restart","StSLib","SuperFastMode","everything is the same but u backflip on backflip"],"gold_per_floor":[115,115,126,151,165,165,196,215,240,252,291,303,315,339,351,460,522,554,481,493,505,531,543,555,555],"floor_reached":24,"playtime":847,"items_purged":[],"score":355,"play_id":"0c46ca8e-6135-4dda-894e-54e48b249e8c","local_time":"20201224013443","is_ascension_mode":true,"campfire_choices":[{"data":"Armaments","floor":6.0,"key":"SMITH"},{"data":"Fiend Fire","floor":10.0,"key":"SMITH"},{"data":"Pommel Strike","floor":13.0,"key":"SMITH"},{"floor":15.0,"key":"RECALL"},{"data":"Barricade","floor":23.0,"key":"SMITH"}],"circlet_count":0,"master_deck":["AscendersBane","Strike_R","Strike_R+1","Strike_R","Strike_R","Defend_R","Defend_R","Defend_R","Defend_R","Bash+1","Armaments+1","Fiend Fire+1","Uppercut","Pommel Strike+1","Barricade+1","Feel No Pain","Sentinel","Power Through","Impervious"],"relics":["Burning Blood","FossilizedHelix","Tiny Chest","Bottled Flame","MawBank","Self Forming Clay","Tiny House","Question Card","Prayer Wheel"],"acts_visited":["Exordium","TheCity"],"potions_floor_usage":[],"damage_taken":[{"damage":1.0,"enemies":"Jaw Worm","floor":1.0,"turns":4.0},{"damage":0.0,"enemies":"Cultist","floor":3.0,"turns":3.0},{"damage":8.0,"enemies":"2 Louse","floor":5.0,"turns":3.0},{"damage":42.0,"enemies":"Gremlin Nob","floor":7.0,"turns":5.0},{"damage":4.0,"enemies":"Blue Slaver","floor":8.0,"turns":4.0},{"damage":0.0,"enemies":"Lagavulin","floor":11.0,"turns":6.0},{"damage":0.0,"enemies":"Exordium Wildlife","floor":14.0,"turns":4.0},{"damage":18.0,"enemies":"Slime Boss","floor":16.0,"turns":6.0},{"damage":5.0,"enemies":"3 Byrds","floor":18.0,"turns":5.0},{"damage":0.0,"enemies":"Spheric Guardian","floor":22.0,"turns":1.0},{"damage":51,"enemies":"Book of Stabbing","floor":24,"turns":6}],"seed_played":"5881686330727587382","potions_obtained":[{"floor":1.0,"key":"Ancient Potion"},{"floor":7.0,"key":"SkillPotion"},{"floor":16.0,"key":"ColorlessPotion"},{"floor":17.0,"key":"ColorlessPotion"},{"floor":18.0,"key":"ColorlessPotion"}],"is_trial":false,"path_per_floor":["M","?","M","T","M","R","E","M","T","R","E","?","R","M","R","B",null,"M","?","?","T","M","R","E"],"character_chosen":"IRONCLAD","items_purchased":[],"campfire_rested":0,"item_purchase_floors":[],"current_hp_per_floor":[72,72,72,72,70,70,34,36,36,36,42,35,35,41,41,29,66,67,67,67,67,73,73,22,22],"gold":555,"neow_bonus":"ONE_RARE_RELIC","is_daily":false,"chose_seed":false,"campfire_upgraded":4,"win_rate":0.0,"timestamp":1608741283,"path_taken":["M","?","?","?","M","R","E","M","T","R","E","?","R","M","R","BOSS","M","?","?","?","?","R","E"],"items_purchased_type":[],"build_version":"2020-12-22","purchased_purges":0,"victory":false,"max_hp_per_floor":[72,72,72,72,72,72,72,72,72,72,72,72,72,72,72,72,77,77,77,77,77,77,77,77,77],"card_choices":[{"not_picked":["Metallicize","Rampage","Infernal Blade"],"picked":"SKIP","floor":1.0},{"not_picked":["Metallicize","Rampage","Infernal Blade"],"picked":"SKIP","floor":1.0},{"not_picked":["Shrug It Off","Intimidate"],"picked":"Armaments","floor":3.0},{"not_picked":["Havoc","Twin Strike"],"picked":"Fiend Fire","floor":5.0},{"not_picked":["Inflame","Clothesline"],"picked":"Uppercut","floor":7.0},{"not_picked":["Clothesline","Sever Soul","Wild Strike"],"picked":"SKIP","floor":8.0},{"not_picked":["Shrug It Off","Rampage"],"picked":"Pommel Strike","floor":11.0},{"not_picked":["Metallicize","Iron Wave","Sever Soul"],"picked":"SKIP","floor":14.0},{"not_picked":["Double Tap","Reaper"],"picked":"Barricade","floor":16.0},{"not_picked":["Clash","Clothesline"],"picked":"Feel No Pain","floor":17.0},{"not_picked":["Headbutt","Reckless Charge+1"],"picked":"Sentinel","floor":18.0},{"not_picked":["Flex+1","Warcry+1","Headbutt"],"picked":"Power Through","floor":22.0},{"not_picked":["Flame Barrier","Clothesline","Hemokinesis"],"picked":"Impervious","floor":22.0}],"player_experience":343681,"relics_obtained":[{"floor":4.0,"key":"Tiny Chest"},{"floor":7.0,"key":"Bottled Flame"},{"floor":9.0,"key":"MawBank"},{"floor":11.0,"key":"Self Forming Clay"},{"floor":21.0,"key":"Prayer Wheel"}],"event_choices":[{"damage_healed":0.0,"max_hp_gain":0.0,"max_hp_loss":0.0,"gold_gain":0.0,"event_name":"Upgrade Shrine","player_choice":"Upgraded","floor":2.0,"gold_loss":0.0,"damage_taken":0.0,"cards_upgraded":["Bash"]},{"cards_removed":["Strike_R"],"damage_healed":0.0,"max_hp_gain":0.0,"max_hp_loss":0.0,"gold_gain":0.0,"event_name":"Golden Wing","player_choice":"Card Removal","floor":12.0,"gold_loss":0.0,"damage_taken":7.0},{"damage_healed":0.0,"max_hp_gain":0.0,"max_hp_loss":0.0,"gold_gain":0.0,"event_name":"Addict","player_choice":"Obtained Relic","floor":19.0,"gold_loss":85.0,"damage_taken":0.0,"relics_obtained":["Question Card"]},{"damage_healed":0.0,"max_hp_gain":0.0,"max_hp_loss":0.0,"gold_gain":0.0,"event_name":"The Mausoleum","player_choice":"Ignored","floor":20.0,"gold_loss":0.0,"damage_taken":0.0}],"is_beta":false,"boss_relics":[{"not_picked":["Ectoplasm","Coffee Dripper"],"picked":"Tiny House"}],"items_purged_floors":[],"is_endless":false,"potions_floor_spawned":[1,7,16,18],"killed_by":"Book of Stabbing","ascension_level":11}}