{"host":"9d9dhukr2jywmy0f","time":1608746379,"event":{"mods":["2.2 Compatiblity","Alarm Clock","BaseMod","Bestiary","Block Reminder","Colored Map","Colored Powertips","Curses Come First","DeckTracker","Displayed Cursed Tome","Highlight Path","Key Reminder","Keyboard Shortcuts","Minty Spire (QoL Compilation)","MonsterHotkey","MostiFishMod","Potion Indicator Mod","Quick Restart","Rare Cards Sparkle","Relic Sorter","Relic Stats","Spire Birthday Party","StSLib","Synergy Search","Unceasing Turn Reminder","Unknown Chances"],"gold_per_floor":[18,34,48,48,65,65,90,90,115,134,165,21,21,32,32,110,110,120,170,4,15,34,34,69,69,69,95,111,139,29,47,47,125,125,145,165,165,65,76,108,118,118,118,146,146,158,158,193,193,193,193,193,110,143,143],"floor_reached":56,"playtime":3841,"items_purged":["Strike_G","Strike_G"],"score":3062,"play_id":"4dad7898-cc1c-4dd6-9af6-975fe2d846f8","local_time":"20201224015939","is_ascension_mode":true,"campfire_choices":[{"data":"Footwork","floor":6.0,"key":"SMITH"},{"data":"MostiFishMod:AdrenalineArouse","floor":8.0,"key":"SMITH"},{"data":"Deadly Poison","floor":15.0,"key":"SMITH"},{"data":"Deadly Poison","floor":23.0,"key":"SMITH"},{"data":"Escape Plan","floor":25.0,"key":"SMITH"},{"data":"MostiFishMod:SupremeArchaeology","floor":32.0,"key":"SMITH"},{"data":"Catalyst","floor":42.0,"key":"SMITH"},{"data":"Adrenaline","floor":47.0,"key":"SMITH"},{"floor":49.0,"key":"RECALL"},{"data":"Backflip","floor":52.0,"key":"SMITH"}],"circlet_count":0,"master_deck":["AscendersBane","Defend_G","Defend_G","Defend_G","Defend_G","Survivor","Neutralize+1","Deadly Poison+1","Footwork+1","Deadly Poison+1","MostiFishMod:AdrenalineArouse+1","Dodge and Roll+1","MostiFishMod:SupremeArchaeology+1","Escape Plan+1","Outmaneuver+1","Catalyst+1","Backflip+1","Adrenaline+1","Backflip","Impatience"],"relics":["Ring of the Snake","DaveBox","Dream Catcher","PreservedInsect","TwistedFunnel","RhineCircuit","Gremlin Horn","Potion Belt","Ornamental Fan","Pen Nib","ShadowXiaoBlade","Bottled Lightning","Sundial","Mercury Hourglass","Kunai","TungstenRod"],"acts_visited":["Exordium","TheCity","TheBeyond","TheEnding"],"potions_floor_usage":[55,55,55,55],"damage_taken":[{"damage":0.0,"enemies":"Cultist","floor":1.0,"turns":6.0},{"damage":0.0,"enemies":"2 Louse","floor":2.0,"turns":4.0},{"damage":0.0,"enemies":"Small Slimes","floor":3.0,"turns":4.0},{"damage":0.0,"enemies":"Exordium Thugs","floor":5.0,"turns":7.0},{"damage":5.0,"enemies":"Lagavulin","floor":7.0,"turns":8.0},{"damage":0.0,"enemies":"Blue Slaver","floor":10.0,"turns":6.0},{"damage":32.0,"enemies":"Gremlin Nob","floor":11.0,"turns":8.0},{"damage":0.0,"enemies":"Gremlin Gang","floor":14.0,"turns":2.0},{"damage":0.0,"enemies":"The Guardian","floor":16.0,"turns":10.0},{"damage":8.0,"enemies":"Spheric Guardian","floor":18.0,"turns":6.0},{"damage":0.0,"enemies":"2 Thieves","floor":21.0,"turns":5.0},{"damage":0.0,"enemies":"Snecko","floor":22.0,"turns":8.0},{"damage":10.0,"enemies":"Slavers","floor":24.0,"turns":9.0},{"damage":0.0,"enemies":"Gremlin Leader","floor":27.0,"turns":8.0},{"damage":14.0,"enemies":"Sentry and Sphere","floor":28.0,"turns":8.0},{"damage":0.0,"enemies":"Book of Stabbing","floor":29.0,"turns":5.0},{"damage":0.0,"enemies":"Snake Plant","floor":31.0,"turns":5.0},{"damage":0.0,"enemies":"Champ","floor":33.0,"turns":16.0},{"damage":5.0,"enemies":"3 Shapes","floor":35.0,"turns":7.0},{"damage":0.0,"enemies":"Orb Walker","floor":36.0,"turns":4.0},{"damage":0.0,"enemies":"Transient","floor":39.0,"turns":5.0},{"damage":0.0,"enemies":"Nemesis","floor":40.0,"turns":8.0},{"damage":3.0,"enemies":"3 Darklings","floor":41.0,"turns":5.0},{"damage":0.0,"enemies":"Giant Head","floor":44.0,"turns":7.0},{"damage":0.0,"enemies":"Sphere and 2 Shapes","floor":46.0,"turns":4.0},{"damage":0.0,"enemies":"Nemesis","floor":48.0,"turns":4.0},{"damage":0.0,"enemies":"Awakened One","floor":50.0,"turns":18.0},{"damage":0.0,"enemies":"Shield and Spear","floor":54.0,"turns":8.0},{"damage":0,"enemies":"The Heart","floor":55,"turns":11}],"seed_played":"-3590294649707265605","potions_obtained":[{"floor":5.0,"key":"PowerPotion"},{"floor":7.0,"key":"Explosive Potion"},{"floor":14.0,"key":"BlessingOfTheForge"},{"floor":16.0,"key":"LiquidMemories"},{"floor":18.0,"key":"Regen Potion"},{"floor":22.0,"key":"Ancient Potion"},{"floor":27.0,"key":"BlessingOfTheForge"},{"floor":28.0,"key":"Strength Potion"},{"floor":35.0,"key":"DistilledChaos"}],"is_trial":false,"path_per_floor":["M","M","M","?","M","R","E","R","T","M","E","$","?","M","R","B",null,"M","?","$","M","M","R","E","R","T","E","M","E","?","M","R","B",null,"M","M","?","$","M","E","M","R","T","E","?","M","R","E","R","B",null,"R","$","E","B",null],"character_chosen":"THE_SILENT","items_purchased":["TwistedFunnel","MostiFishMod:SupremeArchaeology","Impatience"],"campfire_rested":0,"item_purchase_floors":[12,20,53],"current_hp_per_floor":[59,59,59,59,59,59,54,54,54,54,22,22,27,27,27,27,60,52,45,45,60,60,60,50,50,50,50,36,36,36,36,36,36,62,57,57,57,57,57,57,54,54,54,54,54,54,54,54,54,54,64,64,64,64,64],"gold":143,"neow_bonus":"REMOVE_TWO","is_daily":false,"chose_seed":false,"campfire_upgraded":9,"win_rate":0.0,"timestamp":1608746379,"path_taken":["M","M","M","?","?","R","E","R","T","M","E","$","?","M","R","BOSS","M","?","$","M","?","R","E","R","T","E","M","E","?","M","R","BOSS","M","?","?","$","M","E","M","R","T","E","?","M","R","E","R","BOSS","R","$","E","BOSS"],"items_purchased_type":["Relic","Card","Card"],"build_version":"2020-11-30","purchased_purges":2,"victory":true,"max_hp_per_floor":[66,66,66,66,66,66,66,66,66,66,66,66,71,71,71,71,71,71,71,71,71,71,71,71,71,71,71,71,71,71,71,71,71,71,71,71,71,71,71,71,71,71,71,71,67,67,67,67,67,67,67,67,67,67,67],"relic_stats":{"Dream Catcher":0,"Gremlin Horn":[14,14],"counters":[29,206],"Ornamental Fan":[4],"Sundial":[26],"PreservedInsect":437,"Pen Nib":[7],"Kunai":[0],"obtain_stats":[{"TwistedFunnel":12,"Potion Belt":26,"DaveBox":0,"Gremlin Horn":24,"ShadowXiaoBlade":34,"PreservedInsect":11,"Pen Nib":29,"RhineCircuit":17,"Mercury Hourglass":44,"keyreminder:keyreminder":9,"Dream Catcher":7,"Ornamental Fan":27,"Sundial":43,"Bottled Lightning":40,"Kunai":48,"TungstenRod":54,"Ring of the Snake":0},{"TwistedFunnel":7,"Potion Belt":13,"DaveBox":0,"Gremlin Horn":13,"ShadowXiaoBlade":18,"PreservedInsect":7,"Pen Nib":16,"RhineCircuit":9,"Mercury Hourglass":24,"keyreminder:keyreminder":5,"Dream Catcher":5,"Ornamental Fan":14,"Sundial":23,"Bottled Lightning":22,"Kunai":26,"TungstenRod":28,"Ring of the Snake":0},{"TwistedFunnel":43,"Potion Belt":83,"DaveBox":0,"Gremlin Horn":83,"ShadowXiaoBlade":125,"PreservedInsect":43,"Pen Nib":104,"RhineCircuit":55,"Mercury Hourglass":161,"keyreminder:keyreminder":29,"Dream Catcher":29,"Ornamental Fan":91,"Sundial":154,"Bottled Lightning":149,"Kunai":169,"TungstenRod":195,"Ring of the Snake":0}],"TungstenRod":5,"Ring of the Snake":[58],"Mercury Hourglass":[176]},"card_choices":[{"not_picked":["Dodge and Roll","Prepared"],"picked":"Deadly Poison","floor":1.0},{"not_picked":["Dagger Spray","Flying Knee"],"picked":"Footwork","floor":2.0},{"not_picked":["PiercingWail","Cloak And Dagger","Leg Sweep"],"picked":"SKIP","floor":3.0},{"not_picked":["Sucker Punch","Slice"],"picked":"Deadly Poison","floor":5.0},{"not_picked":["MostiFishMod:PerfectParry","Prepared"],"picked":"MostiFishMod:AdrenalineArouse","floor":7.0},{"not_picked":["Deadly Poison","Setup","Quick Slash"],"picked":"SKIP","floor":10.0},{"not_picked":["After Image","PiercingWail","Eviscerate"],"picked":"SKIP","floor":11.0},{"not_picked":["Blade Dance","Eviscerate","Infinite Blades"],"picked":"SKIP","floor":14.0},{"not_picked":["Predator","Deflect"],"picked":"Dodge and Roll+1","floor":18.0},{"not_picked":["Prepared","MostiFishMod:FrostNova+1","Setup"],"picked":"SKIP","floor":21.0},{"not_picked":["Deadly Poison","Flying Knee"],"picked":"Escape Plan","floor":22.0},{"not_picked":["MostiFishMod:PerfectParry","Dodge and Roll","Finisher"],"picked":"SKIP","floor":24.0},{"not_picked":["Eviscerate","Predator+1","Underhanded Strike"],"picked":"SKIP","floor":27.0},{"not_picked":["Outmaneuver","Slice","Poisoned Stab"],"picked":"SKIP","floor":28.0},{"not_picked":["Outmaneuver","Slice","Poisoned Stab"],"picked":"SKIP","floor":28.0},{"not_picked":["Setup+1","Distraction","Choke"],"picked":"SKIP","floor":29.0},{"not_picked":["Dodge and Roll","Storm of Steel","Leg Sweep"],"picked":"SKIP","floor":31.0},{"not_picked":["Slice","Dagger Throw+1","All Out Attack"],"picked":"SKIP","floor":35.0},{"not_picked":["Infinite Blades","Poisoned Stab"],"picked":"Outmaneuver+1","floor":36.0},{"not_picked":["Quick Slash","MostiFishMod:PerfectParry","Heel Hook+1"],"picked":"SKIP","floor":39.0},{"not_picked":["Phantasmal Killer","Dagger Throw"],"picked":"Catalyst","floor":40.0},{"not_picked":["Slice","Distraction+1"],"picked":"Backflip","floor":41.0},{"not_picked":["Night Terror","Deadly Poison"],"picked":"Adrenaline","floor":44.0},{"not_picked":["Acrobatics+1","Bane"],"picked":"Backflip","floor":46.0},{"not_picked":["Dagger Throw","Bane","Accuracy+1"],"picked":"SKIP","floor":48.0},{"not_picked":["Setup","Poisoned Stab","Finisher"],"picked":"SKIP","floor":54.0}],"player_experience":740025,"relics_obtained":[{"floor":7.0,"key":"Dream Catcher"},{"floor":11.0,"key":"PreservedInsect"},{"floor":24.0,"key":"Gremlin Horn"},{"floor":26.0,"key":"Potion Belt"},{"floor":27.0,"key":"Ornamental Fan"},{"floor":29.0,"key":"Pen Nib"},{"floor":40.0,"key":"Bottled Lightning"},{"floor":43.0,"key":"Sundial"},{"floor":44.0,"key":"Mercury Hourglass"},{"floor":48.0,"key":"Kunai"},{"floor":54.0,"key":"TungstenRod"}],"event_choices":[{"damage_healed":0.0,"max_hp_gain":0.0,"max_hp_loss":0.0,"gold_gain":0.0,"event_name":"Upgrade Shrine","player_choice":"Upgraded","floor":4.0,"gold_loss":0.0,"damage_taken":0.0,"cards_upgraded":["Neutralize"]},{"damage_healed":0.0,"max_hp_gain":5.0,"max_hp_loss":0.0,"gold_gain":0.0,"event_name":"Big Fish","player_choice":"Donut","floor":13.0,"gold_loss":0.0,"damage_taken":0.0},{"damage_healed":0.0,"max_hp_gain":0.0,"max_hp_loss":0.0,"gold_gain":50.0,"event_name":"FaceTrader","player_choice":"Touch","floor":19.0,"gold_loss":0.0,"damage_taken":7.0},{"cards_removed":["Strike_G"],"damage_healed":0.0,"max_hp_gain":0.0,"max_hp_loss":0.0,"gold_gain":0.0,"event_name":"Designer","player_choice":"Upgrade and Remove","floor":30.0,"gold_loss":110.0,"damage_taken":0.0,"cards_upgraded":["Strike_G"]},{"cards_removed":["Strike_G"],"damage_healed":0.0,"max_hp_gain":0.0,"max_hp_loss":0.0,"gold_gain":0.0,"event_name":"Falling","player_choice":"Removed Attack","floor":37.0,"gold_loss":0.0,"damage_taken":0.0},{"damage_healed":0.0,"max_hp_gain":0.0,"max_hp_loss":4.0,"gold_gain":0.0,"event_name":"Winding Halls","player_choice":"Max HP","floor":45.0,"gold_loss":0.0,"damage_taken":0.0}],"is_beta":false,"boss_relics":[{"not_picked":["Sozu","HereWithMe"],"picked":"RhineCircuit"},{"not_picked":["SlaversCollar","Tiny House"],"picked":"ShadowXiaoBlade"}],"items_purged_floors":[20,38],"is_endless":false,"potions_floor_spawned":[5,7,14,16,18,22,27,28,35,41,48,54],"ascension_level":15}}