{"host":"auv68s8i97pkmhwr","time":1608733639,"event":{"mods":["AchievementEnabler","BaseMod","Best Route Mod","Bestiary","Better Altar","Better Match","Better Note","Better Sensory Stone","Better Skull","Better Third Choice","Better Vampires","BetterRewards","Block Reminder","Colored Map","Colored Powertips","Displayed Cursed Tome","Minty Spire (QoL Compilation)","StSLib","SuperFastMode","Uncapped","Unceasing Turn Reminder"],"gold_per_floor":[112,112,287,302,313,342,342,372,396,471,488,488,505,530,530,626,626,637,654,654,667,441,470,470,497,572,585,616,643,660,679,679,781,781,792,1014,1014,1030,1046,1072,1083,1103,1185,5,36,86,113,127,127,127,127,127,9,40,40],"floor_reached":56,"playtime":1807,"items_purged":["Strike_R","Strike_R","Strike_R","Strike_R","Strike_R"],"score":2566,"play_id":"b0bd1ac9-0617-47f5-a6a2-30a0a529d7a0","local_time":"20201223222719","is_ascension_mode":true,"campfire_choices":[{"data":"Feel No Pain","floor":15,"key":"SMITH"},{"data":"1","floor":24,"key":"LIFT"},{"data":"2","floor":32,"key":"LIFT"},{"floor":49,"key":"RECALL"},{"floor":52,"key":"DIG"}],"circlet_count":0,"master_deck":["AscendersBane","Defend_R","Defend_R+1","Defend_R","Defend_R","Bash+1","Apotheosis+1","Cleave+1","Inflame","Disarm","Feel No Pain+1","True Grit+1","Flex","Sword Boomerang","Double Tap","Inflame","Limit Break","Shrug It Off+1","Seeing Red","Shrug It Off","Barricade","Body Slam+1","Metallicize+1","Master of Strategy"],"relics":["Burning Blood","Membership Card","CaptainsWheel","Turnip","ClockworkSouvenir","Question Card","Gambling Chip","Paper Frog","Magic Flower","Ice Cream","Toy Ornithopter","Potion Belt","Letter Opener","Coffee Dripper","Akabeko","Omamori","Girya","War Paint","The Courier","Red Mask","Ornamental Fan","Fusion Hammer","Meat on the Bone","Strawberry","Bottled Lightning","Anchor","Molten Egg 2","Blood Vial","Incense Burner","Bag of Marbles","Centennial Puzzle","Ancient Tea Set","Orichalcum","Pear","Boot","Lantern","Lizard Tail","Mummified Hand","Whetstone","InkBottle","Champion Belt","Shovel","Gremlin Horn","Nunchaku"],"acts_visited":["Exordium","TheCity","TheBeyond","TheEnding"],"potions_floor_usage":[8,14,25,28,33,38,50,54,55,55,55],"damage_taken":[{"damage":8,"enemies":"Jaw Worm","floor":1,"turns":3},{"damage":1,"enemies":"2 Louse","floor":4,"turns":3},{"damage":0,"enemies":"Cultist","floor":5,"turns":4},{"damage":13,"enemies":"Gremlin Nob","floor":6,"turns":4},{"damage":19,"enemies":"3 Sentries","floor":8,"turns":6},{"damage":20,"enemies":"Exordium Thugs","floor":11,"turns":3},{"damage":7,"enemies":"Looter","floor":13,"turns":4},{"damage":10,"enemies":"Gremlin Nob","floor":14,"turns":3},{"damage":36,"enemies":"The Guardian","floor":16,"turns":6},{"damage":14,"enemies":"Shell Parasite","floor":18,"turns":2},{"damage":12,"enemies":"Chosen","floor":19,"turns":4},{"damage":18,"enemies":"Centurion and Healer","floor":21,"turns":3},{"damage":5,"enemies":"Book of Stabbing","floor":23,"turns":4},{"damage":11,"enemies":"Gremlin Leader","floor":25,"turns":5},{"damage":12,"enemies":"Snecko","floor":27,"turns":3},{"damage":20,"enemies":"Masked Bandits","floor":28,"turns":5},{"damage":13,"enemies":"Slavers","floor":29,"turns":5},{"damage":2,"enemies":"Snake Plant","floor":30,"turns":3},{"damage":4,"enemies":"Chosen and Byrds","floor":31,"turns":5},{"damage":14,"enemies":"Champ","floor":33,"turns":8},{"damage":7,"enemies":"Orb Walker","floor":35,"turns":5},{"damage":17,"enemies":"3 Shapes","floor":38,"turns":7},{"damage":5,"enemies":"Spire Growth","floor":39,"turns":4},{"damage":0,"enemies":"Giant Head","floor":40,"turns":5},{"damage":3,"enemies":"Sphere and 2 Shapes","floor":41,"turns":4},{"damage":1,"enemies":"Writhing Mass","floor":42,"turns":6},{"damage":6,"enemies":"Nemesis","floor":45,"turns":5},{"damage":0,"enemies":"Mind Bloom Boss Battle","floor":46,"turns":4},{"damage":0,"enemies":"Giant Head","floor":47,"turns":4},{"damage":0,"enemies":"Jaw Worm Horde","floor":48,"turns":4},{"damage":0,"enemies":"Donu and Deca","floor":50,"turns":8},{"damage":0,"enemies":"Shield and Spear","floor":54,"turns":3},{"damage":0,"enemies":"The Heart","floor":55,"turns":7}],"seed_played":"-9177099231191495803","potions_obtained":[{"floor":4,"key":"Fruit Juice"},{"floor":6,"key":"ColorlessPotion"},{"floor":11,"key":"BloodPotion"},{"floor":13,"key":"SteroidPotion"},{"floor":18,"key":"Explosive Potion"},{"floor":23,"key":"BloodPotion"},{"floor":25,"key":"SmokeBomb"},{"floor":29,"key":"Fire Potion"},{"floor":31,"key":"Block Potion"},{"floor":35,"key":"FearPotion"},{"floor":38,"key":"Dexterity Potion"},{"floor":40,"key":"GamblersBrew"},{"floor":47,"key":"Energy Potion"},{"floor":54,"key":"Weak Potion"}],"is_trial":false,"path_per_floor":["M","?","?","M","M","E","?","E","T","?","M","?","M","E","R","B",null,"M","M","?","M","$","E","R","E","T","M","?","E","M","M","R","B",null,"M","?","T","M","M","E","M","M","T","$","E","?","E","M","R","B",null,"R","$","E","B",null],"character_chosen":"IRONCLAD","items_purchased":["Membership Card","Apotheosis","CaptainsWheel","Cleave","Inflame","Disarm","ClockworkSouvenir","Question Card","Paper Frog","Ice Cream","Feel No Pain","Akabeko","Omamori","Anchor","Molten Egg 2","Blood Vial","Incense Burner","Bag of Marbles","Centennial Puzzle","Ancient Tea Set","Orichalcum","Pear","Boot","Lantern","Lizard Tail","Mummified Hand","Whetstone","Master of Strategy","Dexterity Potion","SpeedPotion"],"campfire_rested":0,"item_purchase_floors":[0,0,0,0,0,0,0,0,0,0,0,22,22,44,44,44,44,44,44,44,44,44,44,44,44,44,44,53,53,53],"current_hp_per_floor":[73,73,73,80,80,76,81,79,79,68,57,50,52,59,59,32,72,67,64,64,55,55,59,59,65,65,62,85,81,85,85,85,90,90,90,90,90,90,90,97,97,97,97,107,107,107,107,107,107,107,107,107,107,107,107],"gold":40,"neow_bonus":"","is_daily":false,"chose_seed":false,"campfire_upgraded":1,"win_rate":0.0,"timestamp":1608733639,"path_taken":["M","?","?","M","M","E","?","E","T","?","M","?","?","E","R","BOSS","M","M","?","M","$","E","R","E","T","M","?","E","M","M","R","BOSS","M","?","?","?","M","E","M","M","T","$","E","?","E","M","R","BOSS","R","$","E","BOSS"],"items_purchased_type":["Relic","Card","Relic","Card","Card","Card","Relic","Relic","Relic","Relic","Card","Relic","Relic","Relic","Relic","Relic","Relic","Relic","Relic","Relic","Relic","Relic","Relic","Relic","Relic","Relic","Relic","Card","Potion","Potion"],"build_version":"2020-12-22","purchased_purges":5,"victory":true,"max_hp_per_floor":[80,80,80,80,80,80,85,85,85,85,85,85,85,85,85,85,85,85,85,85,85,85,85,85,85,85,85,85,85,85,85,85,90,90,90,90,90,90,90,97,97,97,97,107,107,107,107,107,107,107,107,107,107,107,107],"card_choices":[{"not_picked":["Metallicize","Perfected Strike","Thunderclap"],"picked":"True Grit","floor":1},{"not_picked":["Burning Pact","Metallicize","Blood for Blood"],"picked":"Flex","floor":4},{"not_picked":["Infernal Blade","Shrug It Off","Spot Weakness"],"picked":"Sword Boomerang","floor":5},{"not_picked":["Metallicize","Bloodletting","Uppercut"],"picked":"Double Tap","floor":6},{"not_picked":["Pommel Strike","Body Slam","Sword Boomerang","Power Through"],"picked":"SKIP","floor":8},{"not_picked":["Hemokinesis","Dark Embrace","Pummel"],"picked":"Inflame","floor":11},{"not_picked":["Thunderclap","Headbutt","Wild Strike","Clothesline"],"picked":"SKIP","floor":13},{"not_picked":["Dropkick","Body Slam","Ghostly Armor","Whirlwind"],"picked":"SKIP","floor":14},{"not_picked":["Berserk","Demon Form","Double Tap"],"picked":"Limit Break","floor":16},{"not_picked":["Twin Strike","Iron Wave","Rage+1","Pommel Strike"],"picked":"SKIP","floor":18},{"not_picked":["Sword Boomerang+1","Dual Wield","Hemokinesis","Heavy Blade"],"picked":"SKIP","floor":19},{"not_picked":["Wild Strike+1","Pummel+1","Rupture","Pommel Strike"],"picked":"SKIP","floor":21},{"not_picked":["Fire Breathing+1","Headbutt+1","Armaments","Hemokinesis"],"picked":"SKIP","floor":23},{"not_picked":["Cleave","Iron Wave","Clash","Intimidate+1"],"picked":"SKIP","floor":25},{"not_picked":["Flex","Reckless Charge","Havoc"],"picked":"Shrug It Off+1","floor":27},{"not_picked":["Corruption","Twin Strike","Seeing Red","Intimidate+1"],"picked":"SKIP","floor":29},{"not_picked":["Corruption","Twin Strike","Intimidate+1"],"picked":"Seeing Red","floor":29},{"not_picked":["Armaments","Headbutt","Reckless Charge","Warcry"],"picked":"SKIP","floor":30},{"not_picked":["Body Slam+1","Pommel Strike","Twin Strike"],"picked":"Shrug It Off","floor":31},{"not_picked":["Bludgeon","Berserk","Juggernaut"],"picked":"Barricade","floor":33},{"not_picked":["Havoc","Armaments+1","True Grit","Perfected Strike+1"],"picked":"SKIP","floor":35},{"not_picked":["Headbutt","Flex+1","Dark Embrace","Warcry+1"],"picked":"SKIP","floor":38},{"not_picked":["Sentinel+1","Second Wind+1","Clash+1"],"picked":"Body Slam+1","floor":39},{"not_picked":["Searing Blow","Twin Strike","Exhume","Perfected Strike+1"],"picked":"SKIP","floor":40},{"not_picked":["Evolve","Flex","Pommel Strike","Wild Strike"],"picked":"SKIP","floor":41},{"not_picked":["Anger+1","Havoc+1","Dual Wield","True Grit+1"],"picked":"SKIP","floor":42},{"not_picked":["Clothesline+1","Shrug It Off","Pommel Strike+1","Exhume"],"picked":"SKIP","floor":45},{"not_picked":["Shrug It Off+1","Perfected Strike+1","Sword Boomerang+1","True Grit+1"],"picked":"SKIP","floor":47},{"not_picked":["Flame Barrier+1","Searing Blow+1","Carnage+1"],"picked":"Metallicize+1","floor":48},{"not_picked":["Twin Strike+1","Power Through","Thunderclap+1","Headbutt+1"],"picked":"SKIP","floor":54}],"player_experience":1246077,"relics_obtained":[{"floor":6,"key":"Toy Ornithopter"},{"floor":8,"key":"Potion Belt"},{"floor":14,"key":"Letter Opener"},{"floor":23,"key":"Girya"},{"floor":25,"key":"War Paint"},{"floor":26,"key":"The Courier"},{"floor":28,"key":"Red Mask"},{"floor":29,"key":"Ornamental Fan"},{"floor":37,"key":"Meat on the Bone"},{"floor":40,"key":"Strawberry"},{"floor":43,"key":"Bottled Lightning"},{"floor":45,"key":"InkBottle"},{"floor":46,"key":"Champion Belt"},{"floor":47,"key":"Shovel"},{"floor":52,"key":"Gremlin Horn"},{"floor":54,"key":"Nunchaku"}],"event_choices":[{"damage_healed":0,"gold_gain":0,"player_choice":"Grow","damage_taken":0,"max_hp_gain":0,"max_hp_loss":0,"event_name":"Living Wall","floor":2,"gold_loss":0,"cards_upgraded":["Apotheosis"]},{"damage_healed":0,"gold_gain":175,"player_choice":"AGREE","damage_taken":112,"max_hp_gain":0,"max_hp_loss":0,"event_name":"betterThird:BetterSerpent","floor":3,"gold_loss":0},{"damage_healed":0,"gold_gain":0,"player_choice":"Donut","damage_taken":0,"max_hp_gain":5,"max_hp_loss":0,"event_name":"Big Fish","floor":7,"gold_loss":0},{"damage_healed":0,"gold_gain":75,"player_choice":"Gold","damage_taken":11,"max_hp_gain":0,"max_hp_loss":0,"event_name":"betterThird:BetterGoop","floor":10,"gold_loss":0},{"cards_removed":["Doubt"],"damage_healed":0,"gold_gain":0,"player_choice":"Card Removal","damage_taken":7,"max_hp_gain":0,"max_hp_loss":0,"event_name":"Golden Wing","floor":12,"gold_loss":0},{"damage_healed":0,"gold_gain":0,"player_choice":"Ignored","damage_taken":0,"max_hp_gain":0,"max_hp_loss":0,"event_name":"betterNote:BetterNote","floor":20,"gold_loss":0,"cards_obtained":["Ball Lightning"]},{"damage_healed":0,"gold_gain":0,"player_choice":"Fought Bandits","damage_taken":0,"max_hp_gain":0,"max_hp_loss":0,"event_name":"Masked Bandits","floor":28,"gold_loss":0},{"damage_healed":0,"gold_gain":222,"player_choice":"Wore Mask","damage_taken":0,"max_hp_gain":0,"max_hp_loss":0,"event_name":"Tomb of Lord Red Mask","floor":36,"gold_loss":0},{"damage_healed":0,"gold_gain":0,"player_choice":"Fight","damage_taken":0,"max_hp_gain":0,"max_hp_loss":0,"event_name":"MindBloom","floor":46,"gold_loss":0}],"is_beta":false,"boss_relics":[{"not_picked":["Runic Cube","SlaversCollar"],"picked":"Coffee Dripper"},{"not_picked":["Snecko Eye","Black Blood"],"picked":"Fusion Hammer"}],"items_purged_floors":[0,0,0,22,44],"is_endless":false,"potions_floor_spawned":[4,6,11,13,18,23,25,29,31,35,38,40,47,48,54],"ascension_level":10}}