{"host":"5fasz840ryq7obdf","time":1608748072,"event":{"mods":["AchievementEnabler","BaseMod","Bestiary","Better Altar","Better Skull","Better Third Choice","BetterRewards","Block Reminder","Colored Powertips","Curses Come First","Minty Spire (QoL Compilation)","Quick Restart","Relic Stats","Shop Mod","Spicy Shops","StSLib"],"gold_per_floor":[42,89,61,26,99,133,133,227,253,11,54,130,130,130,130,238,301,348,417,468,20,73,132,132,24,24,120,198,296,305,325,325,443,452,479,479,503,39,123,163,163,235,261,339,423,500,582,620,620,650,675,675,675,78,120,120],"floor_reached":57,"playtime":5541,"items_purged":["Pain","Strike_P","Parasite"],"score":3965,"play_id":"c657a823-8437-4b97-91e9-d13f6ea1be5d","local_time":"20201223182752","is_ascension_mode":true,"campfire_choices":[{"data":"Apotheosis","floor":7.0,"key":"SMITH"},{"data":"Adaptation","floor":15.0,"key":"SMITH"},{"data":"Wish","floor":24.0,"key":"SMITH"},{"data":"Crescendo","floor":32.0,"key":"SMITH"},{"data":"1","floor":41.0,"key":"LIFT"},{"floor":49,"key":"RECALL"},{"data":"2","floor":53,"key":"LIFT"}],"circlet_count":0,"master_deck":["AscendersBane","Eruption+1","Vigilance","Nirvana","WaveOfTheHand","Weave+1","TalkToTheHand+1","ThirdEye","WaveOfTheHand","HandOfGreed+1","FlurryOfBlows+1","ThirdEye","Apotheosis+1","FlurryOfBlows+1","Adaptation+1","EmptyBody","WreathOfFlame","Wallop+1","CrushJoints+1","TalkToTheHand+1","CrushJoints+1","WreathOfFlame","CrushJoints+1","Wireheading","SashWhip+1","CutThroughFate+1","Ragnarok+1","FollowUp+1","BowlingBash+1","TalkToTheHand+1","Meditate","DeceiveReality","CutThroughFate+1","Indignation","FlurryOfBlows+1","Fasting2","Nirvana","Crescendo+1","InnerPeace","Wish+1","Fasting2","WreathOfFlame","Consecrate+1","LikeWater","ClearTheMind","ConjureBlade","CurseOfTheBell","Study+1","Adaptation","Protect+1","JustLucky+1","FlurryOfBlows+1","FlurryOfBlows+1","Sanctity","Evaluate+1","Protect","Evaluate","SashWhip+1","Omniscience"],"relics":["PureWater","Bag of Marbles","Molten Egg 2","TeardropLocket","Singing Bowl","Blood Vial","InkBottle","StoneCalendar","Toolbox","CeramicFish","Strange Spoon","Ice Cream","CloakClasp","ClockworkSouvenir","Nunchaku","Potion Belt","Centennial Puzzle","Shuriken","Toy Ornithopter","Pandora\u0027s Box","Red Mask","TungstenRod","Kunai","Lantern","Letter Opener","Orichalcum","Ornamental Fan","Calling Bell","Happy Flower","Pantograph","Girya","Vajra","OrangePellets","Darkstone Periapt","PreservedInsect","Bronze Scales","Lizard Tail","Anchor","Pen Nib","Medical Kit","Membership Card","Whetstone","Bottled Flame"],"acts_visited":["Exordium","TheCity","TheBeyond","TheEnding"],"potions_floor_usage":[56,56],"damage_taken":[{"damage":2.0,"enemies":"Jaw Worm","floor":1.0,"turns":2.0},{"damage":0.0,"enemies":"2 Louse","floor":2.0,"turns":1.0},{"damage":0.0,"enemies":"Small Slimes","floor":5.0,"turns":6.0},{"damage":0.0,"enemies":"Lagavulin","floor":6.0,"turns":2.0},{"damage":7.0,"enemies":"3 Sentries","floor":8.0,"turns":7.0},{"damage":0.0,"enemies":"Lagavulin","floor":11.0,"turns":3.0},{"damage":4.0,"enemies":"3 Louse","floor":12.0,"turns":5.0},{"damage":0.0,"enemies":"Hexaghost","floor":16.0,"turns":4.0},{"damage":6.0,"enemies":"Shell Parasite","floor":18.0,"turns":3.0},{"damage":0.0,"enemies":"Masked Bandits","floor":19.0,"turns":3.0},{"damage":3.0,"enemies":"Spheric Guardian","floor":20.0,"turns":4.0},{"damage":17.0,"enemies":"Cultist and Chosen","floor":22.0,"turns":3.0},{"damage":2.0,"enemies":"Book of Stabbing","floor":23.0,"turns":3.0},{"damage":0.0,"enemies":"Gremlin Leader","floor":27.0,"turns":4.0},{"damage":1.0,"enemies":"Centurion and Healer","floor":28.0,"turns":3.0},{"damage":4.0,"enemies":"Slavers","floor":29.0,"turns":4.0},{"damage":0.0,"enemies":"Snecko","floor":31.0,"turns":1.0},{"damage":0.0,"enemies":"Champ","floor":33.0,"turns":5.0},{"damage":0.0,"enemies":"Orb Walker","floor":35.0,"turns":1.0},{"damage":0.0,"enemies":"3 Darklings","floor":37.0,"turns":3.0},{"damage":0.0,"enemies":"Writhing Mass","floor":39.0,"turns":6.0},{"damage":0.0,"enemies":"Giant Head","floor":40.0,"turns":2.0},{"damage":39.0,"enemies":"Reptomancer","floor":42.0,"turns":3.0},{"damage":1.0,"enemies":"2 Orb Walkers","floor":44.0,"turns":3.0},{"damage":1.0,"enemies":"Transient","floor":45.0,"turns":5.0},{"damage":1,"enemies":"Sphere and 2 Shapes","floor":46,"turns":3},{"damage":1,"enemies":"Maw","floor":47,"turns":5},{"damage":4,"enemies":"Nemesis","floor":48,"turns":2},{"damage":29,"enemies":"Awakened One","floor":50,"turns":6},{"damage":33,"enemies":"Donu and Deca","floor":51,"turns":5},{"damage":15,"enemies":"Shield and Spear","floor":55,"turns":3},{"damage":48,"enemies":"The Heart","floor":56,"turns":11}],"seed_played":"4753758035632512090","potions_obtained":[{"floor":8.0,"key":"DuplicationPotion"},{"floor":11.0,"key":"LiquidBronze"},{"floor":18.0,"key":"Explosive Potion"},{"floor":20.0,"key":"DistilledChaos"},{"floor":27.0,"key":"Ancient Potion"},{"floor":31.0,"key":"Swift Potion"},{"floor":35.0,"key":"Energy Potion"},{"floor":40.0,"key":"SpeedPotion"},{"floor":44.0,"key":"Fire Potion"},{"floor":46,"key":"SteroidPotion"}],"is_trial":false,"path_per_floor":["M","M","$","?","M","E","R","E","T","$","E","M","?","?","R","B",null,"M","?","M","$","M","E","R","$","T","E","M","E","?","M","R","B",null,"M","?","M","$","M","E","R","E","T","?","M","M","M","E","R","B","B",null,"R","$","E","B",null],"character_chosen":"WATCHER","items_purchased":["Bag of Marbles","Molten Egg 2","TeardropLocket","Singing Bowl","Nirvana","WaveOfTheHand","Weave+1","TalkToTheHand+1","ThirdEye","WaveOfTheHand","Blood Vial","InkBottle","StoneCalendar","Toolbox","CeramicFish","Strange Spoon","Ice Cream","HandOfGreed+1","FlurryOfBlows+1","ThirdEye","CloakClasp","Apotheosis","FlurryOfBlows+1","Adaptation","ClockworkSouvenir","WreathOfFlame","TalkToTheHand+1","Wireheading","TungstenRod","Nirvana","Crescendo","Lantern","Fasting2","Vajra","OrangePellets","Darkstone Periapt","Pen Nib","Medical Kit","Membership Card","Whetstone","Evaluate","SashWhip+1"],"campfire_rested":0,"item_purchase_floors":[0,0,0,0,0,0,0,0,0,0,0,0,0,0,0,0,0,0,0,0,0,0,0,0,0,0,3,10,21,21,21,25,25,38,38,38,54,54,54,54,54,54],"current_hp_per_floor":[19,21,21,38,40,42,42,37,37,37,39,37,37,19,19,21,56,52,54,53,53,38,38,38,38,38,45,46,49,49,51,51,58,66,68,68,68,68,74,74,74,35,35,38,44,45,46,44,44,42,36,66,66,66,53,30],"gold":120,"neow_bonus":"","is_daily":false,"chose_seed":false,"campfire_upgraded":4,"win_rate":0.0,"timestamp":1608748072,"path_taken":["M","M","$","?","M","E","R","E","T","$","E","M","?","?","R","BOSS","M","?","M","$","M","E","R","$","T","E","M","E","?","M","R","BOSS","M","?","M","$","M","E","R","E","T","?","M","M","M","E","R","BOSS","BOSS","R","$","E","BOSS"],"items_purchased_type":["Relic","Relic","Relic","Relic","Card","Card","Card","Card","Card","Card","Relic","Relic","Relic","Relic","Relic","Relic","Relic","Card","Card","Card","Relic","Card","Card","Card","Relic","Card","Card","Card","Relic","Card","Card","Relic","Card","Relic","Relic","Relic","Relic","Relic","Relic","Relic","Card","Card"],"build_version":"2020-12-22","purchased_purges":3,"victory":true,"max_hp_per_floor":[68,68,68,68,68,68,68,68,68,68,68,68,68,68,68,68,68,68,68,68,68,68,68,68,68,68,68,68,68,68,68,68,68,68,68,68,68,68,74,74,74,74,74,76,76,76,76,76,76,76,76,76,76,73,73,73],"relic_stats":{"Darkstone Periapt":6,"Singing Bowl":2,"CeramicFish":477,"StoneCalendar":[52],"CloakClasp":[273],"Whetstone":[],"Blood Vial":54,"Nunchaku":[73],"Centennial Puzzle":[87],"Lizard Tail":0,"Pantograph":70,"Kunai":[119],"InkBottle":[61],"Happy Flower":[96],"counters":[139,455],"PreservedInsect":794,"Pen Nib":[5],"Letter Opener":[173],"Orichalcum":[48],"Medical Kit":[6],"Strange Spoon":[88],"OrangePellets":[19],"Shuriken":[64],"Ornamental Fan":[188],"Bronze Scales":[228],"Pandora\u0027s Box":["FollowUp","BowlingBash","TalkToTheHand","Meditate","DeceiveReality","CarveReality","CutThroughFate"],"obtain_stats":[{"Ice Cream":30,"Tiny House":17,"Gremlin Horn":40,"CeramicFish":14,"Vajra":11,"Ginger":27,"Whetstone":54,"Bottled Tornado":9,"Sling":37,"Blood Vial":0,"Centennial Puzzle":42,"Lizard Tail":44,"HornCleat":0,"DollysMirror":0,"MealTicket":13,"Philosopher\u0027s Stone":17,"Prayer Wheel":48,"HandDrill":12,"Kunai":0,"Toxic Egg 2":26,"Girya":34,"Pear":47,"Happy Flower":0,"Dead Branch":13,"Blue Candle":47,"Oddly Smooth Stone":0,"Eternal Feather":46,"Pen Nib":40,"Letter Opener":27,"War Paint":42,"Akabeko":31,"WarpedTongs":21,"OrangePellets":0,"SlaversCollar":34,"Bottled Flame":13,"Shuriken":20,"Bronze Scales":43,"Bird Faced Urn":0,"Molten Egg 2":40,"Pandora\u0027s Box":17,"Black Star":34,"StrikeDummy":46,"Unceasing Top":26,"Meat on the Bone":0,"Darkstone Periapt":31,"Lantern":0,"Torii":0,"Singing Bowl":0,"Yang":8,"StoneCalendar":25,"Juzu Bracelet":26,"Incense Burner":23,"Bag of Preparation":46,"CloakClasp":0,"TeardropLocket":0,"Ancient Tea Set":12,"Cursed Key":17,"Smiling Mask":14,"ClockworkSouvenir":46,"Nunchaku":46,"Mummified Hand":44,"Pantograph":0,"Toolbox":0,"Tiny Chest":9,"Red Mask":36,"InkBottle":24,"Potion Belt":28,"Lee\u0027s Waffle":0,"Golden Idol":3,"Damaru":6,"PreservedInsect":25,"Omamori":23,"Odd Mushroom":10,"Orichalcum":27,"Medical Kit":0,"GoldenEye":25,"White Beast Statue":36,"Peace Pipe":28,"Calling Bell":34,"Strange Spoon":37,"Cauldron":47,"Anchor":9,"Busted Crown":34,"Ornamental Fan":19,"Orrery":0,"Bag of Marbles":0,"Art of War":46,"Membership Card":0,"PureWater":0,"Toy Ornithopter":40,"TungstenRod":45},{"Ice Cream":16,"Tiny House":33,"Gremlin Horn":97,"CeramicFish":9,"Vajra":8,"Ginger":39,"Whetstone":137,"Bottled Tornado":56,"Sling":71,"Blood Vial":107,"Centennial Puzzle":22,"Lizard Tail":131,"HornCleat":53,"DollysMirror":53,"MealTicket":32,"Philosopher\u0027s Stone":86,"Prayer Wheel":103,"HandDrill":8,"Kunai":53,"Toxic Egg 2":37,"Girya":125,"Pear":51,"Happy Flower":0,"Dead Branch":59,"Blue Candle":75,"Oddly Smooth Stone":0,"Eternal Feather":101,"Pen Nib":21,"Letter Opener":39,"War Paint":22,"Akabeko":42,"WarpedTongs":63,"OrangePellets":0,"SlaversCollar":70,"Bottled Flame":9,"Shuriken":12,"Bronze Scales":22,"Bird Faced Urn":25,"Molten Egg 2":21,"Pandora\u0027s Box":115,"Black Star":18,"StrikeDummy":101,"Unceasing Top":66,"Meat on the Bone":0,"Darkstone Periapt":17,"Lantern":25,"Torii":53,"Singing Bowl":107,"Yang":6,"StoneCalendar":90,"Juzu Bracelet":15,"Incense Burner":36,"Bag of Preparation":50,"CloakClasp":107,"TeardropLocket":78,"Ancient Tea Set":8,"Cursed Key":10,"Smiling Mask":85,"ClockworkSouvenir":50,"Nunchaku":24,"Mummified Hand":75,"Pantograph":25,"Toolbox":107,"Tiny Chest":6,"Red Mask":19,"InkBottle":14,"Potion Belt":16,"Lee\u0027s Waffle":53,"Golden Idol":26,"Damaru":28,"PreservedInsect":37,"Omamori":88,"Odd Mushroom":7,"Orichalcum":121,"Medical Kit":53,"GoldenEye":66,"White Beast Statue":71,"Peace Pipe":40,"Calling Bell":125,"Strange Spoon":71,"Cauldron":75,"Anchor":81,"Busted Crown":43,"Ornamental Fan":62,"Orrery":78,"Bag of Marbles":0,"Art of War":24,"Membership Card":0,"PureWater":0,"Toy Ornithopter":47,"TungstenRod":50},{"Ice Cream":36,"Tiny House":86,"Gremlin Horn":295,"CeramicFish":29,"Vajra":22,"Ginger":105,"Whetstone":441,"Bottled Tornado":176,"Sling":214,"Blood Vial":334,"Centennial Puzzle":47,"Lizard Tail":415,"HornCleat":167,"DollysMirror":167,"MealTicket":80,"Philosopher\u0027s Stone":269,"Prayer Wheel":316,"HandDrill":22,"Kunai":167,"Toxic Egg 2":99,"Girya":397,"Pear":154,"Happy Flower":0,"Dead Branch":183,"Blue Candle":225,"Oddly Smooth Stone":0,"Eternal Feather":309,"Pen Nib":46,"Letter Opener":105,"War Paint":47,"Akabeko":116,"WarpedTongs":196,"OrangePellets":0,"SlaversCollar":210,"Bottled Flame":29,"Shuriken":32,"Bronze Scales":47,"Bird Faced Urn":57,"Molten Egg 2":46,"Pandora\u0027s Box":364,"Black Star":39,"StrikeDummy":309,"Unceasing Top":201,"Meat on the Bone":0,"Darkstone Periapt":38,"Lantern":57,"Torii":167,"Singing Bowl":334,"Yang":19,"StoneCalendar":283,"Juzu Bracelet":35,"Incense Burner":96,"Bag of Preparation":150,"CloakClasp":334,"TeardropLocket":244,"Ancient Tea Set":22,"Cursed Key":30,"Smiling Mask":264,"ClockworkSouvenir":150,"Nunchaku":50,"Mummified Hand":225,"Pantograph":57,"Toolbox":334,"Tiny Chest":19,"Red Mask":40,"InkBottle":34,"Potion Belt":36,"Lee\u0027s Waffle":167,"Golden Idol":62,"Damaru":69,"PreservedInsect":99,"Omamori":279,"Odd Mushroom":21,"Orichalcum":384,"Medical Kit":167,"GoldenEye":201,"White Beast Statue":214,"Peace Pipe":109,"Calling Bell":397,"Strange Spoon":214,"Cauldron":225,"Anchor":253,"Busted Crown":121,"Ornamental Fan":194,"Orrery":244,"Bag of Marbles":0,"Art of War":50,"Membership Card":0,"PureWater":0,"Toy Ornithopter":137,"TungstenRod":150}],"Toy Ornithopter":25,"TungstenRod":42},"card_choices":[{"not_picked":["Weave+1","SandsOfTime+1"],"picked":"Wallop+1","floor":1.0},{"not_picked":["Prostrate","DeceiveReality"],"picked":"CrushJoints+1","floor":2.0},{"not_picked":["EmptyFist+1","Tantrum+1"],"picked":"CrushJoints+1","floor":5.0},{"not_picked":["BowlingBash+1","FlyingSleeves+1"],"picked":"WreathOfFlame","floor":6.0},{"not_picked":["Prostrate","FearNoEvil+1"],"picked":"CrushJoints+1","floor":8.0},{"not_picked":["BattleHymn","MasterReality"],"picked":"SashWhip+1","floor":11.0},{"not_picked":["EmptyMind","ReachHeaven+1"],"picked":"CutThroughFate+1","floor":12.0},{"not_picked":["LessonLearned+1","Wish"],"picked":"Ragnarok+1","floor":16.0},{"not_picked":["Pray","EmptyFist+1"],"picked":"Indignation","floor":18.0},{"not_picked":["FearNoEvil+1","SandsOfTime+1"],"picked":"FlurryOfBlows+1","floor":19.0},{"not_picked":["CrushJoints+1","Evaluate"],"picked":"Fasting2","floor":20.0},{"not_picked":["FearNoEvil+1","Prostrate"],"picked":"InnerPeace","floor":22.0},{"not_picked":["Crescendo","Wallop+1"],"picked":"Wish","floor":23.0},{"not_picked":["DeceiveReality+1","EmptyBody"],"picked":"WreathOfFlame","floor":27.0},{"not_picked":["EmptyFist+1","Wallop+1"],"picked":"Consecrate+1","floor":28.0},{"not_picked":["EmptyMind","Indignation"],"picked":"LikeWater","floor":29.0},{"not_picked":["Prostrate","Meditate"],"picked":"ClearTheMind","floor":31.0},{"not_picked":["Wish","Scrawl"],"picked":"ConjureBlade","floor":33.0},{"not_picked":["ReachHeaven+1","Consecrate+1"],"picked":"Study+1","floor":35.0},{"not_picked":["Halt","Consecrate+1"],"picked":"Adaptation","floor":37.0},{"not_picked":["FlyingSleeves+1","Adaptation"],"picked":"Protect+1","floor":39.0},{"not_picked":["Alpha","Perseverance"],"picked":"JustLucky+1","floor":40.0},{"not_picked":["Study","Prostrate+1"],"picked":"FlurryOfBlows+1","floor":42.0},{"not_picked":["ClearTheMind","Consecrate+1","EmptyFist+1"],"picked":"Singing Bowl","floor":44.0},{"not_picked":["ThirdEye","EmptyBody"],"picked":"FlurryOfBlows+1","floor":45.0},{"not_picked":["ForeignInfluence","ClearTheMind"],"picked":"Sanctity","floor":46},{"not_picked":["Conclude+1","WheelKick+1"],"picked":"Evaluate+1","floor":47},{"not_picked":["ClearTheMind","EmptyBody"],"picked":"Protect","floor":48},{"not_picked":["Wallop+1","CrushJoints+1"],"picked":"Omniscience","floor":55}],"player_experience":999129,"relics_obtained":[{"floor":6.0,"key":"Nunchaku"},{"floor":8.0,"key":"Potion Belt"},{"floor":9.0,"key":"Centennial Puzzle"},{"floor":11.0,"key":"Shuriken"},{"floor":19.0,"key":"Red Mask"},{"floor":23.0,"key":"Kunai"},{"floor":26.0,"key":"Letter Opener"},{"floor":27.0,"key":"Orichalcum"},{"floor":29.0,"key":"Ornamental Fan"},{"floor":34.0,"key":"Happy Flower"},{"floor":34.0,"key":"Pantograph"},{"floor":34.0,"key":"Girya"},{"floor":40.0,"key":"PreservedInsect"},{"floor":42.0,"key":"Bronze Scales"},{"floor":44.0,"key":"Lizard Tail"},{"floor":48,"key":"Anchor"},{"floor":55,"key":"Bottled Flame"}],"event_choices":[{"damage_healed":17.0,"max_hp_gain":0.0,"max_hp_loss":0.0,"gold_gain":0.0,"event_name":"The Cleric","player_choice":"Healed","floor":4.0,"gold_loss":35.0,"damage_taken":0.0},{"damage_healed":0.0,"max_hp_gain":0.0,"max_hp_loss":0.0,"gold_gain":0.0,"event_name":"Living Wall","player_choice":"Grow","floor":13.0,"gold_loss":0.0,"damage_taken":0.0,"cards_upgraded":["Eruption"]},{"damage_healed":0.0,"max_hp_gain":0.0,"max_hp_loss":0.0,"gold_gain":0.0,"event_name":"betterThird:BetterScrap","player_choice":"Relic ","floor":14.0,"gold_loss":0.0,"damage_taken":18.0,"cards_obtained":["Heatsinks"]},{"damage_healed":0.0,"max_hp_gain":0.0,"max_hp_loss":0.0,"gold_gain":0.0,"event_name":"Masked Bandits","player_choice":"Fought Bandits","floor":19.0,"gold_loss":0.0,"damage_taken":0.0},{"damage_healed":0.0,"max_hp_gain":0.0,"max_hp_loss":0.0,"gold_gain":0.0,"cards_transformed":["CarveReality"],"event_name":"Transmorgrifier","player_choice":"Transformed","floor":30.0,"gold_loss":0.0,"damage_taken":0.0,"cards_obtained":["SignatureMove"]},{"cards_removed":["SignatureMove"],"damage_healed":0.0,"max_hp_gain":0.0,"max_hp_loss":0.0,"gold_gain":0.0,"event_name":"Falling","player_choice":"Removed Attack","floor":36.0,"gold_loss":0.0,"damage_taken":0.0},{"damage_healed":0.0,"max_hp_gain":0.0,"max_hp_loss":0.0,"gold_gain":0.0,"event_name":"Mysterious Sphere","player_choice":"Fight","floor":44.0,"gold_loss":0.0,"damage_taken":0.0}],"is_beta":false,"boss_relics":[{"not_picked":["Fusion Hammer","Runic Pyramid"],"picked":"Pandora\u0027s Box"},{"not_picked":["Busted Crown","Sozu"],"picked":"Calling Bell"}],"items_purged_floors":[0,0,54],"is_endless":false,"potions_floor_spawned":[1,8,11,18,20,22,27,31,35,37,40,44,46],"ascension_level":20}}