{"host":"cm56dopeulr50jn0","time":1608692233,"event":{"mods":["BaseMod","Minty Spire (QoL Compilation)","Relic Stats","StSLib"],"gold_per_floor":[109,119,68,87,87,115,115,145,145,162,179,219,219,128,128,212,212,229,250,279,10,31,31,69,90,90,123,152,179,179,218,227,311,311,333,333,342,368,381,381,381,410,463,493,513,522,563,584,584,584,584,584,593,42,74,74],"floor_reached":57,"playtime":9148,"items_purged":["PathToVictory","Prostrate"],"score":2892,"play_id":"0697fff0-0b9b-4a43-8ff2-05ba8872d2dd","local_time":"20201222185713","is_ascension_mode":true,"campfire_choices":[{"data":"Meditate","floor":7.0,"key":"SMITH"},{"data":"Meditate","floor":13.0,"key":"SMITH"},{"data":"CrushJoints","floor":15.0,"key":"SMITH"},{"floor":23.0,"key":"RECALL"},{"floor":32.0,"key":"REST"},{"floor":40.0,"key":"REST"},{"floor":46.0,"key":"REST"},{"floor":49.0,"key":"REST"},{"floor":53.0,"key":"REST"}],"circlet_count":0,"master_deck":["AscendersBane","Eruption","Vigilance","SashWhip","Evaluate","DeceiveReality","Consecrate","ReachHeaven","EmptyBody","Consecrate","EmptyFist","Crescendo","Meditate+1","CrushJoints+1","Tantrum","Meditate+1","Halt","Establishment","BowlingBash","MentalFortress","Apotheosis","TalkToTheHand","FearNoEvil","WaveOfTheHand","LikeWater","Wireheading","WheelKick","FlurryOfBlows","Alpha","BattleHymn","Dark Shackles","EmptyFist+1","TalkToTheHand","MentalFortress","InnerPeace","CutThroughFate","MasterReality+1"],"relics":["Pandora\u0027s Box","Blood Vial","Tiny Chest","Sundial","White Beast Statue","CeramicFish","Fusion Hammer","Mango","Kunai","Matryoshka","Dream Catcher","VioletLotus","Ancient Tea Set","HornCleat","Pen Nib","Pear","Frozen Egg 2","Mummified Hand","Medical Kit","Centennial Puzzle"],"acts_visited":["Exordium","TheCity","TheBeyond","TheEnding"],"potions_floor_usage":[56],"damage_taken":[{"damage":0.0,"enemies":"Cultist","floor":1.0,"turns":3.0},{"damage":0.0,"enemies":"Small Slimes","floor":2.0,"turns":2.0},{"damage":3.0,"enemies":"2 Louse","floor":4.0,"turns":2.0},{"damage":7.0,"enemies":"Lagavulin","floor":6.0,"turns":7.0},{"damage":4.0,"enemies":"Gremlin Nob","floor":8.0,"turns":3.0},{"damage":0.0,"enemies":"Blue Slaver","floor":10.0,"turns":3.0},{"damage":6.0,"enemies":"Large Slime","floor":11.0,"turns":3.0},{"damage":0.0,"enemies":"Lagavulin","floor":12.0,"turns":3.0},{"damage":0.0,"enemies":"Slime Boss","floor":16.0,"turns":4.0},{"damage":2.0,"enemies":"Spheric Guardian","floor":18.0,"turns":4.0},{"damage":9.0,"enemies":"3 Byrds","floor":19.0,"turns":5.0},{"damage":0.0,"enemies":"Snecko","floor":20.0,"turns":4.0},{"damage":11.0,"enemies":"Shelled Parasite and Fungi","floor":22.0,"turns":3.0},{"damage":28.0,"enemies":"Slavers","floor":24.0,"turns":5.0},{"damage":1.0,"enemies":"Centurion and Healer","floor":25.0,"turns":5.0},{"damage":3.0,"enemies":"Gremlin Leader","floor":27.0,"turns":4.0},{"damage":3.0,"enemies":"Snake Plant","floor":28.0,"turns":4.0},{"damage":2.0,"enemies":"Chosen and Byrds","floor":29.0,"turns":5.0},{"damage":16.0,"enemies":"Slavers","floor":31.0,"turns":5.0},{"damage":18.0,"enemies":"Automaton","floor":33.0,"turns":8.0},{"damage":33.0,"enemies":"3 Shapes","floor":35.0,"turns":10.0},{"damage":5.0,"enemies":"3 Darklings","floor":38.0,"turns":5.0},{"damage":0.0,"enemies":"Maw","floor":39.0,"turns":5.0},{"damage":0.0,"enemies":"Spire Growth","floor":42.0,"turns":4.0},{"damage":9.0,"enemies":"Giant Head","floor":44.0,"turns":7.0},{"damage":17.0,"enemies":"Writhing Mass","floor":45.0,"turns":8.0},{"damage":78.0,"enemies":"Reptomancer","floor":47.0,"turns":5.0},{"damage":25.0,"enemies":"Jaw Worm Horde","floor":48.0,"turns":5.0},{"damage":16.0,"enemies":"Donu and Deca","floor":50.0,"turns":8.0},{"damage":20.0,"enemies":"Awakened One","floor":51.0,"turns":9.0},{"damage":19.0,"enemies":"Shield and Spear","floor":55.0,"turns":6.0},{"damage":17,"enemies":"The Heart","floor":56,"turns":9}],"seed_played":"-3667867344927264385","potions_obtained":[{"floor":6.0,"key":"Weak Potion"},{"floor":10.0,"key":"Energy Potion"},{"floor":11.0,"key":"BlessingOfTheForge"},{"floor":12.0,"key":"ColorlessPotion"},{"floor":16.0,"key":"AttackPotion"},{"floor":18.0,"key":"Ambrosia"},{"floor":19.0,"key":"BlessingOfTheForge"},{"floor":22.0,"key":"Dexterity Potion"},{"floor":24.0,"key":"GamblersBrew"},{"floor":25.0,"key":"Swift Potion"},{"floor":28.0,"key":"FairyPotion"},{"floor":29.0,"key":"BottledMiracle"},{"floor":31.0,"key":"Energy Potion"},{"floor":33.0,"key":"BlessingOfTheForge"},{"floor":38.0,"key":"Ancient Potion"},{"floor":39.0,"key":"BlessingOfTheForge"},{"floor":42.0,"key":"FearPotion"},{"floor":44.0,"key":"Strength Potion"},{"floor":47.0,"key":"Dexterity Potion"},{"floor":48.0,"key":"AttackPotion"},{"floor":55.0,"key":"Block Potion"}],"is_trial":false,"path_per_floor":["M","M","$","M","T","E","R","E","T","M","M","E","R","$","R","B",null,"M","M","M","$","M","R","E","M","T","E","M","M","?","E","R","B",null,"M","T","?","M","M","R","?","M","T","E","M","R","E","M","R","B","B",null,"R","$","E","B",null],"character_chosen":"WATCHER","items_purchased":["EmptyFist","Halt","Apotheosis","Mummified Hand","EntropicBrew","Medical Kit"],"campfire_rested":5,"item_purchase_floors":[3,14,21,54,54,54],"current_hp_per_floor":[61,61,61,58,58,53,53,51,51,53,49,51,51,51,51,53,64,64,57,59,59,50,50,38,39,39,38,37,37,53,39,63,47,73,42,42,42,39,41,65,65,67,67,70,55,82,6,14,41,27,9,71,92,92,73,58],"gold":74,"neow_bonus":"BOSS_RELIC","is_daily":false,"chose_seed":false,"campfire_upgraded":3,"win_rate":0.0,"timestamp":1608692233,"path_taken":["M","M","$","M","?","E","R","E","T","M","M","E","R","$","R","BOSS","M","M","?","$","M","R","E","M","T","E","?","M","?","E","R","BOSS","M","?","?","M","M","R","?","M","T","E","M","R","E","M","R","BOSS","BOSS","R","$","E","BOSS"],"items_purchased_type":["Card","Card","Card","Relic","Potion","Relic"],"build_version":"2020-12-13","purchased_purges":2,"victory":true,"max_hp_per_floor":[68,68,68,68,68,68,68,68,68,68,68,68,68,68,68,68,68,68,68,68,68,68,68,82,82,82,82,82,82,82,82,82,82,82,82,82,82,82,82,82,82,82,82,92,92,92,92,92,92,92,92,92,92,92,92,92],"relic_stats":{"counters":[32,163],"CeramicFish":198,"Pen Nib":[19],"Medical Kit":[4],"Blood Vial":56,"Dream Catcher":5,"Centennial Puzzle":[3],"Sundial":[6],"Mummified Hand":[13],"Pandora\u0027s Box":["Prostrate","PathToVictory","SashWhip","Evaluate","DeceiveReality","DeceiveReality","Consecrate","ReachHeaven"],"Tiny Chest":1,"VioletLotus":[53],"Kunai":[72],"obtain_stats":[{"Pear":44,"CeramicFish":12,"Mango":24,"Pen Nib":43,"Frozen Egg 2":47,"Ancient Tea Set":36,"Medical Kit":54,"White Beast Statue":9,"Blood Vial":5,"Dream Catcher":31,"Centennial Puzzle":55,"Matryoshka":27,"HornCleat":36,"Sundial":8,"Mummified Hand":54,"Pandora\u0027s Box":0,"Tiny Chest":6,"Fusion Hammer":17,"VioletLotus":34,"Kunai":26,"PureWater":0},{"Pear":25,"CeramicFish":8,"Mango":14,"Pen Nib":24,"Frozen Egg 2":27,"Ancient Tea Set":21,"Medical Kit":30,"White Beast Statue":5,"Blood Vial":3,"Dream Catcher":19,"Centennial Puzzle":31,"Matryoshka":16,"HornCleat":21,"Sundial":5,"Mummified Hand":30,"Pandora\u0027s Box":0,"Tiny Chest":4,"Fusion Hammer":9,"VioletLotus":20,"Kunai":15,"PureWater":0},{"Pear":113,"CeramicFish":26,"Mango":51,"Pen Nib":106,"Frozen Egg 2":126,"Ancient Tea Set":92,"Medical Kit":148,"White Beast Statue":17,"Blood Vial":7,"Dream Catcher":74,"Centennial Puzzle":154,"Matryoshka":60,"HornCleat":92,"Sundial":17,"Mummified Hand":148,"Pandora\u0027s Box":0,"Tiny Chest":14,"Fusion Hammer":30,"VioletLotus":82,"Kunai":56,"PureWater":0}]},"card_choices":[{"not_picked":["Prostrate","Evaluate"],"picked":"EmptyBody","floor":1.0},{"not_picked":["EmptyBody","JustLucky"],"picked":"Consecrate","floor":2.0},{"not_picked":["SashWhip","Perseverance"],"picked":"Crescendo","floor":4.0},{"not_picked":["CarveReality","MentalFortress"],"picked":"Meditate","floor":6.0},{"not_picked":["Protect","Crescendo"],"picked":"CrushJoints","floor":8.0},{"not_picked":["ThirdEye","FlyingSleeves"],"picked":"Tantrum","floor":10.0},{"not_picked":["JustLucky","FollowUp","Pray"],"picked":"SKIP","floor":11.0},{"not_picked":["Halt","EmptyFist"],"picked":"Meditate","floor":12.0},{"not_picked":["ConjureBlade","Devotion"],"picked":"Establishment","floor":16.0},{"not_picked":["ThirdEye","CrushJoints","Halt"],"picked":"SKIP","floor":18.0},{"not_picked":["SashWhip","Crescendo"],"picked":"BowlingBash","floor":19.0},{"not_picked":["JustLucky+1","FollowUp+1"],"picked":"MentalFortress","floor":20.0},{"not_picked":["ReachHeaven","Vengeance"],"picked":"TalkToTheHand","floor":22.0},{"not_picked":["Halt","FollowUp"],"picked":"FearNoEvil","floor":24.0},{"not_picked":["CarveReality+1","Nirvana"],"picked":"WaveOfTheHand","floor":25.0},{"not_picked":["Pray","SashWhip+1","SignatureMove+1"],"picked":"SKIP","floor":27.0},{"not_picked":["Evaluate","Devotion"],"picked":"LikeWater","floor":28.0},{"not_picked":["CrushJoints","Protect+1"],"picked":"Wireheading","floor":29.0},{"not_picked":["FlyingSleeves","Study"],"picked":"WheelKick","floor":31.0},{"not_picked":["ReachHeaven","CarveReality"],"picked":"FlurryOfBlows","floor":32.0},{"not_picked":["DevaForm","SpiritShield"],"picked":"Alpha","floor":33.0},{"not_picked":["Wireheading","Indignation"],"picked":"BattleHymn","floor":35.0},{"not_picked":["Dramatic Entrance","Discovery"],"picked":"Dark Shackles","floor":37.0},{"not_picked":["ClearTheMind","FlyingSleeves"],"picked":"EmptyFist+1","floor":38.0},{"not_picked":["Conclude","FollowUp","BowlingBash"],"picked":"SKIP","floor":39.0},{"not_picked":["DeceiveReality","Evaluate"],"picked":"TalkToTheHand","floor":42.0},{"not_picked":["CrushJoints","PathToVictory","Vengeance"],"picked":"SKIP","floor":44.0},{"not_picked":["Blasphemy","PathToVictory","ClearTheMind"],"picked":"SKIP","floor":45.0},{"not_picked":["SashWhip","BowlingBash"],"picked":"MentalFortress","floor":46.0},{"not_picked":["CrushJoints","BowlingBash"],"picked":"InnerPeace","floor":47.0},{"not_picked":["Evaluate","Tantrum"],"picked":"CutThroughFate","floor":48.0},{"not_picked":["Pray","EmptyBody"],"picked":"MasterReality+1","floor":53.0},{"not_picked":["SignatureMove","Consecrate","FearNoEvil"],"picked":"SKIP","floor":55.0}],"player_experience":1166008,"relics_obtained":[{"floor":5.0,"key":"Blood Vial"},{"floor":6.0,"key":"Tiny Chest"},{"floor":8.0,"key":"Sundial"},{"floor":9.0,"key":"White Beast Statue"},{"floor":12.0,"key":"CeramicFish"},{"floor":24.0,"key":"Mango"},{"floor":26.0,"key":"Kunai"},{"floor":27.0,"key":"Matryoshka"},{"floor":31.0,"key":"Dream Catcher"},{"floor":36.0,"key":"Ancient Tea Set"},{"floor":36.0,"key":"HornCleat"},{"floor":43.0,"key":"Pen Nib"},{"floor":44.0,"key":"Pear"},{"floor":47.0,"key":"Frozen Egg 2"},{"floor":55.0,"key":"Centennial Puzzle"}],"event_choices":[{"damage_healed":16.0,"max_hp_gain":0.0,"max_hp_loss":0.0,"gold_gain":0.0,"event_name":"The Library","player_choice":"Heal","floor":30.0,"gold_loss":0.0,"damage_taken":0.0},{"damage_healed":0.0,"max_hp_gain":0.0,"max_hp_loss":0.0,"gold_gain":0.0,"event_name":"SensoryStone","player_choice":"Memory 1","floor":37.0,"gold_loss":0.0,"damage_taken":0.0},{"cards_removed":["DeceiveReality"],"damage_healed":0.0,"max_hp_gain":0.0,"max_hp_loss":0.0,"gold_gain":0.0,"event_name":"Falling","player_choice":"Removed Skill","floor":41.0,"gold_loss":0.0,"damage_taken":0.0}],"is_beta":false,"boss_relics":[{"not_picked":["Tiny House","Busted Crown"],"picked":"Fusion Hammer"},{"not_picked":["SacredBark","Coffee Dripper"],"picked":"VioletLotus"}],"items_purged_floors":[14,21],"is_endless":false,"potions_floor_spawned":[6,10,11,12,16,18,19,20,22,24,25,27,28,29,31,33,35,38,39,42,44,45,47,48,55],"ascension_level":20}}