{"host":"avjwtc49fhlk6kym","time":1608749905,"event":{"mods":["AchievementEnabler","BaseMod","Better Match","Better Note","Better Third Choice","Colored Map","Colored Powertips","Displayed Cursed Tome","Highlight Path","Minty Spire (QoL Compilation)","Permanent Neow","Quick Restart","StSLib"],"gold_per_floor":[110,123,137,162,162,162,179,214,214,214,227,5,5,70,70,175,175,189,206,15,35,46,76,76,103,103,103,103,114,114,42,42,139,139,158,168,168,218,218,218,233,233,313,313,346,363,363,375,375,375,375,375,22,49,49,49],"floor_reached":55,"playtime":3177,"items_purged":[],"score":771,"play_id":"9997aa9b-e104-4073-a374-2efa686ee98c","local_time":"20201223135825","is_ascension_mode":true,"campfire_choices":[{"data":"CrushJoints","floor":6.0,"key":"SMITH"},{"data":"SashWhip","floor":10.0,"key":"SMITH"},{"data":"Brilliance","floor":13.0,"key":"SMITH"},{"data":"Vengeance","floor":15.0,"key":"SMITH"},{"data":"BattleHymn","floor":24.0,"key":"SMITH"},{"floor":28.0,"key":"REST"},{"data":"Devotion","floor":30.0,"key":"SMITH"},{"data":"MasterReality","floor":32.0,"key":"SMITH"},{"data":"Judgement","floor":40.0,"key":"SMITH"},{"floor":42.0,"key":"REST"},{"floor":44.0,"key":"RECALL"},{"data":"Defend_P","floor":49.0,"key":"SMITH"},{"data":"Vigilance","floor":52.0,"key":"SMITH"}],"circlet_count":0,"master_deck":["Strike_P","Strike_P+1","Defend_P+1","Defend_P+1","Eruption+1","Vigilance+1","Bandage Up+1","CrushJoints+1","Protect","SashWhip+1","Brilliance+1","Vengeance+1","Conclude+1","Prostrate","Devotion+1","FlurryOfBlows+1","CarveReality+1","Crescendo+1","ClearTheMind+1","JustLucky+1","BattleHymn+1","BowlingBash+1","FlyingSleeves+1","Wallop+1","CutThroughFate+1","CrushJoints+1","MasterReality+1","Judgement+1","SandsOfTime+1","Meditate+1","SandsOfTime+1","CrushJoints+1","CarveReality+1","PathToVictory","Madness","Madness","Prostrate","ForeignInfluence+1"],"relics":["PureWater","Whetstone","Happy Flower","Molten Egg 2","ClockworkSouvenir","Calipers","Astrolabe","Anchor","Potion Belt","Centennial Puzzle","Bottled Flame","MutagenicStrength","Sozu","FossilizedHelix","Bottled Tornado","Strange Spoon","Strawberry","Blue Candle"],"acts_visited":["Exordium","TheCity","TheBeyond","TheEnding"],"potions_floor_usage":[],"damage_taken":[{"damage":1.0,"enemies":"Cultist","floor":1.0,"turns":3.0},{"damage":4.0,"enemies":"Jaw Worm","floor":2.0,"turns":5.0},{"damage":0.0,"enemies":"Small Slimes","floor":3.0,"turns":4.0},{"damage":2.0,"enemies":"Looter","floor":7.0,"turns":2.0},{"damage":8.0,"enemies":"Gremlin Nob","floor":8.0,"turns":3.0},{"damage":0.0,"enemies":"3 Louse","floor":11.0,"turns":1.0},{"damage":5.0,"enemies":"Lagavulin Event","floor":14.0,"turns":5.0},{"damage":21.0,"enemies":"The Guardian","floor":16.0,"turns":6.0},{"damage":15.0,"enemies":"2 Thieves","floor":18.0,"turns":3.0},{"damage":0.0,"enemies":"Chosen","floor":19.0,"turns":3.0},{"damage":16.0,"enemies":"Centurion and Healer","floor":21.0,"turns":4.0},{"damage":11.0,"enemies":"Cultist and Chosen","floor":22.0,"turns":5.0},{"damage":4.0,"enemies":"Book of Stabbing","floor":23.0,"turns":3.0},{"damage":10.0,"enemies":"Gremlin Leader","floor":25.0,"turns":5.0},{"damage":0.0,"enemies":"3 Cultists","floor":29.0,"turns":2.0},{"damage":14.0,"enemies":"Automaton","floor":33.0,"turns":5.0},{"damage":13.0,"enemies":"3 Darklings","floor":35.0,"turns":3.0},{"damage":0.0,"enemies":"Orb Walker","floor":36.0,"turns":2.0},{"damage":14.0,"enemies":"2 Orb Walkers","floor":38.0,"turns":4.0},{"damage":0.0,"enemies":"Sphere and 2 Shapes","floor":41.0,"turns":3.0},{"damage":0.0,"enemies":"Nemesis","floor":45.0,"turns":3.0},{"damage":7.0,"enemies":"4 Shapes","floor":46.0,"turns":4.0},{"damage":0.0,"enemies":"Spire Growth","floor":48.0,"turns":2.0},{"damage":51.0,"enemies":"Donu and Deca","floor":50.0,"turns":5.0},{"damage":63,"enemies":"Shield and Spear","floor":54,"turns":4},{"damage":24,"enemies":"The Heart","floor":55,"turns":2}],"seed_played":"1027542802504706369","potions_obtained":[{"floor":1.0,"key":"LiquidBronze"},{"floor":7.0,"key":"StancePotion"},{"floor":8.0,"key":"DuplicationPotion"},{"floor":14.0,"key":"Energy Potion"},{"floor":18.0,"key":"SpeedPotion"},{"floor":23.0,"key":"StancePotion"},{"floor":29.0,"key":"BottledMiracle"},{"floor":33.0,"key":"FearPotion"}],"is_trial":false,"path_per_floor":["M","M","M","T","?","R","M","E","T","R","M","$","R","?","R","B",null,"M","M","$","M","M","E","R","E","T","?","R","M","R","$","R","B",null,"M","M","?","?","?","R","M","R","T","R","E","M","?","M","R","B",null,"R","$","E","B"],"character_chosen":"WATCHER","items_purchased":["ClockworkSouvenir","Conclude+1","Anchor","BattleHymn","MasterReality","Strange Spoon","Strawberry","Prostrate"],"campfire_rested":2,"item_purchase_floors":[12,12,20,20,31,53,53,53],"current_hp_per_floor":[71,70,70,70,56,56,60,58,58,58,58,58,58,59,59,44,72,63,69,69,56,51,53,53,49,49,49,70,70,70,70,70,62,72,65,65,65,51,51,51,51,72,72,72,72,65,56,62,62,17,72,72,79,22,0,0],"gold":49,"neow_bonus":"RANDOM_COLORLESS","is_daily":false,"chose_seed":false,"campfire_upgraded":10,"win_rate":0.0,"timestamp":1608749905,"path_taken":["M","M","M","?","?","R","M","E","T","R","M","$","R","?","R","BOSS","M","M","$","M","M","E","R","E","T","?","R","M","R","$","R","BOSS","M","M","?","?","?","R","M","R","T","R","E","?","?","M","R","BOSS","R","$","E","BOSS"],"items_purchased_type":["Relic","Card","Relic","Card","Card","Relic","Relic","Card"],"build_version":"2020-12-22","purchased_purges":0,"victory":false,"max_hp_per_floor":[72,72,72,72,72,72,72,72,72,72,72,72,72,72,72,72,72,72,72,72,72,72,72,72,72,72,72,72,72,72,72,72,72,72,72,72,72,72,72,72,72,72,72,72,72,72,72,72,72,72,72,72,79,79,79,79],"card_choices":[{"not_picked":["Madness","Dramatic Entrance"],"picked":"Bandage Up","floor":0.0},{"not_picked":["Nirvana","SignatureMove","DeceiveReality"],"picked":"SKIP","floor":1.0},{"not_picked":["BowlingBash","Pray"],"picked":"CrushJoints","floor":2.0},{"not_picked":["EmptyFist","SashWhip"],"picked":"Protect","floor":3.0},{"not_picked":["DeceiveReality","Protect"],"picked":"SashWhip","floor":7.0},{"not_picked":["WheelKick","CutThroughFate"],"picked":"Brilliance","floor":8.0},{"not_picked":["Halt","JustLucky+1"],"picked":"Vengeance","floor":11.0},{"not_picked":["FlyingSleeves+1","Crescendo"],"picked":"Prostrate","floor":14.0},{"not_picked":["LessonLearned+1","Blasphemy"],"picked":"Devotion","floor":16.0},{"not_picked":["Worship","SignatureMove+1"],"picked":"ClearTheMind+1","floor":18.0},{"not_picked":["ClearTheMind","Crescendo"],"picked":"JustLucky+1","floor":19.0},{"not_picked":["EmptyFist+1","Halt+1"],"picked":"BowlingBash+1","floor":21.0},{"not_picked":["Conclude+1","SignatureMove+1"],"picked":"FlyingSleeves+1","floor":22.0},{"not_picked":["CutThroughFate+1","Halt"],"picked":"Wallop+1","floor":23.0},{"not_picked":["ClearTheMind","Vault"],"picked":"CutThroughFate+1","floor":25.0},{"not_picked":["EmptyFist+1","Protect"],"picked":"CrushJoints+1","floor":29.0},{"not_picked":["Blasphemy","Omniscience"],"picked":"Judgement","floor":33.0},{"not_picked":["FollowUp+1","Consecrate+1"],"picked":"SandsOfTime+1","floor":35.0},{"not_picked":["Evaluate+1","Fasting2"],"picked":"Meditate+1","floor":36.0},{"not_picked":["Vengeance+1","Worship"],"picked":"SandsOfTime+1","floor":38.0},{"not_picked":["Pray+1","Protect+1"],"picked":"CrushJoints+1","floor":41.0},{"not_picked":["Fasting2","LessonLearned+1"],"picked":"CarveReality+1","floor":45.0},{"not_picked":["WindmillStrike+1","Worship"],"picked":"PathToVictory","floor":46.0},{"not_picked":["BowlingBash+1","SashWhip+1","TalkToTheHand+1"],"picked":"SKIP","floor":48.0},{"not_picked":["SashWhip+1","JustLucky+1"],"picked":"ForeignInfluence+1","floor":54}],"player_experience":359512,"relics_obtained":[{"floor":4.0,"key":"Whetstone"},{"floor":8.0,"key":"Happy Flower"},{"floor":9.0,"key":"Molten Egg 2"},{"floor":14.0,"key":"Calipers"},{"floor":23.0,"key":"Potion Belt"},{"floor":25.0,"key":"Centennial Puzzle"},{"floor":26.0,"key":"Bottled Flame"},{"floor":38.0,"key":"FossilizedHelix"},{"floor":45.0,"key":"Bottled Tornado"},{"floor":54,"key":"Blue Candle"}],"event_choices":[{"damage_healed":70.0,"max_hp_gain":0.0,"max_hp_loss":72.0,"gold_gain":0.0,"event_name":"betterThird:BetterShining","player_choice":"Upgrade","floor":5.0,"gold_loss":0.0,"damage_taken":14.0,"cards_upgraded":["Bandage Up","Defend_P"]},{"damage_healed":0.0,"max_hp_gain":0.0,"max_hp_loss":0.0,"gold_gain":0.0,"event_name":"Dead Adventurer","player_choice":"Searched \u00272\u0027 times","floor":14.0,"gold_loss":0.0,"damage_taken":0.0},{"damage_healed":0.0,"max_hp_gain":0.0,"max_hp_loss":0.0,"gold_gain":0.0,"event_name":"Drug Dealer","player_choice":"Inject Mutagens","floor":27.0,"gold_loss":0.0,"damage_taken":0.0,"relics_obtained":["MutagenicStrength"]},{"damage_healed":0.0,"max_hp_gain":0.0,"max_hp_loss":0.0,"gold_gain":0.0,"event_name":"Tomb of Lord Red Mask","player_choice":"Ignored","floor":37.0,"gold_loss":0.0,"damage_taken":0.0},{"damage_healed":0.0,"max_hp_gain":0.0,"max_hp_loss":0.0,"gold_gain":0.0,"event_name":"Mysterious Sphere","player_choice":"Fight","floor":38.0,"gold_loss":0.0,"damage_taken":0.0},{"cards_removed":["Defend_P"],"damage_healed":0.0,"max_hp_gain":0.0,"max_hp_loss":0.0,"gold_gain":0.0,"event_name":"Falling","player_choice":"Removed Skill","floor":39.0,"gold_loss":0.0,"damage_taken":0.0},{"damage_healed":0.0,"max_hp_gain":0.0,"max_hp_loss":0.0,"gold_gain":0.0,"event_name":"Winding Halls","player_choice":"Embrace Madness","floor":47.0,"gold_loss":0.0,"damage_taken":9.0,"cards_obtained":["Madness","Madness"]}],"is_beta":false,"boss_relics":[{"not_picked":["Fusion Hammer","Busted Crown"],"picked":"Astrolabe"},{"not_picked":["Snecko Eye","Runic Pyramid"],"picked":"Sozu"}],"items_purged_floors":[],"is_endless":false,"potions_floor_spawned":[1,7,8,14,18,23,29,33,38,41,45],"killed_by":"The Heart","ascension_level":1}}