{"host":"mg6qqnp83j5r6p2r","time":1608692235,"event":{"mods":["BaseMod","Colored Map","Colored Powertips","Highlight Path","Minty Spire (QoL Compilation)","Rare Cards Sparkle","Relic Sorter","Relic Stats","StSLib"],"gold_per_floor":[116,126,126,201,215,215,244,244,244,275,291,302,26,43,43,141,141,154,188,188,18,33,33,33,59,59,72,72,72,106,116,116,215,215,228,245,161,161,4,4,34,52,78,132,132,132,159,31,31,31,31,31,14,42,42],"floor_reached":56,"playtime":3569,"items_purged":[],"score":1272,"play_id":"cf614c0c-b02f-4d6c-8366-3b630853bba4","local_time":"20201222205715","is_ascension_mode":true,"campfire_choices":[{"floor":6,"key":"RECALL"},{"floor":15,"key":"REST"},{"data":"Backflip","floor":23,"key":"SMITH"},{"floor":28,"key":"REST"},{"data":"Footwork","floor":32,"key":"SMITH"},{"data":"Malaise","floor":40,"key":"SMITH"},{"data":"Dash","floor":46,"key":"SMITH"},{"data":"Caltrops","floor":49,"key":"SMITH"},{"data":"1","floor":52,"key":"LIFT"}],"circlet_count":0,"master_deck":["Survivor","Neutralize+1","Panacea","Well Laid Plans","Deflect","Flying Knee","Deflect","Dash+1","Caltrops+1","Flying Knee","PiercingWail","Malaise+1","Dagger Spray","Quick Slash","Masterful Stab+1","All Out Attack","Infinite Blades","Poisoned Stab+1","Blade Dance","Backflip+1","Cloak And Dagger+1","Dodge and Roll","Footwork+1","Leg Sweep","Flying Knee","Finisher","A Thousand Cuts+1","Noxious Fumes+1","Footwork+1","Flash of Steel","Accuracy+1","Cloak And Dagger+1","Backflip+1","Storm of Steel","Caltrops+1"],"relics":["Ring of the Snake","HornCleat","Question Card","Pantograph","Membership Card","Mercury Hourglass","Pandora\u0027s Box","Red Mask","Whetstone","Lee\u0027s Waffle","Shuriken","Matryoshka","Frozen Egg 2","WristBlade","TungstenRod","Pen Nib","Happy Flower","Strawberry","Girya","Toy Ornithopter","Mummified Hand","StrikeDummy"],"acts_visited":["Exordium","TheCity","TheBeyond","TheEnding"],"potions_floor_usage":[7,7,12,14,30,41,41,42,55],"damage_taken":[{"damage":0,"enemies":"Jaw Worm","floor":1,"turns":5},{"damage":0,"enemies":"Small Slimes","floor":2,"turns":5},{"damage":0,"enemies":"Cultist","floor":5,"turns":5},{"damage":18,"enemies":"Lagavulin","floor":7,"turns":11},{"damage":35,"enemies":"Gremlin Nob","floor":10,"turns":6},{"damage":0,"enemies":"2 Fungi Beasts","floor":11,"turns":5},{"damage":0,"enemies":"Exordium Thugs","floor":12,"turns":2},{"damage":0,"enemies":"Large Slime","floor":14,"turns":5},{"damage":6,"enemies":"Hexaghost","floor":16,"turns":12},{"damage":20,"enemies":"Spheric Guardian","floor":18,"turns":4},{"damage":10,"enemies":"Masked Bandits","floor":19,"turns":4},{"damage":0,"enemies":"Shell Parasite","floor":22,"turns":5},{"damage":39,"enemies":"Slavers","floor":25,"turns":9},{"damage":5,"enemies":"Snake Plant","floor":27,"turns":5},{"damage":15,"enemies":"Book of Stabbing","floor":30,"turns":6},{"damage":0,"enemies":"3 Cultists","floor":31,"turns":4},{"damage":36,"enemies":"Collector","floor":33,"turns":10},{"damage":2,"enemies":"Orb Walker","floor":35,"turns":4},{"damage":0,"enemies":"3 Shapes","floor":36,"turns":3},{"damage":17,"enemies":"Giant Head","floor":41,"turns":7},{"damage":2,"enemies":"Jaw Worm Horde","floor":42,"turns":4},{"damage":15,"enemies":"2 Orb Walkers","floor":44,"turns":4},{"damage":8,"enemies":"Nemesis","floor":47,"turns":7},{"damage":44,"enemies":"Donu and Deca","floor":50,"turns":8},{"damage":41,"enemies":"Shield and Spear","floor":54,"turns":4},{"damage":96,"enemies":"The Heart","floor":55,"turns":10}],"seed_played":"-332731256840409853","potions_obtained":[{"floor":1,"key":"ColorlessPotion"},{"floor":2,"key":"LiquidMemories"},{"floor":10,"key":"GamblersBrew"},{"floor":11,"key":"Explosive Potion"},{"floor":25,"key":"Energy Potion"},{"floor":27,"key":"FairyPotion"},{"floor":33,"key":"AttackPotion"},{"floor":36,"key":"AttackPotion"},{"floor":41,"key":"DistilledChaos"},{"floor":47,"key":"Ancient Potion"}],"is_trial":false,"path_per_floor":["M","M","?","?","M","R","E","T","T","E","M","M","$","M","R","B",null,"M","?","?","$","M","R","?","E","T","M","R","$","E","M","R","B",null,"M","M","$","?","$","R","E","M","T","?","?","R","E","$","R","B",null,"R","$","E","B",null],"character_chosen":"THE_SILENT","items_purchased":["Membership Card","Mercury Hourglass","Whetstone","Lee\u0027s Waffle","Leg Sweep","Flash of Steel","Accuracy+1","TungstenRod","Mummified Hand","Caltrops+1"],"campfire_rested":2,"item_purchase_floors":[13,13,21,21,21,37,37,39,48,53],"current_hp_per_floor":[70,70,70,59,59,59,41,41,41,6,6,6,6,6,27,46,70,50,40,40,77,77,77,77,38,38,33,56,56,41,41,41,30,77,75,75,75,75,75,75,58,56,63,48,48,48,40,40,40,21,80,80,80,39,2],"gold":42,"neow_bonus":"RANDOM_COLORLESS","is_daily":false,"chose_seed":false,"campfire_upgraded":5,"win_rate":0.0,"timestamp":1608692235,"path_taken":["M","M","?","?","M","R","E","?","T","E","?","M","$","M","R","BOSS","M","?","?","$","M","R","?","E","T","M","R","$","E","M","R","BOSS","M","?","$","?","?","R","E","M","T","?","?","R","E","$","R","BOSS","R","$","E","BOSS"],"items_purchased_type":["Relic","Relic","Relic","Relic","Card","Card","Card","Relic","Relic","Card"],"build_version":"2020-12-13","purchased_purges":0,"victory":true,"max_hp_per_floor":[70,70,70,70,70,70,70,70,70,70,70,70,70,70,70,70,70,70,70,70,77,77,77,77,77,77,77,77,77,77,77,77,77,77,77,77,77,77,77,77,77,77,84,84,80,80,80,80,80,80,80,80,80,80,80],"relic_stats":{"Lee\u0027s Waffle":37,"Happy Flower":[11],"counters":[26,152],"Pen Nib":[10],"Whetstone":["Poisoned Stab","Masterful Stab"],"Question Card":20,"Mercury Hourglass":[345],"Shuriken":[48],"Mummified Hand":[23],"Pantograph":100,"Pandora\u0027s Box":["Dagger Spray","Quick Slash","Masterful Stab","All Out Attack","Infinite Blades","Poisoned Stab","Eviscerate","Blade Dance","All Out Attack","Bouncing Flask"],"obtain_stats":[{"Girya":44,"Lee\u0027s Waffle":21,"Happy Flower":43,"Pen Nib":41,"Whetstone":21,"Frozen Egg 2":30,"Question Card":9,"Mercury Hourglass":13,"HornCleat":7,"Matryoshka":26,"WristBlade":34,"Shuriken":25,"Mummified Hand":48,"Pantograph":10,"Strawberry":43,"Pandora\u0027s Box":17,"Red Mask":19,"Membership Card":13,"StrikeDummy":54,"TungstenRod":39,"Toy Ornithopter":47,"Ring of the Snake":0},{"Girya":22,"Lee\u0027s Waffle":11,"Happy Flower":21,"Pen Nib":20,"Whetstone":11,"Frozen Egg 2":15,"Question Card":4,"Mercury Hourglass":7,"HornCleat":4,"Matryoshka":13,"WristBlade":17,"Shuriken":13,"Mummified Hand":23,"Pantograph":5,"Strawberry":21,"Pandora\u0027s Box":9,"Red Mask":11,"Membership Card":7,"StrikeDummy":25,"TungstenRod":19,"Toy Ornithopter":23,"Ring of the Snake":0},{"Girya":123,"Lee\u0027s Waffle":64,"Happy Flower":120,"Pen Nib":117,"Whetstone":64,"Frozen Egg 2":89,"Question Card":26,"Mercury Hourglass":39,"HornCleat":26,"Matryoshka":78,"WristBlade":103,"Shuriken":78,"Mummified Hand":130,"Pantograph":32,"Strawberry":120,"Pandora\u0027s Box":56,"Red Mask":64,"Membership Card":39,"StrikeDummy":142,"TungstenRod":110,"Toy Ornithopter":130,"Ring of the Snake":0}],"TungstenRod":48,"Toy Ornithopter":5,"Ring of the Snake":[52]},"card_choices":[{"not_picked":["Madness","Jack Of All Trades"],"picked":"Panacea","floor":0},{"not_picked":["Quick Slash","Prepared"],"picked":"Well Laid Plans","floor":1},{"not_picked":["PiercingWail","Flechettes"],"picked":"Deflect","floor":2},{"not_picked":["Prepared","Setup"],"picked":"Flying Knee","floor":5},{"not_picked":["Predator","Deadly Poison"],"picked":"Deflect","floor":7},{"not_picked":["Choke","Infinite Blades","Skewer"],"picked":"Dash","floor":10},{"not_picked":["Acrobatics","Sucker Punch","Underhanded Strike"],"picked":"Caltrops","floor":11},{"not_picked":["Choke","Quick Slash","Tools of the Trade"],"picked":"Flying Knee","floor":12},{"not_picked":["Slice","Blade Dance","Quick Slash"],"picked":"PiercingWail","floor":14},{"not_picked":["Envenom","Night Terror","Doppelganger"],"picked":"Malaise","floor":16},{"not_picked":["Concentrate","Poisoned Stab","Prepared"],"picked":"Backflip","floor":18},{"not_picked":["Prepared+1","Crippling Poison","Riddle With Holes+1"],"picked":"Cloak And Dagger+1","floor":19},{"not_picked":["Catalyst+1","Backflip","Underhanded Strike"],"picked":"Flying Knee","floor":22},{"not_picked":["Flying Knee","Outmaneuver","Skewer","Glass Knife"],"picked":"SKIP","floor":25},{"not_picked":["Concentrate","Outmaneuver","Tactician","Underhanded Strike"],"picked":"SKIP","floor":27},{"not_picked":["Catalyst","Reflex+1","Bouncing Flask","Escape Plan"],"picked":"SKIP","floor":30},{"not_picked":["Deadly Poison+1","Bane","Dagger Throw","Underhanded Strike"],"picked":"SKIP","floor":31},{"not_picked":["Malaise","Envenom+1","Wraith Form v2+1"],"picked":"A Thousand Cuts+1","floor":33},{"not_picked":["Reflex+1","Footwork+1","Deflect"],"picked":"Noxious Fumes+1","floor":35},{"not_picked":["Outmaneuver","Setup","Backflip"],"picked":"Footwork+1","floor":36},{"not_picked":["Dodge and Roll","Outmaneuver","Blur"],"picked":"Backflip+1","floor":41},{"not_picked":["Crippling Poison+1","Dodge and Roll+1","Dagger Spray+1","Finisher+1"],"picked":"SKIP","floor":42},{"not_picked":["Acrobatics","Tools of the Trade+1","PiercingWail"],"picked":"Storm of Steel","floor":47},{"not_picked":["Well Laid Plans+1","Sucker Punch","Choke+1","Outmaneuver"],"picked":"SKIP","floor":54}],"player_experience":165834,"relics_obtained":[{"floor":7,"key":"HornCleat"},{"floor":9,"key":"Question Card"},{"floor":10,"key":"Pantograph"},{"floor":19,"key":"Red Mask"},{"floor":25,"key":"Shuriken"},{"floor":26,"key":"Matryoshka"},{"floor":30,"key":"Frozen Egg 2"},{"floor":41,"key":"Pen Nib"},{"floor":43,"key":"Happy Flower"},{"floor":43,"key":"Strawberry"},{"floor":44,"key":"Girya"},{"floor":47,"key":"Toy Ornithopter"},{"floor":54,"key":"StrikeDummy"}],"event_choices":[{"damage_healed":0,"gold_gain":0,"player_choice":"Grow","damage_taken":0,"max_hp_gain":0,"max_hp_loss":0,"event_name":"Living Wall","floor":3,"gold_loss":0,"cards_upgraded":["Neutralize"]},{"damage_healed":0,"gold_gain":75,"player_choice":"Gather Gold","damage_taken":11,"max_hp_gain":0,"max_hp_loss":0,"event_name":"World of Goop","floor":4,"gold_loss":0},{"damage_healed":0,"gold_gain":0,"player_choice":"Fought Bandits","damage_taken":0,"max_hp_gain":0,"max_hp_loss":0,"event_name":"Masked Bandits","floor":19,"gold_loss":0},{"damage_healed":0,"gold_gain":0,"cards_transformed":["Eviscerate","All Out Attack"],"player_choice":"Became Test Subject","damage_taken":0,"max_hp_gain":0,"max_hp_loss":0,"event_name":"Drug Dealer","floor":20,"gold_loss":0,"cards_obtained":["Dodge and Roll","Footwork"]},{"damage_healed":0,"gold_gain":0,"cards_transformed":["Bouncing Flask"],"player_choice":"Transformed","damage_taken":0,"max_hp_gain":0,"max_hp_loss":0,"event_name":"Transmorgrifier","floor":24,"gold_loss":0,"cards_obtained":["Finisher"]},{"damage_healed":0,"gold_gain":0,"player_choice":"Copied","damage_taken":0,"max_hp_gain":0,"max_hp_loss":0,"event_name":"Duplicator","floor":38,"gold_loss":0,"cards_obtained":["Cloak And Dagger"]},{"damage_healed":0,"gold_gain":0,"player_choice":"Fight","damage_taken":0,"max_hp_gain":0,"max_hp_loss":0,"event_name":"Mysterious Sphere","floor":44,"gold_loss":0},{"damage_healed":0,"gold_gain":0,"player_choice":"Max HP","damage_taken":0,"max_hp_gain":0,"max_hp_loss":4,"event_name":"Winding Halls","floor":45,"gold_loss":0}],"is_beta":false,"boss_relics":[{"not_picked":["Tiny House","Runic Pyramid"],"picked":"Pandora\u0027s Box"},{"not_picked":["SlaversCollar","Empty Cage"],"picked":"WristBlade"}],"items_purged_floors":[],"is_endless":false,"potions_floor_spawned":[1,2,10,11,25,27,33,36,41,47],"ascension_level":1}}