{"host":"8qpl9oe08dw5eaib","time":1608695687,"event":{"mods":["Act Like it!","BaseMod","Colored Map","Minty Spire (QoL Compilation)","StSLib","The Animator"],"gold_per_floor":[119,119,44,44,63,63,111,23,50,88,121,121,0,23,23,123,123,149,164,263,173,200,200,239,239,292,292,328,359,1,39,39,146,146,184,201,201,201,201,201,232,232,255,105,105,105,105],"floor_reached":46,"playtime":4411,"items_purged":["animator:Strike"],"score":585,"play_id":"9ec4f619-64f4-4e95-aa33-b6b28de36e1e","local_time":"20201222225447","is_ascension_mode":true,"campfire_choices":[{"floor":12,"key":"REST"},{"floor":15,"key":"REST"},{"data":"animator:Walpurgisnacht","floor":23,"key":"SMITH"},{"floor":25,"key":"RECALL"},{"data":"animator:LeleiLaLalena","floor":27,"key":"SMITH"},{"floor":32,"key":"REST"},{"data":"animator:HigakiRinne","floor":40,"key":"SMITH"},{"floor":45,"key":"REST"}],"circlet_count":0,"master_deck":["animator:Strike_MadokaMagica","animator:Defend_MadokaMagica+1","animator:Defend","animator:IrohaTamaki","animator:YuiTsuruno","animator:Tet","animator:GuildGirl","animator:Canti","animator:Walpurgisnacht+1","animator:OrikoMikuni","animator:Magilou","animator:Arpeggio","animator:OrikoMikuni+1","animator:GoblinSlayer","animator:LeleiLaLalena+1","animator:YachiyoNanami+1","animator:Jibril","animator:YaoHaDucy","animator:Mikaela","animator:SayakaMiki","animator:Evileye","animator:HomuraAkemi","animator:MamiTomoe","animator:Kyubey","animator:MamiTomoe","animator:SuzuneAmano","animator:Guy","animator:HigakiRinne+1","animator:MamiTomoe"],"relics":["animator:VividPicture","animator:TheMissingPiece","animator:PurgingStone","animator:Buoy","Nunchaku","animator:CursedGlyph","War Paint","Regal Pillow","Tiny Chest","Runic Capacitor","Paper Crane","animator:RacePiece","Dream Catcher","animator:ShionDessert","Membership Card"],"acts_visited":["Exordium","TheCity","TheBeyond"],"potions_floor_usage":[7,16,24,31],"damage_taken":[{"damage":0,"enemies":"2 Louse","floor":1,"turns":2},{"damage":7,"enemies":"Cultist","floor":5,"turns":5},{"damage":20,"enemies":"Gremlin Nob","floor":7,"turns":5},{"damage":21,"enemies":"Lagavulin","floor":10,"turns":6},{"damage":0,"enemies":"Jaw Worm","floor":11,"turns":3},{"damage":20,"enemies":"2 Fungi Beasts","floor":14,"turns":3},{"damage":21,"enemies":"The Guardian","floor":16,"turns":9},{"damage":0,"enemies":"3 Byrds","floor":18,"turns":2},{"damage":0,"enemies":"Chosen","floor":19,"turns":5},{"damage":6,"enemies":"3 Cultists","floor":22,"turns":4},{"damage":13,"enemies":"Book of Stabbing","floor":24,"turns":9},{"damage":12,"enemies":"Gremlin Leader","floor":28,"turns":6},{"damage":14,"enemies":"Centurion and Healer","floor":29,"turns":6},{"damage":0,"enemies":"Book of Stabbing","floor":31,"turns":4},{"damage":5,"enemies":"Champ","floor":33,"turns":13},{"damage":22,"enemies":"Orb Walker","floor":35,"turns":5},{"damage":46,"enemies":"3 Darklings","floor":36,"turns":6},{"damage":31,"enemies":"Jaw Worm Horde","floor":41,"turns":6},{"damage":74,"enemies":"Reptomancer","floor":46,"turns":4}],"seed_played":"-3622987791750829777","potions_obtained":[{"floor":5,"key":"Explosive Potion"},{"floor":14,"key":"Weak Potion"},{"floor":16,"key":"FearPotion"},{"floor":18,"key":"SteroidPotion"},{"floor":24,"key":"animator:FalseLifePotion"},{"floor":36,"key":"Dexterity Potion"}],"is_trial":false,"path_per_floor":["M","?","$","?","M","?","E","$","T","E","M","R","$","M","R","B",null,"M","M","?","?","M","R","E","R","T","R","E","M","$","E","R","B",null,"M","M","?","?","?","R","M","T","T","$","R","E"],"character_chosen":"THE_ANIMATOR","items_purchased":["animator:Canti","animator:Magilou","animator:Arpeggio","animator:Eris","Runic Capacitor","animator:Evileye","Membership Card"],"campfire_rested":4,"item_purchase_floors":[8,13,13,30,30,30,44],"current_hp_per_floor":[72,72,72,65,58,58,38,38,38,17,17,37,37,17,37,16,68,68,69,69,69,63,63,51,51,51,51,40,26,26,29,65,64,72,50,4,63,63,55,55,27,27,27,27,60,0,0],"gold":105,"neow_bonus":"TEN_PERCENT_HP_BONUS","is_daily":false,"chose_seed":false,"campfire_upgraded":3,"win_rate":0.0,"timestamp":1608695687,"path_taken":["M","?","?","?","M","?","E","$","T","E","?","R","$","M","R","BOSS","M","M","?","?","M","R","E","R","T","R","E","M","$","E","R","BOSS","M","M","?","?","?","R","M","?","T","$","R","E"],"items_purchased_type":["Card","Card","Card","Card","Relic","Card","Relic"],"build_version":"2020-12-13","purchased_purges":1,"victory":false,"max_hp_per_floor":[72,72,72,72,72,72,72,72,72,68,68,68,68,68,68,68,68,68,69,69,69,69,69,70,70,70,70,71,71,71,71,71,72,72,72,72,63,63,63,63,63,63,63,63,63,63,63],"card_choices":[{"not_picked":["animator:Mitsuba","animator:Shalltear"],"picked":"animator:Tet","floor":1},{"not_picked":["animator:Tet","animator:DolaStephanie"],"picked":"animator:Rider","floor":5},{"not_picked":["animator:KrulTepes","animator:NarberalGamma"],"picked":"animator:Mitsuba","floor":7},{"not_picked":["animator:KyokoSakura","animator:NagisaMomoe"],"picked":"animator:Walpurgisnacht","floor":10},{"not_picked":["animator:KyokoSakura","animator:DolaSchwi"],"picked":"animator:OrikoMikuni","floor":11},{"not_picked":["animator:Alexander","animator:PandorasActor"],"picked":"animator:OrikoMikuni","floor":14},{"not_picked":["animator:PinaCoLada","animator:AcuraShin"],"picked":"animator:GoblinSlayer","floor":16},{"not_picked":["animator:YaoHaDucy","animator:Priestess"],"picked":"animator:LeleiLaLalena","floor":18},{"not_picked":["animator:IrohaTamaki","animator:SuzuneAmano"],"picked":"animator:YachiyoNanami","floor":19},{"not_picked":["animator:Cocytus","animator:Priestess"],"picked":"animator:Jibril","floor":22},{"not_picked":["animator:Guy","animator:Megumin+1"],"picked":"animator:YaoHaDucy","floor":24},{"not_picked":["animator:NagisaMomoe","animator:Gillette"],"picked":"animator:Mikaela","floor":28},{"not_picked":["animator:IrohaTamaki","animator:MamiTomoe"],"picked":"animator:SayakaMiki","floor":29},{"not_picked":["animator:Mitsurugi","animator:YunYun","animator:Rider"],"picked":"SKIP","floor":31},{"not_picked":["animator:GoblinSlayer","animator:PinaCoLada"],"picked":"animator:HomuraAkemi","floor":33},{"not_picked":["animator:Mikaela+1","animator:Priestess"],"picked":"animator:SuzuneAmano","floor":35},{"not_picked":["animator:IrohaTamaki","animator:Evileye"],"picked":"animator:Guy","floor":36},{"not_picked":["animator:OrikoMikuni","animator:IrohaTamaki"],"picked":"animator:MamiTomoe","floor":41}],"player_experience":330386,"relics_obtained":[{"floor":7,"key":"animator:Buoy"},{"floor":10,"key":"Nunchaku"},{"floor":10,"key":"animator:CursedGlyph"},{"floor":24,"key":"War Paint"},{"floor":26,"key":"Regal Pillow"},{"floor":28,"key":"Tiny Chest"},{"floor":31,"key":"Paper Crane"},{"floor":42,"key":"Dream Catcher"},{"floor":43,"key":"animator:ShionDessert"}],"event_choices":[{"damage_healed":0,"gold_gain":0,"player_choice":"1 cards matched","damage_taken":0,"max_hp_gain":0,"max_hp_loss":0,"event_name":"Match and Keep!","floor":2,"gold_loss":0,"cards_obtained":["animator:GuildGirl"]},{"cards_removed":["animator:Strike"],"damage_healed":0,"gold_gain":0,"player_choice":"Card Removal","damage_taken":7,"max_hp_gain":0,"max_hp_loss":0,"event_name":"Golden Wing","floor":4,"gold_loss":0},{"cards_removed":["animator:Defend"],"damage_healed":0,"gold_gain":0,"player_choice":"Offered Basic","damage_taken":0,"max_hp_gain":0,"max_hp_loss":0,"event_name":"Bonfire Elementals","floor":6,"gold_loss":0},{"damage_healed":0,"gold_gain":99,"player_choice":"Stole From Cult","damage_taken":0,"max_hp_gain":0,"max_hp_loss":0,"event_name":"Nest","floor":20,"gold_loss":0},{"cards_removed":["animator:Strike"],"damage_healed":0,"gold_gain":0,"player_choice":"Upgrade and Remove","damage_taken":0,"max_hp_gain":0,"max_hp_loss":0,"event_name":"Designer","floor":21,"gold_loss":90,"cards_upgraded":["animator:YachiyoNanami"]},{"damage_healed":63,"gold_gain":0,"player_choice":"Heal","damage_taken":0,"max_hp_gain":0,"max_hp_loss":9,"event_name":"The Moai Head","floor":37,"gold_loss":0},{"damage_healed":0,"gold_gain":0,"player_choice":"Ignored","damage_taken":0,"max_hp_gain":0,"max_hp_loss":0,"event_name":"Mysterious Sphere","floor":38,"gold_loss":0},{"damage_healed":0,"gold_gain":0,"player_choice":"Embrace Madness","damage_taken":8,"max_hp_gain":0,"max_hp_loss":0,"event_name":"Winding Halls","floor":39,"gold_loss":0,"cards_obtained":["animator:HigakiRinne"]}],"is_beta":false,"boss_relics":[{"not_picked":["Philosopher\u0027s Stone","Fusion Hammer"],"picked":"animator:VividPicture"},{"not_picked":["Coffee Dripper","Mark of Pain"],"picked":"animator:RacePiece"}],"items_purged_floors":[3],"is_endless":false,"potions_floor_spawned":[5,14,16,18,24,36],"killed_by":"Reptomancer","ascension_level":2}}