{"host":"1sffrtwlowhx7ota","time":1608727484,"event":{"mods":["Abigail Mod","AchievementEnabler","Aspiration","BaseMod","Better Altar","Better Match","Better Note","Better Sensory Stone","Better Skull","Better Synergies","Better Third Choice","BetterRewards","Colored Map","Colored Powertips","Defuse TimeMaze Blight","Displayed Cursed Tome","Downfall","Downfall-Rebalance","Gold Saver","Hubris","Infinite Spire","Minty Spire (QoL Compilation)","Permanent Neow","Quick Restart","Rare Cards Sparkle","Remove Card Discount Mod","Spicy Shops","StSLib","The Blue Laboratory","The Exalted","The Marked","The Vixen","Uncapped","vexMod"],"gold_per_floor":[340,340,97,108,163,163,189,189,212,244,264,299,317,317,317,416,416,434,447,447,447,462,462,488,488,488,503,523,534,560,578,578,681,681,701,715,731,641,162,196,196,196,196],"floor_reached":42,"playtime":2210,"items_purged":["Strike_B","Defend_B"],"score":696,"play_id":"76b9be94-6fc4-4cf3-89d9-520aecf10bab","local_time":"20201223074444","is_ascension_mode":true,"campfire_choices":[{"data":"Go for the Eyes","floor":6.0,"key":"SMITH"},{"data":"Defragment","floor":8.0,"key":"SMITH"},{"data":"Defragment","floor":15.0,"key":"SMITH"},{"data":"ThirdEye","floor":23.0,"key":"SMITH"},{"floor":32.0,"key":"REST"},{"floor":41,"key":"REST"}],"circlet_count":0,"master_deck":["Strike_B","Strike_B","Defend_B","Defend_B+1","Zap","Dualcast","Cold Snap","Go for the Eyes+1","Cold Snap","Defragment+1","Defragment+1","Beam Cell+1","Core Surge","Crescendo","ThirdEye+1","Leap","Gash","Creative AI","CutThroughFate","White Noise","Echo Form","Redo+1","Loop","White Noise+1","Glacier+1"],"relics":["Cracked Core","DataDisk","infinitespire:FocusingShard","Bag of Marbles","aspiration:DSix","infinitespire:PuzzleCube","The Courier","Bronze Scales","aspiration:WatcherSkillbook","vexMod:RedPlottingStone","hubris:BottledRain","Bottled Tornado","Lizard Tail","Sozu","hubris:EmptyBottle","vexMod:BarristanHead","Shovel","infinitespire:WardingShard"],"acts_visited":["Exordium","TheCity","TheBeyond"],"potions_floor_usage":[],"damage_taken":[{"damage":1.0,"enemies":"Jaw Worm","floor":1.0,"turns":2.0},{"damage":0.0,"enemies":"Cultist","floor":4.0,"turns":2.0},{"damage":5.0,"enemies":"3 Sentries","floor":7.0,"turns":10.0},{"damage":0.0,"enemies":"Lagavulin","floor":10.0,"turns":7.0},{"damage":4.0,"enemies":"infinitespire:Voidling","floor":11.0,"turns":3.0},{"damage":9.0,"enemies":"Gremlin Nob","floor":12.0,"turns":4.0},{"damage":0.0,"enemies":"2 Fungi Beasts","floor":13.0,"turns":3.0},{"damage":12.0,"enemies":"Hexaghost","floor":16.0,"turns":9.0},{"damage":4.0,"enemies":"Shell Parasite","floor":18.0,"turns":4.0},{"damage":2.0,"enemies":"Chosen","floor":19.0,"turns":3.0},{"damage":11.0,"enemies":"Snake Plant","floor":22.0,"turns":3.0},{"damage":9.0,"enemies":"Gremlin Leader","floor":24.0,"turns":10.0},{"damage":4.0,"enemies":"Centurion and Healer","floor":27.0,"turns":8.0},{"damage":0.0,"enemies":"3 Cultists","floor":28.0,"turns":6.0},{"damage":11.0,"enemies":"Sentry and Sphere","floor":29.0,"turns":6.0},{"damage":45.0,"enemies":"Nightmare","floor":30.0,"turns":11.0},{"damage":11.0,"enemies":"Shelled Parasite and Fungi","floor":31.0,"turns":5.0},{"damage":57.0,"enemies":"Collector","floor":33.0,"turns":12.0},{"damage":11.0,"enemies":"3 Shapes","floor":35.0,"turns":5.0},{"damage":8.0,"enemies":"Orb Walker","floor":36.0,"turns":4.0},{"damage":4,"enemies":"4 Shapes","floor":37,"turns":6},{"damage":39,"enemies":"Nemesis","floor":40,"turns":9},{"damage":49,"enemies":"Reptomancer","floor":42,"turns":2}],"seed_played":"5919604289836028444","potions_obtained":[{"floor":10.0,"key":"FearPotion"},{"floor":11.0,"key":"blueLaboratory:BiasPotion"},{"floor":12.0,"key":"SkillPotion"},{"floor":13.0,"key":"FairyPotion"},{"floor":16.0,"key":"blueLaboratory:BottledHope"},{"floor":24.0,"key":"blueLaboratory:SystemWipe"},{"floor":30.0,"key":"blueLaboratory:SystemWipe"},{"floor":33.0,"key":"blueLaboratory:EnragingPotion"}],"is_trial":false,"path_per_floor":["M","?","$","M","T","R","E","R","T","E","M","E","M","?","R","B",null,"M","M","?","?","M","R","E","AVR","T","M","M","M","NM","M","R","B",null,"M","M","M","?","$","E","R","E"],"character_chosen":"DEFECT","items_purchased":["DataDisk","Cold Snap","infinitespire:FocusingShard","hubris:EmptyBottle","vexMod:BarristanHead","Shovel"],"campfire_rested":2,"item_purchase_floors":[0,0,3,39,39,39],"current_hp_per_floor":[74,74,74,74,74,74,69,69,69,69,69,60,60,65,65,53,80,76,74,74,74,63,63,54,54,54,50,50,39,39,28,52,35,80,69,61,57,57,57,18,42,0,0],"gold":196,"neow_bonus":"","is_daily":false,"chose_seed":false,"campfire_upgraded":4,"win_rate":0.0,"timestamp":1608727484,"path_taken":["M","?","$","M","?","R","E","R","T","E","M","E","?","?","R","BOSS","M","M","?","?","M","R","E","AVR","T","?","M","M","NM","M","R","BOSS","M","M","M","?","$","E","R","E"],"items_purchased_type":["Relic","Card","Relic","Relic","Relic","Relic"],"build_version":"2020-12-22","purchased_purges":2,"victory":false,"max_hp_per_floor":[75,75,75,75,75,75,75,75,75,75,75,75,75,80,80,80,80,80,80,80,80,80,80,80,80,80,80,80,80,80,80,80,80,80,80,80,80,80,80,80,80,80,80],"card_choices":[{"not_picked":["Reprogram","Redo"],"picked":"Go for the Eyes","floor":1.0},{"not_picked":["Beam Cell","Turbo"],"picked":"Cold Snap","floor":4.0},{"not_picked":["Loop","Seek"],"picked":"Defragment","floor":7.0},{"not_picked":["Chaos","Auto Shields"],"picked":"Defragment","floor":10.0},{"not_picked":["Coolheaded","Barrage","Double Energy"],"picked":"SKIP","floor":11.0},{"not_picked":["Stack","Darkness","Redo"],"picked":"SKIP","floor":12.0},{"not_picked":["Conserve Battery","Barrage"],"picked":"Beam Cell","floor":13.0},{"not_picked":["Thunder Strike","Fission"],"picked":"Core Surge","floor":16.0},{"not_picked":["LikeWater","Fusion","JustLucky"],"picked":"Crescendo","floor":18.0},{"not_picked":["LikeWater","SashWhip","Chaos","Collect"],"picked":"SKIP","floor":19.0},{"not_picked":["BootSequence","FlurryOfBlows","Hello World"],"picked":"ThirdEye","floor":22.0},{"not_picked":["Consume","Coolheaded","MentalFortress+1"],"picked":"Leap","floor":24.0},{"not_picked":["Steam","Chaos","BowlingBash"],"picked":"Gash","floor":27.0},{"not_picked":["FlyingSleeves","Skim","PathToVictory"],"picked":"Creative AI","floor":28.0},{"not_picked":["hubris:PowerSurge","Adaptation","Vengeance+1"],"picked":"CutThroughFate","floor":29.0},{"not_picked":["Compile Driver","Leap","Rip and Tear"],"picked":"White Noise","floor":30.0},{"not_picked":["Streamline","Compile Driver","Redo","Turbo"],"picked":"SKIP","floor":31.0},{"not_picked":["MasterReality","Machine Learning","Omniscience"],"picked":"Echo Form","floor":33.0},{"not_picked":["Crescendo","EmptyMind","BowlingBash"],"picked":"Redo+1","floor":35.0},{"not_picked":["EmptyFist","EmptyBody+1","Steam Power+1"],"picked":"Loop","floor":36},{"not_picked":["Perseverance+1","Wallop+1","Study"],"picked":"White Noise+1","floor":37},{"not_picked":["CrushJoints+1","Fasting2+1","PathToVictory"],"picked":"Glacier+1","floor":40}],"player_experience":933100,"relics_obtained":[{"floor":5.0,"key":"Bag of Marbles"},{"floor":7.0,"key":"aspiration:DSix"},{"floor":9.0,"key":"infinitespire:PuzzleCube"},{"floor":10.0,"key":"The Courier"},{"floor":12.0,"key":"Bronze Scales"},{"floor":24.0,"key":"vexMod:RedPlottingStone"},{"floor":26.0,"key":"Bottled Tornado"},{"floor":30.0,"key":"Lizard Tail"},{"floor":40,"key":"infinitespire:WardingShard"}],"event_choices":[{"damage_healed":0.0,"max_hp_gain":0.0,"max_hp_loss":0.0,"gold_gain":0.0,"event_name":"Golden Wing","player_choice":"Ignored","floor":2.0,"gold_loss":0.0,"damage_taken":0.0},{"damage_healed":0.0,"max_hp_gain":5.0,"max_hp_loss":0.0,"gold_gain":0.0,"event_name":"Big Fish","player_choice":"Donut","floor":14.0,"gold_loss":0.0,"damage_taken":0.0},{"damage_healed":0.0,"max_hp_gain":0.0,"max_hp_loss":0.0,"gold_gain":0.0,"event_name":"Upgrade Shrine","player_choice":"Upgraded","floor":20.0,"gold_loss":0.0,"damage_taken":0.0,"cards_upgraded":["Beam Cell"]},{"cards_removed":["Strike_B"],"damage_healed":0.0,"max_hp_gain":0.0,"max_hp_loss":0.0,"gold_gain":0.0,"event_name":"Purifier","player_choice":"Purged","floor":21.0,"gold_loss":0.0,"damage_taken":0.0},{"cards_removed":["Defend_B"],"damage_healed":0,"gold_gain":0,"player_choice":"Upgrade and Remove","damage_taken":0,"max_hp_gain":0,"max_hp_loss":0,"event_name":"Designer","floor":38,"gold_loss":90,"cards_upgraded":["Defend_B"]}],"is_beta":false,"boss_relics":[{"not_picked":["Velvet Choker","vexMod:TanglingVine"],"picked":"aspiration:WatcherSkillbook"},{"not_picked":["Tiny House","hubris:BlackHole"],"picked":"Sozu"}],"items_purged_floors":[0,0],"is_endless":false,"potions_floor_spawned":[10,11,12,13,16,24,27,28,30,33,37,40],"killed_by":"Reptomancer","ascension_level":1}}