{"host":"3srbdas3e7jgqz5l","time":1608734228,"event":{"mods":["BaseMod","Downfall","Minty Spire (QoL Compilation)","StSLib"],"gold_per_floor":[111,128,143,162,162,162,187,4,28,28,42,56,56,67,67,67,67],"floor_reached":16,"playtime":567,"items_purged":[],"score":156,"play_id":"1ac98bda-721e-4766-9689-aa210b300c6f","local_time":"20201223143708","is_ascension_mode":true,"campfire_choices":[{"data":"Neutralize","floor":6,"key":"SMITH"},{"data":"Predator","floor":13,"key":"SMITH"},{"data":"Deadly Poison","floor":15,"key":"SMITH"}],"circlet_count":0,"master_deck":["AscendersBane","Strike_G","Strike_G","Strike_G","Strike_G","Strike_G","Defend_G","Defend_G","Defend_G","Defend_G","Defend_G","Survivor","Neutralize+1","Dagger Throw","Deadly Poison+1","Dagger Spray","Well Laid Plans","Leg Sweep","Predator+1","Deadly Poison+1"],"relics":["Ring of the Snake","Dream Catcher","Regal Pillow","Happy Flower","Blood Vial"],"acts_visited":["Exordium"],"potions_floor_usage":[7,16],"damage_taken":[{"damage":0,"enemies":"Small Slimes","floor":1,"turns":4},{"damage":5,"enemies":"2 Louse","floor":2,"turns":3},{"damage":4,"enemies":"Cultist","floor":3,"turns":4},{"damage":1,"enemies":"Exordium Wildlife","floor":4,"turns":3},{"damage":21,"enemies":"3 Sentries","floor":7,"turns":12},{"damage":0,"enemies":"Blue Slaver","floor":11,"turns":4},{"damage":0,"enemies":"Exordium Thugs","floor":12,"turns":4},{"damage":3,"enemies":"Looter","floor":14,"turns":3},{"damage":43,"enemies":"Slime Boss","floor":16,"turns":8}],"seed_played":"-4277323172954980574","potions_obtained":[{"floor":1,"key":"Slimebound:ThreeZeroPotion"},{"floor":2,"key":"SteroidPotion"},{"floor":7,"key":"Strength Potion"},{"floor":12,"key":"sneckomod:MuddlingPotion"}],"is_trial":false,"path_per_floor":["M","M","M","M","?","R","E","$","T","?","M","M","R","M","R","B"],"character_chosen":"THE_SILENT","items_purchased":["Leg Sweep","Happy Flower"],"campfire_rested":0,"item_purchase_floors":[8,8],"current_hp_per_floor":[63,58,54,53,53,53,32,32,32,37,39,41,41,40,40,0,0],"gold":67,"neow_bonus":"RANDOM_COMMON_RELIC","is_daily":false,"chose_seed":false,"campfire_upgraded":3,"win_rate":0.0,"timestamp":1608734228,"path_taken":["M","M","M","M","?","R","E","$","T","?","M","M","R","M","R","BOSS"],"items_purchased_type":["Card","Relic"],"build_version":"2020-12-13","purchased_purges":0,"victory":false,"max_hp_per_floor":[70,70,70,70,70,70,70,70,70,75,75,75,75,75,75,75,75],"card_choices":[{"not_picked":["Accuracy","Catalyst"],"picked":"Dagger Throw","floor":1},{"not_picked":["Bane","Slice"],"picked":"Deadly Poison","floor":2},{"not_picked":["Deadly Poison","Deflect"],"picked":"Dagger Spray","floor":3},{"not_picked":["Backflip","Dagger Spray","Outmaneuver"],"picked":"SKIP","floor":4},{"not_picked":["Bane","Burst"],"picked":"Well Laid Plans","floor":7},{"not_picked":["Sucker Punch","Blur","Concentrate"],"picked":"SKIP","floor":11},{"not_picked":["Prepared","Finisher"],"picked":"Predator","floor":12},{"not_picked":["Riddle With Holes","Calculated Gamble"],"picked":"Deadly Poison","floor":14}],"player_experience":501522,"relics_obtained":[{"floor":7,"key":"Regal Pillow"},{"floor":9,"key":"Blood Vial"}],"event_choices":[{"damage_healed":0,"gold_gain":0,"player_choice":"Grow","damage_taken":0,"max_hp_gain":0,"max_hp_loss":0,"event_name":"Living Wall","floor":5,"gold_loss":0,"cards_upgraded":["Deadly Poison"]},{"damage_healed":0,"gold_gain":0,"player_choice":"Donut","damage_taken":0,"max_hp_gain":5,"max_hp_loss":0,"event_name":"Big Fish","floor":10,"gold_loss":0}],"is_beta":false,"boss_relics":[],"items_purged_floors":[],"is_endless":false,"potions_floor_spawned":[1,2,7,12],"killed_by":"Slime Boss","ascension_level":10}}