{"host":"k2x36244ucab5lxq","time":1608686740,"event":{"mods":["2.2 Compatiblity","AchievementEnabler","Act Like it!","Aspiration","BaseMod","Beaked The Cultist","Bestiary","Better Altar","Better Match","Better Note","Better Sensory Stone","Better Skull","Better Third Choice","Better Vampires","BetterRewards","Block Reminder","CatGirl Mod","Clawfect","Clockwork Mod","Colored Map","Conspire","Curses Come First","Downfall","Energized Spire","Gensokyo","GungeonMod","Halation","Hermit","Hubris","Infinite Spire","Jedi Mod","JesterMod","Jorbs\u0027s Wanderer Trilogy","Marisa????????","Marked Mod","Mimic Mod","Minty Spire (QoL Compilation)","Pale of the Ancients","Random Character Button","Rare Cards Sparkle","Relic Sorter","Relic Stats","Replay The Spire","SCP261 Mod","Shop Mod","StSLib","The Administrix","The Alterego","The Blackbeard","The Bladedancer","The Construct","The Cursed","The Disciple","The Judge","The Necromancer","The Problem Sleuth","The Sage","The Servant 0.9.4","The Showman","Transform Curses","Unceasing Turn Reminder","Virulent Crown","egg","everything is the same but u backflip on backflip","slay the spire mod where everything is the same but ironclad has a cowboy hat","thorton"],"gold_per_floor":[99,117,135,135,135,165,191,22,122,138,63,76,1,14,28,132,132,132,247,258,258,258,271,271,24,24,53,38,54,54,65,82,82,82,82],"floor_reached":33,"playtime":1402,"items_purged":["Shame"],"score":350,"play_id":"f9fae89d-e47b-4e48-902a-a0b856bffdc8","local_time":"20201222202540","is_ascension_mode":true,"campfire_choices":[{"floor":1.0,"key":"RECALL"},{"floor":11.0,"key":"REST"},{"floor":13.0,"key":"REST"},{"data":"champ:SteelEdge","floor":18.0,"key":"SMITH"},{"floor":26.0,"key":"REST"},{"floor":30,"key":"REST"}],"circlet_count":0,"master_deck":["champ:Strike","champ:Strike","champ:Strike","champ:Strike+1","champ:Defend","champ:Defend+1","champ:Defend+1","champ:Defend","champ:Execute+1","champ:Taunt+1","champ:BerserkersShout+1","champ:PerfectedStrike+1","champ:ViciousMockery","champ:Shatter+1","champ:Encircle","champ:RecklessLeap","champ:SteelEdge+1","champ:Lariat","champ:ArenaPreparation+1","jedi:frostbite","champ:Duel+1","champ:BerserkerStyle","champ:AdrenalArmor","champ:CrookedStrike"],"relics":["champ:ChampionCrown","hubris:Icosahedron","halation:EternalFortune","jedi:arcanewood","Gremlin Food","champ:Barbells","downfall:HeartBlessingRed","downfall:HeartBlessingGreen","energizedSpire:EnergizedDie","hubris:SlimyHat"],"acts_visited":["Exordium","TheCity"],"potions_floor_usage":[33,33],"damage_taken":[{"damage":17.0,"enemies":"Small Slimes","floor":2.0,"turns":4.0},{"damage":18.0,"enemies":"Jaw Worm","floor":3.0,"turns":5.0},{"damage":109.0,"enemies":"Lagavulin","floor":6.0,"turns":10.0},{"damage":10.0,"enemies":"downfall:FleeingMerchant","floor":8.0,"turns":4.0},{"damage":8.0,"enemies":"2 Louse","floor":10.0,"turns":3.0},{"damage":5.0,"enemies":"Exordium Wildlife","floor":12.0,"turns":3.0},{"damage":5.0,"enemies":"2 Fungi Beasts","floor":14.0,"turns":2.0},{"damage":15.0,"enemies":"Large Slime","floor":15.0,"turns":4.0},{"damage":94.0,"enemies":"downfall:Silent","floor":16.0,"turns":6.0},{"damage":39.0,"enemies":"3 Byrds","floor":19.0,"turns":4.0},{"damage":65.0,"enemies":"Snake Plant","floor":20.0,"turns":4.0},{"damage":15.0,"enemies":"Centurion and Healer","floor":23.0,"turns":5.0},{"damage":36.0,"enemies":"downfall:FleeingMerchant","floor":25.0,"turns":4.0},{"damage":92.0,"enemies":"Gremlin Leader","floor":27.0,"turns":7.0},{"damage":44,"enemies":"downfall:FleeingMerchant","floor":28,"turns":4},{"damage":53,"enemies":"conspire:HollyBat","floor":29,"turns":8},{"damage":17,"enemies":"Sentry and Sphere","floor":31,"turns":3},{"damage":53,"enemies":"Centurion and Healer","floor":32,"turns":5},{"damage":58,"enemies":"downfall:Defect","floor":33,"turns":3}],"seed_played":"-2488740148682573397","potions_obtained":[{"floor":2.0,"key":"LiquidBronze"},{"floor":10.0,"key":"Milkshake"},{"floor":16.0,"key":"construct:ShiftPotion"},{"floor":19.0,"key":"Energy Potion"},{"floor":27.0,"key":"SCP261:BarrettColaPotion"},{"floor":32,"key":"ColorlessPotion"}],"is_trial":false,"path_per_floor":["R","M","M","?","?","E","T","$","?","M","R","M","R","M","M","B",null,"R","M","M","?","?","M","T","$","R","E","$","M","R","M","M","B"],"character_chosen":"THE_CHAMP","items_purchased":["champ:Barbells","champ:BerserkerStyle","Adrenaline Potion"],"campfire_rested":4,"item_purchase_floors":[8,25,25],"current_hp_per_floor":[81,74,67,70,70,32,32,28,28,26,53,53,80,80,75,15,74,74,73,41,41,41,37,37,37,67,49,49,24,54,54,44,0,0,0],"gold":82,"neow_bonus":"UPGRADE_CARD","is_daily":false,"chose_seed":false,"campfire_upgraded":1,"win_rate":0.0,"timestamp":1608686740,"path_taken":["R","M","M","?","?","E","T","$","?","M","R","?","R","M","M","BOSS","R","M","M","?","?","?","T","$","R","E","?","M","R","?","M","BOSS"],"items_purchased_type":["Relic","Card","Potion"],"build_version":"2020-12-13","purchased_purges":1,"victory":false,"max_hp_per_floor":[90,90,90,93,93,93,93,93,93,93,93,93,93,93,93,93,93,93,101,101,101,101,101,101,101,101,101,101,101,101,101,101,101,101,101],"relic_stats":{"counters":[19,88],"obtain_stats":[{"Gremlin Food":7,"champ:Barbells":8,"hubris:Icosahedron":5,"downfall:HeartBlessingRed":11,"halation:EternalFortune":4,"energizedSpire:EnergizedDie":17,"champ:ChampionCrown":0,"downfall:HeartBlessingGreen":13,"DemoMod:GlassGuonStoneRelic":2,"hubris:SlimyHat":27,"jedi:arcanewood":6},{"Gremlin Food":3,"champ:Barbells":4,"hubris:Icosahedron":2,"downfall:HeartBlessingRed":5,"halation:EternalFortune":2,"energizedSpire:EnergizedDie":9,"champ:ChampionCrown":0,"downfall:HeartBlessingGreen":6,"DemoMod:GlassGuonStoneRelic":1,"hubris:SlimyHat":14,"jedi:arcanewood":3},{"Gremlin Food":19,"champ:Barbells":23,"hubris:Icosahedron":9,"downfall:HeartBlessingRed":26,"halation:EternalFortune":9,"energizedSpire:EnergizedDie":41,"champ:ChampionCrown":0,"downfall:HeartBlessingGreen":29,"DemoMod:GlassGuonStoneRelic":4,"hubris:SlimyHat":65,"jedi:arcanewood":19}]},"card_choices":[{"not_picked":["champ:HeartStrike","champ:Balance"],"picked":"champ:BerserkersShout","floor":2.0},{"not_picked":["champ:FocusedDefense","champ:RapidStrikes"],"picked":"champ:FightOn","floor":3.0},{"not_picked":["champ:FightOn","champ:RapidStrikes"],"picked":"champ:PerfectedStrike","floor":6.0},{"not_picked":["champ:RageSigil","champ:RecklessLeap"],"picked":"champ:ViciousMockery","floor":8.0},{"not_picked":["champ:BerserkersShout","champ:SwordSigil","champ:BringItOn"],"picked":"SKIP","floor":10.0},{"not_picked":["champ:FanOfKnives","champ:CrookedStrike"],"picked":"champ:Shatter","floor":12.0},{"not_picked":["champ:Haymaker","champ:BringItOn"],"picked":"champ:Encircle","floor":14.0},{"not_picked":["champ:StanceDance","champ:GladiatorsShout"],"picked":"champ:RecklessLeap","floor":15.0},{"not_picked":["champ:DancingMaster","champ:EnchantShield"],"picked":"champ:SteelEdge","floor":16.0},{"not_picked":["champ:FaceSlap","champ:Encircle"],"picked":"champ:Lariat","floor":19.0},{"not_picked":["champ:FanOfKnives","champ:StanceDance","champ:FlashCut"],"picked":"SKIP","floor":20.0},{"not_picked":["champ:CrookedStrike","champ:FaceSlap"],"picked":"champ:ArenaPreparation","floor":23.0},{"not_picked":["champ:GladiatorsShout+1","champ:Aggression+1"],"picked":"champ:Duel","floor":25.0},{"not_picked":["champ:ShieldSigil","champ:DefensiveShout","champ:RecklessLeap+1"],"picked":"SKIP","floor":27.0},{"not_picked":["champ:HeartStrike","champ:FightOn"],"picked":"champ:AdrenalArmor","floor":28},{"not_picked":["champ:FanOfKnives","champ:Circumvent"],"picked":"champ:CrookedStrike","floor":29},{"not_picked":["champ:DefensiveStyle","champ:Encircle+1","champ:ArenaPreparation"],"picked":"SKIP","floor":31},{"not_picked":["champ:BringItOn","champ:TornadoPunch+1","champ:DancingMaster"],"picked":"SKIP","floor":32}],"player_experience":565669,"relics_obtained":[{"floor":6.0,"key":"jedi:arcanewood"},{"floor":7.0,"key":"Gremlin Food"},{"floor":19.0,"key":"halation:EternalFortune"},{"floor":27.0,"key":"hubris:SlimyHat"}],"event_choices":[],"is_beta":false,"boss_relics":[{"not_picked":["Ectoplasm","conspire:RoyalGoblet"],"picked":"energizedSpire:EnergizedDie"}],"items_purged_floors":[25],"is_endless":false,"potions_floor_spawned":[2,10,15,16,19,23,27,32],"killed_by":"downfall:Defect","ascension_level":6}}