{"host":"fmwbmnqnrup981we","time":1608720869,"event":{"mods":["AchievementEnabler","Act Like it!","BaseMod","Better Match","Better Note","Better Skull","Better Synergies","Better Third Choice","Better Vampires","Block Reminder","Curses Come First","Downfall","Duelist Mod","Elementarium","GungeonMod","HexUI Lib","HornydragonMod","Marked Mod","Minty Spire (QoL Compilation)","Pikachu Mod","Quick Restart","Relic Stats","SIMod","StSLib","The Bug Knight","The Death Knight","The Forsaken","The Marked","The Necromancer","The Runesmith","The Servant 0.9.4","The Wild Card","TheHero","TheVacant","TheVelvet","Transform Curses","Waifu the Spire","Yuri Mod","everything is the same but u backflip on backflip"],"gold_per_floor":[115,130,154,7,23,58,58,84,132,165,193,23,34,48,48,146,146,86,96,96,96,111,143,143,18,18,43,43,54,8,28,28,128,128,145,159,9,27,27,27,27,27],"floor_reached":41,"playtime":1956,"items_purged":["Defend_G","Strike_G","Pain","Strike_G"],"score":526,"play_id":"aeb79950-5d49-49d6-ab5c-8a367d96fd85","local_time":"20201223105429","is_ascension_mode":false,"campfire_choices":[{"floor":15,"key":"RECALL"},{"data":"Terror","floor":24,"key":"SMITH"},{"data":"Distraction","floor":28,"key":"SMITH"},{"data":"Storm of Steel","floor":32,"key":"SMITH"},{"data":"Footwork","floor":40,"key":"SMITH"}],"circlet_count":0,"master_deck":["Strike_G","Strike_G","Strike_G","Defend_G","Defend_G","Defend_G","Defend_G","Survivor","Neutralize","Discovery","Footwork+1","Cloak And Dagger","Terror+1","Escape Plan","Deflect","Distraction+1","Good Instincts","Footwork","Storm of Steel+1","Noxious Fumes+1","Blade Dance+1","Deflect","Slice","Bullet Time","Escape Plan","Setup+1"],"relics":["Ring of the Snake","DemoMod:ClearGuonStone","Bronze Scales","Akabeko","MawBank","Coffee Dripper","WarpedTongs","Happy Flower","Tingsha","Boot","theForsaken:PaleLantern"],"acts_visited":["Exordium","TheCity","TheBeyond"],"potions_floor_usage":[18,18,23,33,36,38],"damage_taken":[{"damage":0,"enemies":"Cultist","floor":1,"turns":4},{"damage":1,"enemies":"Jaw Worm","floor":2,"turns":5},{"damage":0,"enemies":"Small Slimes","floor":5,"turns":4},{"damage":3,"enemies":"HollowMod:MossKnight","floor":6,"turns":7},{"damage":0,"enemies":"3 Sentries","floor":8,"turns":8},{"damage":3,"enemies":"Lagavulin","floor":10,"turns":6},{"damage":0,"enemies":"Red Slaver","floor":11,"turns":3},{"damage":1,"enemies":"Gremlin Gang","floor":13,"turns":5},{"damage":6,"enemies":"Lots of Slimes","floor":14,"turns":4},{"damage":1,"enemies":"Hexaghost","floor":16,"turns":13},{"damage":6,"enemies":"2 Thieves","floor":18,"turns":4},{"damage":0,"enemies":"Shell Parasite","floor":19,"turns":4},{"damage":7,"enemies":"Centurion and Healer","floor":22,"turns":7},{"damage":29,"enemies":"Gremlin Leader","floor":23,"turns":8},{"damage":13,"enemies":"theDuelist:KaibaA2","floor":27,"turns":3},{"damage":0,"enemies":"Chosen and Byrds","floor":29,"turns":4},{"damage":0,"enemies":"Snake Plant","floor":31,"turns":2},{"damage":0,"enemies":"Automaton","floor":33,"turns":11},{"damage":0,"enemies":"Orb Walker","floor":35,"turns":4},{"damage":32,"enemies":"3 Darklings","floor":36,"turns":6},{"damage":29,"enemies":"Transient","floor":38,"turns":5},{"damage":12,"enemies":"Jaw Worm Horde","floor":41,"turns":2}],"seed_played":"-834039326534816766","potions_obtained":[{"floor":5,"key":"Explosive Potion"},{"floor":8,"key":"DemoMod:LeadSkinPotion"},{"floor":10,"key":"Block Potion"},{"floor":13,"key":"LiquidMemories"},{"floor":19,"key":"ColorlessPotion"},{"floor":23,"key":"EssenceOfSteel"},{"floor":36,"key":"Fire Potion"},{"floor":38,"key":"DemoMod:LeadSkinPotion"}],"is_trial":false,"path_per_floor":["M","M","T","$","M","E","?","E","T","E","M","$","M","M","R","B",null,"M","M","?","?","M","E","R","$","T","E","R","M","$","M","R","B",null,"M","M","$","M","$","R","M"],"character_chosen":"THE_SILENT","items_purchased":["Terror","Good Instincts","Slice"],"campfire_rested":0,"item_purchase_floors":[4,12,30],"current_hp_per_floor":[70,69,69,69,69,66,66,66,66,63,63,63,62,56,56,55,70,64,64,64,64,57,28,28,28,28,15,15,15,15,15,15,15,70,70,38,38,9,9,9,0,0],"gold":27,"neow_bonus":"RANDOM_COLORLESS","is_daily":false,"chose_seed":false,"campfire_upgraded":4,"win_rate":0.0,"timestamp":1608720869,"path_taken":["M","?","?","$","?","E","?","E","T","E","M","?","M","M","R","BOSS","M","M","?","?","?","E","R","?","T","E","R","?","$","M","R","BOSS","M","M","$","M","?","R","M"],"items_purchased_type":["Card","Card","Card"],"build_version":"2020-12-22","purchased_purges":4,"victory":false,"max_hp_per_floor":[70,70,70,70,70,70,70,70,70,70,70,70,70,70,70,70,70,70,70,70,70,70,70,70,70,70,70,70,70,70,70,70,70,70,70,70,70,70,70,70,70,70],"relic_stats":{"Happy Flower":[12],"counters":[22,119],"Bronze Scales":[330],"Tingsha":[39],"MawBank":24,"Boot":[38],"obtain_stats":[{"Happy Flower":23,"Bronze Scales":6,"Tingsha":26,"DemoMod:GlassGuonStoneRelic":5,"theForsaken:PaleLantern":34,"Coffee Dripper":17,"DemoMod:ClearGuonStone":3,"MawBank":10,"Boot":27,"Akabeko":8,"Ring of the Snake":0,"WarpedTongs":21},{"Happy Flower":14,"Bronze Scales":4,"Tingsha":14,"DemoMod:GlassGuonStoneRelic":3,"theForsaken:PaleLantern":18,"Coffee Dripper":10,"DemoMod:ClearGuonStone":2,"MawBank":6,"Boot":15,"Akabeko":5,"Ring of the Snake":0,"WarpedTongs":12},{"Happy Flower":82,"Bronze Scales":20,"Tingsha":82,"DemoMod:GlassGuonStoneRelic":13,"theForsaken:PaleLantern":102,"Coffee Dripper":59,"DemoMod:ClearGuonStone":9,"MawBank":34,"Boot":85,"Akabeko":28,"Ring of the Snake":0,"WarpedTongs":67}],"Ring of the Snake":[44],"WarpedTongs":[52]},"card_choices":[{"not_picked":["expansioncontent:DefensiveMode","expansioncontent:GuardianWhirl"],"picked":"Discovery","floor":0},{"not_picked":["PiercingWail","Deadly Poison"],"picked":"Footwork","floor":1},{"not_picked":["Acrobatics","Predator"],"picked":"Cloak And Dagger","floor":2},{"not_picked":["Terror","Poisoned Stab","Burst"],"picked":"SKIP","floor":5},{"not_picked":["Deadly Poison","Underhanded Strike"],"picked":"Escape Plan","floor":6},{"not_picked":["Acrobatics","Die Die Die"],"picked":"Deflect","floor":8},{"not_picked":["Prepared","Finisher"],"picked":"Distraction","floor":10},{"not_picked":["Dodge and Roll","Dagger Spray","Dagger Throw"],"picked":"SKIP","floor":11},{"not_picked":["Sucker Punch","Dodge and Roll","Underhanded Strike"],"picked":"SKIP","floor":13},{"not_picked":["Well Laid Plans","Outmaneuver"],"picked":"Footwork","floor":14},{"not_picked":["Die Die Die","Wraith Form v2"],"picked":"Storm of Steel","floor":16},{"not_picked":["PiercingWail","Reflex"],"picked":"Noxious Fumes+1","floor":18},{"not_picked":["Expertise","Outmaneuver"],"picked":"Blade Dance+1","floor":19},{"not_picked":["Poisoned Stab","Acrobatics","Flying Knee"],"picked":"SKIP","floor":22},{"not_picked":["Setup","Reflex","Expertise"],"picked":"SKIP","floor":23},{"not_picked":["Corpse Explosion","Dash","Bane"],"picked":"SKIP","floor":27},{"not_picked":["Underhanded Strike","Skewer"],"picked":"Deflect","floor":29},{"not_picked":["Prepared","Predator","Bane"],"picked":"SKIP","floor":31},{"not_picked":["Burst","Wraith Form v2"],"picked":"Bullet Time","floor":33},{"not_picked":["Crippling Poison+1","Deflect"],"picked":"Escape Plan","floor":35},{"not_picked":["Prepared","Catalyst","Deadly Poison"],"picked":"SKIP","floor":36},{"not_picked":["Tactician+1","Bouncing Flask"],"picked":"Setup+1","floor":38}],"player_experience":403639,"relics_obtained":[{"floor":3,"key":"DemoMod:ClearGuonStone"},{"floor":6,"key":"Bronze Scales"},{"floor":8,"key":"Akabeko"},{"floor":10,"key":"MawBank"},{"floor":23,"key":"Happy Flower"},{"floor":26,"key":"Tingsha"},{"floor":27,"key":"Boot"}],"event_choices":[{"cards_removed":["Storm of Steel"],"damage_healed":0,"gold_gain":0,"player_choice":"Give","damage_taken":0,"max_hp_gain":0,"max_hp_loss":0,"event_name":"betterNote:BetterNote","floor":20,"gold_loss":0,"cards_obtained":["DemoMod:Strike_Huntress"]},{"damage_healed":0,"gold_gain":0,"player_choice":"Rummage","damage_taken":0,"relics_obtained":["WarpedTongs"],"max_hp_gain":0,"max_hp_loss":0,"event_name":"Accursed Blacksmith","floor":21,"gold_loss":0,"cards_obtained":["Pain"]}],"is_beta":false,"boss_relics":[{"not_picked":["Runic Pyramid","Cursed Key"],"picked":"Coffee Dripper"},{"not_picked":["Velvet Choker","Runesmith:UraniumAnvil"],"picked":"theForsaken:PaleLantern"}],"items_purged_floors":[4,12,25,37],"is_endless":false,"potions_floor_spawned":[5,8,10,13,19,23,36,38],"killed_by":"Jaw Worm Horde","ascension_level":0}}