{"host":"hb4vxw74c1uv2sb0","time":1608712465,"event":{"mods":["AchievementEnabler","AlwaysNeverKeys","Aspiration","BaseMod","Better Altar","Better Match","Better Sensory Stone","Better Skull","Better Third Choice","BetterRewards","CCEM","Card Forge","Colored Map","Colored Powertips","Conspire","Defuse TimeMaze Blight","Energized Spire","GifTheSpireLib","Googly Eyes","Highlight Path","Infinite Spire","JesterMod","Jorbs\u0027s Wanderer Trilogy","Luminous","Mad Scientist","Marisa????????","Minty Spire (QoL Compilation)","Permanent Neow","Replay The Spire","Shade Mod","Shop Mod","StSLib","The Cursed","The Death Knight","The Forsaken","The Hierophant","The Necromancer","The Servant 0.9.4"],"gold_per_floor":[109,129,149,149,6,32,51,51,51,64,64,97,97,108,108,203,203,213,59,359,359,107,134,134,153,153,181,200,216,216,233,233,338,338,354,354,98,108,118,118,145,162,187,206,206,256,282,298,298,298,298,298,89,120,120],"floor_reached":56,"playtime":7968,"items_purged":["Shade:Strike_Shade","Shade:TouchOfTheGrave","Shade:Strike_Shade","theForsaken:PlagueCurse"],"score":1696,"play_id":"148361b0-6962-41cc-b631-57123467d496","local_time":"20201223003425","is_ascension_mode":true,"campfire_choices":[{"floor":8,"key":"REST"},{"data":"Shade:AuraOfUnlife","floor":11,"key":"SMITH"},{"data":"Shade:LichForm","floor":13,"key":"SMITH"},{"floor":15,"key":"REST"},{"data":"Apotheosis","floor":30,"key":"SMITH"},{"data":"infinitespire:Collect","floor":32,"key":"SMITH"},{"data":"Shade:OfferingToTheBeyond","floor":40,"key":"SMITH"},{"data":"Shade:Bonestorm","floor":45,"key":"SMITH"},{"floor":49,"key":"DIG"},{"floor":52,"key":"DIG"}],"circlet_count":0,"master_deck":["Shade:Defend_Shade","Shade:Defend_Shade","Shade:AnimateDead","Shade:CarefulCut","Shade:StitchTogether","Shade:FleshToFlesh","Shade:AuraOfUnlife+1","Shade:CommandSoldier","Shade:Trample","Shade:Trample","Shade:AblativeArmor","Shade:FreshBones","ReplayTheSpireMod:Splinters","Shade:FingerOfDeath","Shade:FleshLikeOak","Shade:FleshLikeOak","Shade:Bonestorm+1","Shade:BoneShards","Shade:LichForm+1","Shade:Excise","Shade:SoulToxin","Shade:Coordination","Shade:SkeletonHug","infinitespire:Collect+1","infinitespire:Gouge","Apotheosis+1","Shade:FleshToFlesh","Shade:StitchTogether","Shade:OfferingToTheBeyond+1","Shade:SoulPierce","Shade:CloudOfShrapnel","Shade:Putrefaction","Shade:FleshToFlesh","Shade:CommandSoldier+1","Shade:ScuttlingHand","Shade:GreyBargain","Shade:Brains+1","Shade:FleshOffering","Shade:AuraOfUnlife+1","Shade:SensePrey","Shade:SensePrey","Shade:StitchTogether+1"],"relics":["Shade:YorickSkull","Hammer of Thor","Seething Fire","Anvil of the Gods","Bottled Tornado","MerchantsRug","Replay:PocketPolymizer","Blue Doll","CCEMRelics:FryingPan","Centennial Puzzle","Question Card","Cursed Key","Medical Kit","Busted Crown","Old Coin","Replay:Bottled Steam","Bloody Idol","conspire:BottledYoYo","infinitespire:CheckeredPen","infinitespire:Cupcake","ClockworkSouvenir","Bird Faced Urn","theForsaken:Lifeblossom","Shovel","Ginger","aspiration:FrozenJewel","conspire:DeflatedDodgeball","Replay:Rubber Ducky"],"acts_visited":["Exordium","TheCity","TheBeyond","TheEnding"],"potions_floor_usage":[7,16,25,33,42,48,54],"damage_taken":[{"damage":0,"enemies":"Jaw Worm","floor":1,"turns":6},{"damage":0,"enemies":"conspire:RoseBush","floor":2,"turns":4},{"damage":39,"enemies":"3 Sentries","floor":6,"turns":10},{"damage":2,"enemies":"Cultist","floor":7,"turns":3},{"damage":10,"enemies":"3 Louse","floor":10,"turns":5},{"damage":18,"enemies":"Replay:BlueRogue","floor":12,"turns":8},{"damage":18,"enemies":"Large Slime","floor":14,"turns":5},{"damage":23,"enemies":"Slime Boss","floor":16,"turns":8},{"damage":15,"enemies":"conspire:FuzzyDice","floor":18,"turns":6},{"damage":0,"enemies":"conspire:SneckoGhost","floor":23,"turns":7},{"damage":2,"enemies":"Spheric Guardian","floor":25,"turns":5},{"damage":4,"enemies":"Replay:Snechameleon","floor":27,"turns":6},{"damage":9,"enemies":"conspire:HollyBat","floor":28,"turns":6},{"damage":5,"enemies":"Snecko","floor":29,"turns":4},{"damage":4,"enemies":"Centurion and Healer","floor":31,"turns":4},{"damage":0,"enemies":"Automaton","floor":33,"turns":6},{"damage":14,"enemies":"3 Shapes","floor":35,"turns":4},{"damage":5,"enemies":"Orb Walker","floor":38,"turns":4},{"damage":2,"enemies":"Transient","floor":39,"turns":5},{"damage":4,"enemies":"R_Hoarder","floor":41,"turns":6},{"damage":0,"enemies":"Spire Growth","floor":42,"turns":5},{"damage":14,"enemies":"4 Shapes","floor":44,"turns":4},{"damage":4,"enemies":"Mind Bloom Boss Battle","floor":46,"turns":5},{"damage":28,"enemies":"Nemesis","floor":47,"turns":5},{"damage":35,"enemies":"3 Darklings","floor":48,"turns":5},{"damage":57,"enemies":"conspire:OrnateMirror","floor":50,"turns":4},{"damage":2,"enemies":"Shield and Spear","floor":54,"turns":4},{"damage":27,"enemies":"The Heart","floor":55,"turns":7}],"seed_played":"-368123233022821117","potions_obtained":[{"floor":2,"key":"Weak Potion"},{"floor":7,"key":"SteroidPotion"},{"floor":12,"key":"Languid Potion"},{"floor":18,"key":"AttackPotion"},{"floor":28,"key":"Milkshake"},{"floor":31,"key":"DistilledChaos"},{"floor":33,"key":"Ancient Potion"},{"floor":42,"key":"Elixir"},{"floor":46,"key":"EntropicBrew"},{"floor":48,"key":"Block Potion"}],"is_trial":false,"path_per_floor":["M","M","?","?","$","E","M","R","T","M","R","E","R","M","R","B",null,"M","$","AVR","?","$","E","?","M","T","E","M","M","R","M","R","B",null,"M","?","$","M","M","R","E","M","T","M","R","?","E","M","R","B",null,"R","$","E","B",null],"character_chosen":"SHADE","items_purchased":["Shade:StitchTogether","Shade:FleshToFlesh","Shade:AuraOfUnlife","Shade:CommandSoldier","Bottled Tornado","Shade:Trample","Shade:TouchOfTheGrave","MerchantsRug","Blue Doll","Medical Kit","Apotheosis","Shade:FleshToFlesh","Shade:StitchTogether","Shade:FleshToFlesh","ClockworkSouvenir","Shade:AuraOfUnlife+1","Shade:SensePrey"],"campfire_rested":2,"item_purchase_floors":[0,0,0,0,0,0,0,0,5,19,22,22,22,37,37,53,53],"current_hp_per_floor":[65,65,65,65,65,33,31,50,50,62,62,51,51,33,52,36,65,57,57,57,64,64,64,15,65,65,65,65,65,65,65,65,65,65,56,56,56,63,65,65,65,65,65,65,65,65,53,50,50,65,65,65,65,65,47],"gold":120,"neow_bonus":"","is_daily":false,"chose_seed":false,"campfire_upgraded":6,"win_rate":0.0,"timestamp":1608712465,"path_taken":["M","M","?","?","$","E","M","R","T","M","R","E","R","M","R","BOSS","M","?","AVR","?","$","E","?","?","T","E","M","M","R","M","R","BOSS","M","?","$","M","M","R","E","M","T","?","R","?","E","M","R","BOSS","R","$","E","BOSS"],"items_purchased_type":["Card","Card","Card","Card","Relic","Card","Card","Relic","Relic","Relic","Card","Card","Card","Card","Relic","Card","Card"],"build_version":"2020-12-22","purchased_purges":4,"victory":true,"max_hp_per_floor":[65,65,65,65,65,65,65,65,65,65,65,65,65,65,65,65,65,65,65,65,65,65,65,65,65,65,65,65,65,65,65,65,65,65,65,65,65,65,65,65,65,65,65,65,65,65,65,65,65,65,65,65,65,65,65],"card_choices":[{"not_picked":["Shade:BoneShards","Shade:AncientSpear"],"picked":"Shade:AblativeArmor","floor":1},{"not_picked":["Shade:AncientSpear","Shade:Doomsay"],"picked":"Shade:FreshBones","floor":2},{"not_picked":["Shade:CommandSoldier","Shade:Bonestorm"],"picked":"Shade:FingerOfDeath","floor":3},{"not_picked":["Shade:CoffinDance","Shade:DangerousRitual"],"picked":"Shade:FleshLikeOak","floor":6},{"not_picked":["Shade:FeralStrike","Shade:OminousRitual"],"picked":"Shade:FleshLikeOak","floor":7},{"not_picked":["Shade:CommandSoldier","Shade:AblativeArmor"],"picked":"Shade:Bonestorm","floor":10},{"not_picked":["Shade:Carnophage","Shade:Doomsay"],"picked":"Shade:LichForm","floor":12},{"not_picked":["Shade:PotionOfRestlessness","Shade:SkeletonHug","Shade:Frenzy"],"picked":"Shade:SoulToxin","floor":14},{"not_picked":["Shade:DarkOfNight","Shade:OneIsEnough","Shade:OfferingToTheBeyond"],"picked":"Shade:Coordination","floor":16},{"not_picked":["Shade:Premonition","Shade:Patience","Shade:Brains"],"picked":"Shade:SkeletonHug","floor":18},{"not_picked":["Shade:FingerOfDeath+1"],"picked":"Shade:OfferingToTheBeyond","floor":23},{"not_picked":["Shade:StitchTogether"],"picked":"Shade:RitualOffering","floor":25},{"not_picked":["Shade:CommandSoldier","Shade:FingerOfDeath"],"picked":"SKIP","floor":27},{"not_picked":["Shade:PoundOfFlesh"],"picked":"Shade:SoulPierce","floor":28},{"not_picked":["Shade:AncientSpear","Shade:CommandSoldier+1"],"picked":"SKIP","floor":29},{"not_picked":["Shade:Excise+1","Shade:WallOfFlesh"],"picked":"SKIP","floor":31},{"not_picked":["Shade:UnbarTheGrave"],"picked":"Shade:Putrefaction","floor":33},{"not_picked":["Shade:ClawBack+1","Shade:BoneShards+1"],"picked":"SKIP","floor":35},{"not_picked":["Shade:FeralStrike+1","Shade:ScuttlingHand"],"picked":"SKIP","floor":38},{"not_picked":["Shade:FingerOfDeath"],"picked":"Shade:CommandSoldier+1","floor":39},{"not_picked":["Shade:Awaken","Shade:PotionOfRestlessness"],"picked":"SKIP","floor":41},{"not_picked":["Shade:SoulToxin+1","Shade:SkeletonHug+1"],"picked":"SKIP","floor":42},{"not_picked":["Shade:Doomsay","Shade:Bonestorm+1"],"picked":"SKIP","floor":44},{"not_picked":["Shade:Doomsay","Shade:Bonestorm+1"],"picked":"SKIP","floor":44},{"not_picked":["Shade:PoundOfFlesh"],"picked":"Shade:GreyBargain","floor":46},{"not_picked":["Shade:Frenzy"],"picked":"Shade:Brains+1","floor":47},{"not_picked":["Shade:PoundOfFlesh+1"],"picked":"Shade:FleshOffering","floor":48},{"not_picked":["Shade:ClawBack"],"picked":"Shade:StitchTogether+1","floor":54}],"player_experience":661512,"relics_obtained":[{"floor":3,"key":"Replay:PocketPolymizer"},{"floor":6,"key":"CCEMRelics:FryingPan"},{"floor":9,"key":"Centennial Puzzle"},{"floor":12,"key":"Question Card"},{"floor":23,"key":"Replay:Bottled Steam"},{"floor":26,"key":"conspire:BottledYoYo"},{"floor":27,"key":"infinitespire:CheckeredPen"},{"floor":41,"key":"Bird Faced Urn"},{"floor":43,"key":"theForsaken:Lifeblossom"},{"floor":46,"key":"Shovel"},{"floor":47,"key":"Ginger"},{"floor":49,"key":"aspiration:FrozenJewel"},{"floor":52,"key":"conspire:DeflatedDodgeball"},{"floor":54,"key":"Replay:Rubber Ducky"}],"event_choices":[{"cards_removed":["Shade:Defend_Shade"],"damage_healed":0,"gold_gain":0,"player_choice":"Purged","damage_taken":0,"max_hp_gain":0,"max_hp_loss":0,"event_name":"Purifier","floor":4,"gold_loss":0},{"damage_healed":0,"gold_gain":0,"player_choice":" Potion Idol ","damage_taken":49,"relics_obtained":["Bloody Idol"],"max_hp_gain":64,"max_hp_loss":15,"event_name":"betterAltar:BetterAltar","floor":24,"potions_obtained":["betterAltar:AltarPotion"],"relics_lost":[],"gold_loss":0},{"damage_healed":0,"gold_gain":0,"player_choice":"Ignored","damage_taken":0,"max_hp_gain":0,"max_hp_loss":0,"event_name":"Purifier","floor":36,"gold_loss":0},{"damage_healed":0,"gold_gain":0,"player_choice":"Fight","damage_taken":0,"max_hp_gain":0,"max_hp_loss":0,"event_name":"MindBloom","floor":46,"gold_loss":0}],"is_beta":false,"boss_relics":[{"not_picked":["CCEMRelics:TransientCore","energizedSpire:EnergizedDie"],"picked":"Cursed Key"},{"not_picked":["Abe\u0027s Treasure","Painkiller Herb"],"picked":"infinitespire:Cupcake"}],"items_purged_floors":[0,20,37,53],"is_endless":false,"potions_floor_spawned":[2,7,12,18,28,31,33,39,42,46,48],"ascension_level":1}}