{"host":"4par9lyhj7bf4dsa","time":1608683235,"event":{"mods":["AchievementEnabler","BaseMod","Colored Map","Minty Spire (QoL Compilation)","Relic Stats","StSLib"],"gold_per_floor":[112,124,124,124,149,149,168,168,168,207,207,20,20,53,53,183,183,183,183,183,183,133,133,133,133,133,33,33,33,33,33,33,33,33],"floor_reached":33,"playtime":1114,"items_purged":["Strike_R","Strike_R"],"score":371,"play_id":"bcb28b7d-3949-4c8c-8508-8caf4a9ad4b9","local_time":"20201223112715","is_ascension_mode":true,"campfire_choices":[{"data":"Hemokinesis","floor":6.0,"key":"SMITH"},{"data":"Bash","floor":8,"key":"SMITH"},{"data":"Wild Strike","floor":11,"key":"SMITH"},{"floor":15,"key":"REST"},{"floor":23,"key":"REST"},{"floor":28,"key":"REST"},{"data":"Feel No Pain","floor":32,"key":"SMITH"}],"circlet_count":0,"master_deck":["Strike_R","Strike_R+1","Defend_R+1","Defend_R","Defend_R","Defend_R","Bash+1","Hemokinesis+1","Pummel","Wild Strike+1","Feel No Pain+1","Burning Pact","Fire Breathing","Corruption","Rage","True Grit","True Grit","Armaments+1","Reaper"],"relics":["Burning Blood","NeowsBlessing","Golden Idol","Dream Catcher","Charon\u0027s Ashes","Bag of Marbles","Shovel","Ectoplasm","Thread and Needle","Pen Nib"],"acts_visited":["TheCity"],"potions_floor_usage":[14,14,20,25],"damage_taken":[{"damage":0.0,"enemies":"Small Slimes","floor":1.0,"turns":1.0},{"damage":0.0,"enemies":"Jaw Worm","floor":2.0,"turns":1.0},{"damage":0.0,"enemies":"2 Louse","floor":7.0,"turns":1.0},{"damage":26,"enemies":"Gremlin Nob","floor":10,"turns":4},{"damage":12,"enemies":"Lagavulin","floor":14,"turns":3},{"damage":5,"enemies":"Slime Boss","floor":16,"turns":8},{"damage":25,"enemies":"Shell Parasite","floor":18,"turns":5},{"damage":3,"enemies":"Chosen","floor":19,"turns":4},{"damage":17,"enemies":"Snecko","floor":20,"turns":4},{"damage":28,"enemies":"Sentry and Sphere","floor":21,"turns":5},{"damage":30,"enemies":"Slavers","floor":24,"turns":5},{"damage":11,"enemies":"3 Cultists","floor":25,"turns":4},{"damage":10,"enemies":"Chosen and Byrds","floor":29,"turns":6},{"damage":2,"enemies":"Snake Plant","floor":30,"turns":3},{"damage":80,"enemies":"Collector","floor":33,"turns":6}],"seed_played":"8763250021405502890","potions_obtained":[{"floor":1.0,"key":"Energy Potion"},{"floor":2.0,"key":"Energy Potion"},{"floor":19,"key":"SteroidPotion"},{"floor":24,"key":"PowerPotion"},{"floor":25,"key":"Ancient Potion"},{"floor":29,"key":"DuplicationPotion"}],"is_trial":false,"path_per_floor":["M","M","?","?","T","R","M","R","T","E","R","$","?","E","R","B",null,"M","M","M","M","?","R","E","M","T","$","R","M","M","?","R","B"],"character_chosen":"IRONCLAD","items_purchased":["Feel No Pain","Burning Pact"],"campfire_rested":3,"item_purchase_floors":[12,12],"current_hp_per_floor":[78,80,80,60,60,60,66,66,66,46,46,46,30,24,48,49,72,53,56,45,23,23,47,23,18,18,18,42,38,50,50,50,0,0],"gold":33,"neow_bonus":"THREE_ENEMY_KILL","is_daily":false,"chose_seed":false,"campfire_upgraded":4,"win_rate":0.0,"timestamp":1608683235,"path_taken":["M","M","?","?","?","R","M","R","T","E","R","$","?","E","R","BOSS","M","M","M","M","?","R","E","M","T","?","R","M","M","?","R","BOSS"],"items_purchased_type":["Card","Card"],"build_version":"2020-12-13","purchased_purges":2,"victory":false,"max_hp_per_floor":[80,80,80,80,80,80,80,80,80,80,80,80,80,80,80,80,80,80,80,80,80,80,80,80,80,80,80,80,80,80,80,80,80,80],"relic_stats":{"Dream Catcher":3,"Shovel":0,"counters":[12,57],"Golden Idol":78,"Charon\u0027s Ashes":[290],"Ectoplasm":310,"Pen Nib":[2],"obtain_stats":[{"Dream Catcher":0,"Shovel":14,"NeowsBlessing":0,"Golden Idol":0,"Thread and Needle":24,"Charon\u0027s Ashes":9,"Ectoplasm":17,"Pen Nib":26,"Bag of Marbles":10,"Burning Blood":0},{"Dream Catcher":0,"Shovel":2,"NeowsBlessing":0,"Golden Idol":0,"Thread and Needle":8,"Charon\u0027s Ashes":0,"Ectoplasm":3,"Pen Nib":9,"Bag of Marbles":1,"Burning Blood":0},{"Dream Catcher":0,"Shovel":7,"NeowsBlessing":0,"Golden Idol":0,"Thread and Needle":38,"Charon\u0027s Ashes":0,"Ectoplasm":15,"Pen Nib":42,"Bag of Marbles":4,"Burning Blood":0}],"Burning Blood":66},"card_choices":[{"not_picked":["Clash","Burning Pact"],"picked":"Hemokinesis","floor":1.0},{"not_picked":["Wild Strike","Reckless Charge"],"picked":"Pummel","floor":2.0},{"not_picked":["Clash","Burning Pact"],"picked":"Wild Strike","floor":7},{"not_picked":["Body Slam","Demon Form","Twin Strike"],"picked":"SKIP","floor":10},{"not_picked":["Anger","Sword Boomerang","Flex"],"picked":"SKIP","floor":14},{"not_picked":["Twin Strike","Cleave"],"picked":"Fire Breathing","floor":15},{"not_picked":["Immolate","Barricade"],"picked":"Corruption","floor":16},{"not_picked":["Clash","Headbutt+1","Anger"],"picked":"SKIP","floor":18},{"not_picked":["Armaments","Perfected Strike"],"picked":"Rage","floor":19},{"not_picked":["Anger","Burning Pact"],"picked":"True Grit","floor":20},{"not_picked":["Intimidate","Thunderclap"],"picked":"True Grit","floor":21},{"not_picked":["Havoc+1","Clash","Iron Wave"],"picked":"SKIP","floor":24},{"not_picked":["Flex+1","Perfected Strike","Searing Blow"],"picked":"SKIP","floor":25},{"not_picked":["Thunderclap","Rupture"],"picked":"Armaments+1","floor":28},{"not_picked":["Ghostly Armor+1","Perfected Strike+1"],"picked":"Reaper","floor":29},{"not_picked":["Pommel Strike","Havoc","Armaments+1"],"picked":"SKIP","floor":30}],"player_experience":888842,"relics_obtained":[{"floor":5.0,"key":"Dream Catcher"},{"floor":9,"key":"Charon\u0027s Ashes"},{"floor":10,"key":"Bag of Marbles"},{"floor":14,"key":"Shovel"},{"floor":24,"key":"Thread and Needle"},{"floor":26,"key":"Pen Nib"}],"event_choices":[{"damage_healed":0.0,"max_hp_gain":0.0,"max_hp_loss":0.0,"gold_gain":0.0,"event_name":"Liars Game","player_choice":"Ignored","floor":3.0,"gold_loss":0.0,"damage_taken":0.0},{"damage_healed":0.0,"max_hp_gain":0.0,"max_hp_loss":0.0,"gold_gain":0.0,"event_name":"Golden Idol","player_choice":"Take Damage","floor":4.0,"gold_loss":0.0,"damage_taken":20.0,"relics_obtained":["Golden Idol"]},{"damage_healed":0,"gold_gain":0,"player_choice":"Entered Light","damage_taken":16,"max_hp_gain":0,"max_hp_loss":0,"event_name":"Shining Light","floor":13,"gold_loss":0,"cards_upgraded":["Strike_R","Defend_R"]},{"damage_healed":0,"gold_gain":100,"player_choice":"Bet on Murderer","damage_taken":0,"max_hp_gain":0,"max_hp_loss":0,"event_name":"The Joust","floor":22,"gold_loss":50},{"cards_removed":["Strike_R"],"damage_healed":0,"gold_gain":0,"player_choice":"Purged","damage_taken":0,"max_hp_gain":0,"max_hp_loss":0,"event_name":"Purifier","floor":31,"gold_loss":0}],"is_beta":false,"boss_relics":[{"not_picked":["SacredBark","Tiny House"],"picked":"Ectoplasm"}],"items_purged_floors":[12,27],"is_endless":false,"potions_floor_spawned":[1,2,19,24,25,29],"killed_by":"Collector","ascension_level":7}}