{"host":"fbjkyf8096sobcph","time":1608741962,"event":{"mods":["AchievementEnabler","Aspiration","Bard","BaseMod","Better Altar","Better Note","Better Sensory Stone","Better Skull","Better Third Choice","BetterRewards","CCEM","Clawfect","Colored Map","Conspire","Downfall","GifTheSpireLib","Halation","Highlight Path","Hubris","Infinite Spire","Jedi Mod","Jorbs\u0027s Wanderer Trilogy","Mimic Mod","Minty Spire (QoL Compilation)","Replay The Spire","Shop Mod","StSLib","Stuff the Spire","everything is the same but u backflip on backflip"],"gold_per_floor":[99,109,127,127,37,57,95,6,6,6,17,17,52,37,52,154,154,79,94,94,104,120,120,120,136,136,136,136,21,39,58,76,179,179,179,179,179,231,202,215,247,172,199,47,47,59,159,159,170,170],"floor_reached":51,"playtime":5261,"items_purged":["Pain","Regret"],"score":800,"play_id":"4be07069-1301-4372-bbf7-eb9f8b0e1739","local_time":"20201223174602","is_ascension_mode":false,"campfire_choices":[{"floor":1,"key":"DIG"},{"data":"Guardian:DonusPower","floor":12,"key":"SMITH"},{"data":"Guardian:RevengeProtocol","floor":18,"key":"SMITH"},{"data":"Guardian:TimeSifter","floor":23,"key":"SMITH"},{"data":"Guardian:FloatingOrbs","floor":26,"key":"SMITH"},{"data":"Guardian:ArmoredProtocol","floor":28,"key":"SMITH"},{"floor":35,"key":"RECALL"},{"data":"Guardian:TwinSlam","floor":42,"key":"SMITH"}],"circlet_count":0,"master_deck":["Guardian:Strike_Guardian","Guardian:Strike_Guardian","Guardian:Strike_Guardian","Guardian:Defend_Guardian","Guardian:Defend_Guardian","Guardian:Defend_Guardian","Guardian:Defend_Guardian","Guardian:CurlUp+1","Guardian:TwinSlam+1","Guardian:TemporalStrike+1","Guardian:DonusPower+1","Guardian:FloatingOrbs+1","Guardian:Gem_Crimson","Guardian:BronzeArmor","Guardian:RevengeProtocol+1","CurseOfTheBell","Guardian:TimeBomb+1","Guardian:Gem_Red","Guardian:TimeSifter+1","Guardian:PolyBeam","Guardian:SentryBeam","Guardian:Gem_Red","Guardian:TemporalStrike+1","Guardian:Suspension+1","Guardian:SpikerProtocol+1","Guardian:Gem_Lightblue","Guardian:TimeBomb+1","Guardian:Gem_Red","Guardian:ShieldCharger","Guardian:DecasProtection+1","hubris:DuctTapeCard","Guardian:StasisStrike+1","Pot Of Greed","Pot Of Greed","Pot Of Greed","Guardian:Gem_Green","infinitespire:TheBestDefense","Guardian:Gem_Blue","Guardian:Recover+1","Pot Of Greed"],"relics":["Guardian:ModeShifter","hubris:OldNail","WarpedTongs","Replay:Ringing Soul","Calling Bell","Gremlin Food","hubris:SphereOfDissonance","Ginger","downfall:HeartBlessingBlue","CCEMRelics:GrindingGear","Honey Jar","Bird Faced Urn","CCEMRelics:WrappedPresent","CCEMRelics:JestersCrown","CCEMRelics:OrganicArmor","jedi:kaleidoscope","downfall:HeartBlessingRed","hubris:DuctTape","Grinning Jar","Gambling Chip","infinitespire:Satchel"],"acts_visited":["Exordium","TheCity","TheBeyond"],"potions_floor_usage":[16,29,33,47],"damage_taken":[{"damage":2,"enemies":"Small Slimes","floor":2,"turns":4},{"damage":0,"enemies":"Cultist","floor":3,"turns":5},{"damage":3,"enemies":"downfall:FleeingMerchant","floor":5,"turns":4},{"damage":0,"enemies":"2 Louse","floor":6,"turns":3},{"damage":0,"enemies":"Large Slime","floor":7,"turns":7},{"damage":1,"enemies":"downfall:FleeingMerchant","floor":8,"turns":4},{"damage":13,"enemies":"Large Slime","floor":11,"turns":6},{"damage":8,"enemies":"Replay:BlueRogue","floor":13,"turns":4},{"damage":11,"enemies":"downfall:FleeingMerchant","floor":14,"turns":4},{"damage":0,"enemies":"2 Fungi Beasts","floor":15,"turns":3},{"damage":29,"enemies":"downfall:Silent","floor":16,"turns":9},{"damage":7,"enemies":"Chosen","floor":19,"turns":5},{"damage":10,"enemies":"conspire:FuzzyDice","floor":21,"turns":5},{"damage":17,"enemies":"Chosen and Byrds","floor":22,"turns":5},{"damage":5,"enemies":"Centurion and Healer","floor":25,"turns":4},{"damage":0,"enemies":"downfall:FleeingMerchant","floor":29,"turns":4},{"damage":9,"enemies":"Sentry and Sphere","floor":30,"turns":5},{"damage":14,"enemies":"Cultist and Chosen","floor":31,"turns":5},{"damage":12,"enemies":"Shelled Parasite and Fungi","floor":32,"turns":4},{"damage":2,"enemies":"downfall:Defect","floor":33,"turns":5},{"damage":39,"enemies":"2 Orb Walkers","floor":38,"turns":5},{"damage":0,"enemies":"downfall:FleeingMerchant","floor":39,"turns":4},{"damage":0,"enemies":"3 Darklings","floor":40,"turns":5},{"damage":0,"enemies":"3 Shapes","floor":41,"turns":8},{"damage":14,"enemies":"Giant Head","floor":43,"turns":6},{"damage":5,"enemies":"3 Shapes","floor":46,"turns":2},{"damage":21,"enemies":"infinitespire:Three Voidlings","floor":47,"turns":3},{"damage":95,"enemies":"Nightmare_Alpha","floor":47,"turns":8},{"damage":16,"enemies":"Writhing Mass","floor":49,"turns":4},{"damage":0,"enemies":"downfall:Ironclad","floor":50,"turns":5}],"seed_played":"-9102889652468962264","potions_obtained":[{"floor":6,"key":"Energy Potion"},{"floor":11,"key":"SneckoOil"},{"floor":13,"key":"Guardian:DefensiveModePotion"},{"floor":15,"key":"Milkshake"},{"floor":16,"key":"Explosive Potion"},{"floor":21,"key":"SteroidPotion"},{"floor":30,"key":"SkillPotion"},{"floor":33,"key":"Strength Potion"},{"floor":40,"key":"jedi:tentaclejuice"},{"floor":43,"key":"Guardian:DefensiveModePotion"},{"floor":46,"key":"Fruit Juice"},{"floor":49,"key":"SteroidPotion"}],"is_trial":false,"path_per_floor":["R_BF","M","M","?","$","M","MIM","$","?","?","M","R","E","$","M","B",null,"R","M","?","M","M","R","T","M","R","?","R","$","M","M","M","B",null,"R","?","?","?","$","M","MIM","R","E","$","NS","M","?","T","M","B",null],"character_chosen":"GUARDIAN","items_purchased":["Guardian:FloatingOrbs","CCEMRelics:WrappedPresent","CCEMRelics:JestersCrown","Grinning Jar"],"campfire_rested":0,"item_purchase_floors":[8,39,39,44],"current_hp_per_floor":[88,86,86,86,83,83,83,82,82,82,69,69,64,56,59,33,103,113,109,112,105,91,91,91,89,89,89,89,92,86,75,66,67,143,143,146,146,110,131,146,161,161,159,162,162,164,74,74,69,81],"gold":170,"neow_bonus":"TEN_PERCENT_HP_BONUS","is_daily":false,"chose_seed":false,"campfire_upgraded":6,"win_rate":0.0,"timestamp":1608741962,"path_taken":["R_BF","M","M","?","$","M","MIM","$","?","?","M","R","E","?","M","BOSS","R","M","?","?","M","R","T","M","R","?","R","?","M","M","M","BOSS","R","?","?","?","$","?","MIM","R","E","$","NS","M","?","?","M","BOSS"],"items_purchased_type":["Card","Relic","Relic","Relic"],"build_version":"2020-12-22","purchased_purges":2,"victory":true,"max_hp_per_floor":[88,88,88,88,88,88,88,88,88,88,88,88,91,94,97,100,103,113,116,119,122,125,125,125,128,128,128,128,131,134,137,140,143,143,143,146,146,149,157,160,163,163,166,169,169,172,180,180,183,183],"card_choices":[{"not_picked":["Guardian:ShieldCharger","Guardian:CrystalBeam"],"picked":"Guardian:EvasiveProtocol","floor":2},{"not_picked":["Guardian:Gem_Fragmented","Guardian:PrismaticBeam"],"picked":"Guardian:Gem_Purple","floor":3},{"not_picked":["Guardian:Recover","Guardian:Gem_Cyan"],"picked":"Guardian:Gem_Crimson","floor":5},{"not_picked":["Guardian:TemporalStrike","Guardian:TemporalShield"],"picked":"Guardian:ArmoredProtocol","floor":6},{"not_picked":["Guardian:Recover","Guardian:VentSteam"],"picked":"Guardian:TemporalStrike","floor":7},{"not_picked":["Guardian:ChargeCore","Guardian:TemporalStrike"],"picked":"Guardian:DonusPower","floor":8},{"not_picked":["Guardian:FloatingOrbs","Guardian:DonusPower"],"picked":"Guardian:Gem_Cyan","floor":11},{"not_picked":["Guardian:Gem_Cyan","Guardian:Recover"],"picked":"Guardian:Gem_Purple","floor":13},{"not_picked":["Guardian:Incinerate","Guardian:ShieldSpikes"],"picked":"Guardian:Gem_Crimson","floor":14},{"not_picked":["Guardian:Reroute","Guardian:Gem_Red"],"picked":"Guardian:BronzeArmor","floor":15},{"not_picked":["Guardian:AncientConstruct","Guardian:ConstructionForm"],"picked":"Guardian:RevengeProtocol","floor":16},{"not_picked":["Guardian:Incinerate+1","Guardian:MultiBeam"],"picked":"Guardian:TimeBomb+1","floor":19},{"not_picked":["Guardian:PolyBeam","Guardian:ChargeCore"],"picked":"Guardian:TimeSifter","floor":21},{"not_picked":["Guardian:VentSteam","Guardian:RollAttack"],"picked":"Guardian:PolyBeam","floor":22},{"not_picked":["Guardian:HyperBeam_Guardian","Guardian:Incinerate"],"picked":"Guardian:SentryBeam","floor":25},{"not_picked":["Guardian:Suspension","Guardian:WalkerClaw"],"picked":"Guardian:Gem_Red","floor":29},{"not_picked":["Guardian:CrystalBeam","Guardian:Gem_Cyan"],"picked":"Guardian:TemporalStrike+1","floor":30},{"not_picked":["Guardian:Clone","Guardian:RollAttack"],"picked":"Guardian:Suspension+1","floor":31},{"not_picked":["Guardian:ShieldCharger","Guardian:GuardianWhirl"],"picked":"Guardian:SpikerProtocol+1","floor":32},{"not_picked":["Guardian:HyperBeam_Guardian","Guardian:SphericShield"],"picked":"Guardian:Gem_Orange","floor":33},{"not_picked":["Guardian:DecasProtection","Guardian:PrimingBeam","Guardian:Reroute+1"],"picked":"Guardian:TimeBomb+1","floor":38},{"not_picked":["Guardian:PiercingHide+1","Guardian:Reroute","Guardian:ShieldSpikes"],"picked":"Guardian:Gem_Red","floor":39},{"not_picked":["Guardian:PrimingBeam","Guardian:EvasiveProtocol","Guardian:Gem_Red"],"picked":"Guardian:ShieldCharger","floor":40},{"not_picked":["Guardian:VentSteam+1","Guardian:Gem_Lightblue","Guardian:BronzeOrb"],"picked":"Guardian:DecasProtection+1","floor":41},{"not_picked":["Guardian:Planning+1","Guardian:PrimingBeam","Guardian:Incinerate+1"],"picked":"Guardian:StasisStrike","floor":43},{"not_picked":["Guardian:Preprogram+1","Guardian:Gem_Cyan","Guardian:Emergency+1"],"picked":"Guardian:Gem_Green","floor":46},{"not_picked":["hubris:Rewind","hubris:InfiniteBlow"],"picked":"infinitespire:TheBestDefense","floor":47},{"not_picked":["Guardian:DonusPower+1","Guardian:Suspension","Guardian:FloatingOrbs"],"picked":"Guardian:Gem_Blue","floor":47},{"not_picked":["Guardian:BronzeArmor","Guardian:PolyBeam+1","Guardian:HyperBeam_Guardian"],"picked":"Guardian:Recover+1","floor":49}],"player_experience":172666,"relics_obtained":[{"floor":1,"key":"hubris:OldNail"},{"floor":13,"key":"Replay:Ringing Soul"},{"floor":17,"key":"Gremlin Food"},{"floor":17,"key":"hubris:SphereOfDissonance"},{"floor":17,"key":"Ginger"},{"floor":24,"key":"CCEMRelics:GrindingGear"},{"floor":38,"key":"Bird Faced Urn"},{"floor":39,"key":"CCEMRelics:OrganicArmor"},{"floor":41,"key":"jedi:kaleidoscope"},{"floor":43,"key":"hubris:DuctTape"},{"floor":47,"key":"Gambling Chip"},{"floor":48,"key":"infinitespire:Satchel"}],"event_choices":[{"damage_healed":0,"gold_gain":0,"player_choice":"Ignored","damage_taken":0,"max_hp_gain":0,"max_hp_loss":0,"event_name":"betterNote:BetterNote","floor":27,"gold_loss":0,"cards_obtained":["Slimebound:Defend_Slimebound"]},{"damage_healed":0,"gold_gain":0,"player_choice":"Fight","damage_taken":0,"max_hp_gain":0,"max_hp_loss":0,"event_name":"Mysterious Sphere","floor":38,"gold_loss":0}],"is_beta":false,"boss_relics":[{"not_picked":["halation:PlatinumPhoenix","halation:Risk"],"picked":"Calling Bell"},{"not_picked":["Empty Cage","hubris:BlackHole"],"picked":"Honey Jar"}],"items_purged_floors":[5,29],"is_endless":false,"potions_floor_spawned":[6,11,13,15,16,21,30,32,33,40,43,46,49],"ascension_level":0}}