{"host":"sdjng9zhqonqi3uc","time":1608763638,"event":{"mods":["2.2 Compatiblity","AchievementEnabler","BaseMod","BetterRewards","Colored Powertips","Hero for Fun","Minty Spire (QoL Compilation)","StSLib","Td1madao Mod","The Animator","The Cursed","The Servant 0.9.4"],"gold_per_floor":[116,291,291,302,322,322,332,108,132,162,181,181,544,544,544,646,646,660,674,674,691,705,705,705,758,758,758,81,81,81,130,130,130,130],"floor_reached":33,"playtime":2055,"items_purged":["Defend_C","Strike_C"],"score":247,"play_id":"3c3cee2f-dc8e-419b-8d89-a4ddd91d3319","local_time":"20201223234718","is_ascension_mode":false,"campfire_choices":[{"data":"Weapon Shift","floor":6,"key":"SMITH"},{"data":"Twin Teeth","floor":12,"key":"SMITH"},{"floor":15,"key":"REST"},{"floor":23,"key":"REST"},{"data":"Im Angry","floor":27,"key":"SMITH"},{"data":"Afterwards","floor":29,"key":"SMITH"},{"data":"Floating Even","floor":32,"key":"SMITH"}],"circlet_count":0,"master_deck":["Strike_C","Strike_C","Defend_C","Knight Kick","Chip","Judgment","Doubt","Afterwards+1","Weapon Shift+1","Floating Even+1","Retrieval Recycling","Lore","Twin Teeth+1","Moon Tear","Moon Tear","CurseOfTheBell","Defend System","Twin Teeth","Im Angry+1","Black Dance+1","Resistance","Trader","Overclocking","Lore+1","E MP"],"relics":["Apod","NeowsBlessing","MealTicket","PreservedInsect","Old Coin","Calling Bell","Dream Catcher","Kunai","TungstenRod","Thread and Needle","Orichalcum","FossilizedHelix","ClockworkSouvenir"],"acts_visited":["Exordium","TheCity"],"potions_floor_usage":[10,16,16,18,21,22,25,33],"damage_taken":[{"damage":0,"enemies":"Jaw Worm","floor":1,"turns":1},{"damage":0,"enemies":"Cultist","floor":4,"turns":1},{"damage":0,"enemies":"2 Louse","floor":5,"turns":1},{"damage":15,"enemies":"Large Slime","floor":7,"turns":11},{"damage":18,"enemies":"Gremlin Nob","floor":10,"turns":4},{"damage":13,"enemies":"Blue Slaver","floor":11,"turns":4},{"damage":0,"enemies":"Gremlin Nob","floor":13,"turns":2},{"damage":22,"enemies":"Slime Boss","floor":16,"turns":10},{"damage":8,"enemies":"Spheric Guardian","floor":18,"turns":6},{"damage":1,"enemies":"3 Byrds","floor":19,"turns":8},{"damage":14,"enemies":"Snake Plant","floor":21,"turns":5},{"damage":5,"enemies":"Snecko","floor":22,"turns":5},{"damage":24,"enemies":"Centurion and Healer","floor":25,"turns":7},{"damage":0,"enemies":"Cultist and Chosen","floor":31,"turns":7},{"damage":48,"enemies":"Automaton","floor":33,"turns":10}],"seed_played":"7767589890177714382","potions_obtained":[{"floor":1,"key":"AttackPotion"},{"floor":10,"key":"SteroidPotion"},{"floor":11,"key":"Explosive Potion"},{"floor":13,"key":"EssenceOfSteel"},{"floor":16,"key":"BlessingOfTheForge"},{"floor":18,"key":"BlessingOfTheForge"},{"floor":21,"key":"Explosive Potion"},{"floor":31,"key":"FearPotion"}],"is_trial":false,"path_per_floor":["M","?","?","M","M","R","M","$","T","E","M","R","?","?","R","B",null,"M","M","?","M","M","R","?","M","T","R","$","R","?","M","R","B"],"character_chosen":"TD1MADAO_CLASS","items_purchased":["Retrieval Recycling","Orichalcum","FossilizedHelix","ClockworkSouvenir"],"campfire_rested":2,"item_purchase_floors":[8,28,28,28],"current_hp_per_floor":[70,70,70,70,70,70,55,55,55,37,24,24,24,17,38,16,70,62,61,49,35,30,52,52,28,28,28,43,43,43,43,43,0,0],"gold":130,"neow_bonus":"THREE_ENEMY_KILL","is_daily":false,"chose_seed":false,"campfire_upgraded":5,"win_rate":0.0,"timestamp":1608763638,"path_taken":["M","?","?","M","?","R","M","?","T","E","M","R","?","?","R","BOSS","M","M","?","M","M","R","?","?","T","R","$","R","?","M","R","BOSS"],"items_purchased_type":["Card","Relic","Relic","Relic"],"build_version":"2020-12-22","purchased_purges":2,"victory":false,"max_hp_per_floor":[70,70,70,70,70,70,70,70,70,70,70,70,70,70,70,70,70,70,70,75,75,75,75,75,75,75,75,75,75,75,75,75,75,75],"card_choices":[{"not_picked":["Three Hit","Perfect Defend"],"picked":"Judgment","floor":1},{"not_picked":["Lore","Rupture"],"picked":"Afterwards","floor":4},{"not_picked":["Ruin Defend","Cooling Song"],"picked":"Weapon Shift","floor":5},{"not_picked":["Sub Weapons","Black Shadow"],"picked":"Floating Even","floor":7},{"not_picked":["Black Shadow","Provocative"],"picked":"Lore","floor":10},{"not_picked":["Sudden Beat","Lunge"],"picked":"Twin Teeth","floor":11},{"not_picked":["Black Hand","Three Hit"],"picked":"Moon Tear","floor":13},{"not_picked":["Data Freezing","Format All Data"],"picked":"Moon Tear","floor":16},{"not_picked":["Winding Magic","Thunder Jump"],"picked":"Defend System","floor":18},{"not_picked":["Recovery Mechanism","Machining"],"picked":"Twin Teeth","floor":19},{"not_picked":["Machining","Twin Teeth+1"],"picked":"Im Angry","floor":21},{"not_picked":["New Defend Magic+1","Lore+1"],"picked":"Black Dance+1","floor":22},{"not_picked":["Here Defend Chip+1","Fire Up"],"picked":"Resistance","floor":23},{"not_picked":["Trader","Fire Blade"],"picked":"Lore+1","floor":25},{"not_picked":["Rupture","Fire Blade"],"picked":"E MP","floor":31}],"player_experience":243599,"relics_obtained":[{"floor":9,"key":"MealTicket"},{"floor":10,"key":"PreservedInsect"},{"floor":13,"key":"Old Coin"},{"floor":17,"key":"Dream Catcher"},{"floor":17,"key":"Kunai"},{"floor":17,"key":"TungstenRod"},{"floor":26,"key":"Thread and Needle"}],"event_choices":[{"damage_healed":0,"gold_gain":175,"player_choice":"AGREE","damage_taken":0,"max_hp_gain":0,"max_hp_loss":0,"event_name":"Liars Game","floor":2,"gold_loss":0,"cards_obtained":["Doubt"]},{"damage_healed":0,"gold_gain":0,"player_choice":"Ignored","damage_taken":0,"max_hp_gain":0,"max_hp_loss":0,"event_name":"NoteForYourself","floor":3,"gold_loss":0},{"damage_healed":0,"gold_gain":0,"player_choice":"Searched \u00271\u0027 times","damage_taken":0,"max_hp_gain":0,"max_hp_loss":0,"event_name":"Dead Adventurer","floor":13,"gold_loss":0},{"cards_removed":["Defend_C"],"damage_healed":0,"gold_gain":0,"player_choice":"Card Removal","damage_taken":7,"max_hp_gain":0,"max_hp_loss":0,"event_name":"Golden Wing","floor":14,"gold_loss":0},{"damage_healed":0,"gold_gain":0,"player_choice":"Shed Blood","damage_taken":18,"max_hp_gain":5,"max_hp_loss":0,"event_name":"Forgotten Altar","floor":20,"gold_loss":0},{"damage_healed":0,"gold_gain":0,"cards_transformed":["Strike_C","Defend_C"],"player_choice":"Became Test Subject","damage_taken":0,"max_hp_gain":0,"max_hp_loss":0,"event_name":"Drug Dealer","floor":24,"gold_loss":0,"cards_obtained":["Trader","Overclocking"]},{"damage_healed":0,"gold_gain":0,"player_choice":"0 cards matched","damage_taken":0,"max_hp_gain":0,"max_hp_loss":0,"event_name":"Match and Keep!","floor":30,"gold_loss":0,"cards_obtained":[]}],"is_beta":false,"boss_relics":[{"not_picked":["SacredBark","Runic Dome"],"picked":"Calling Bell"}],"items_purged_floors":[8,28],"is_endless":false,"potions_floor_spawned":[1,10,11,13,16,18,21,31],"killed_by":"Automaton","ascension_level":0}}