{"host":"dcj2yvrgcvh5dl2s","time":1608698888,"event":{"mods":["BaseMod","Better Note","Block Reminder","Colored Powertips","DeckTracker","Minty Spire (QoL Compilation)","Quick Restart","Rare Cards Sparkle","Relic Stats","StSLib"],"gold_per_floor":[113,188,188,63,83,113,113,142,168,168,168,199,211,231,231,304,304,314,334,352,352,352,352,381,381,408,408,408,408,425,450,450,523,523,542,554,1,1,1,1,31,31,31,31,48,62,12,23,23,23],"floor_reached":51,"playtime":1034,"items_purged":["Strike_R","Writhe","Decay"],"score":1256,"play_id":"30bb73cf-fce0-41d3-9586-0e52cb553217","local_time":"20201223144808","is_ascension_mode":true,"campfire_choices":[{"data":"Flex","floor":7,"key":"SMITH"},{"data":"Body Slam","floor":15,"key":"SMITH"},{"floor":23,"key":"REST"},{"floor":25,"key":"REST"},{"floor":27,"key":"REST"},{"floor":32,"key":"REST"},{"floor":40,"key":"REST"},{"floor":42,"key":"REST"},{"floor":49,"key":"REST"}],"circlet_count":0,"master_deck":["AscendersBane","Strike_R","Strike_R","Defend_R","Defend_R","Defend_R+1","Defend_R+1","Bash","Dropkick","Flex+1","Cleave","Whirlwind+1","Battle Trance","Body Slam+1","Offering","Sword Boomerang","Pummel","Sword Boomerang+1","Flex+1","Thunderclap+1","Shrug It Off+1","Body Slam+1","Inflame","Berserk","Shrug It Off","Infernal Blade","Flex"],"relics":["Burning Blood","NeowsBlessing","War Paint","Matryoshka","White Beast Statue","Smiling Mask","Pen Nib","Mercury Hourglass","Fusion Hammer","Nilry\u0027s Codex","Gremlin Horn","Bag of Preparation","Toy Ornithopter","Juzu Bracelet","Shuriken","Charon\u0027s Ashes","Cursed Key","Pear","TheAbacus","Regal Pillow","Self Forming Clay"],"acts_visited":["Exordium","TheCity","TheBeyond"],"potions_floor_usage":[12,16,16,24,33,35],"damage_taken":[{"damage":0,"enemies":"Jaw Worm","floor":1,"turns":1},{"damage":0,"enemies":"2 Louse","floor":5,"turns":1},{"damage":0,"enemies":"Gremlin Nob","floor":6,"turns":1},{"damage":44,"enemies":"Lagavulin","floor":8,"turns":8},{"damage":14,"enemies":"3 Sentries","floor":12,"turns":6},{"damage":0,"enemies":"Cultist","floor":13,"turns":2},{"damage":0,"enemies":"Lots of Slimes","floor":14,"turns":1},{"damage":23,"enemies":"The Guardian","floor":16,"turns":9},{"damage":6,"enemies":"Spheric Guardian","floor":18,"turns":2},{"damage":6,"enemies":"Chosen","floor":19,"turns":3},{"damage":0,"enemies":"Shelled Parasite and Fungi","floor":20,"turns":1},{"damage":20,"enemies":"Book of Stabbing","floor":24,"turns":2},{"damage":0,"enemies":"Centurion and Healer","floor":30,"turns":3},{"damage":21,"enemies":"Gremlin Leader","floor":31,"turns":3},{"damage":53,"enemies":"Automaton","floor":33,"turns":6},{"damage":13,"enemies":"3 Darklings","floor":35,"turns":3},{"damage":9,"enemies":"Orb Walker","floor":36,"turns":2},{"damage":6,"enemies":"Giant Head","floor":41,"turns":3},{"damage":25,"enemies":"Writhing Mass","floor":45,"turns":4},{"damage":2,"enemies":"Jaw Worm Horde","floor":46,"turns":2},{"damage":18,"enemies":"Spire Growth","floor":48,"turns":2},{"damage":69,"enemies":"Awakened One","floor":50,"turns":6}],"seed_played":"-634968589877716211","potions_obtained":[{"floor":5,"key":"Ancient Potion"},{"floor":8,"key":"Fire Potion"},{"floor":12,"key":"AttackPotion"},{"floor":13,"key":"Dexterity Potion"},{"floor":14,"key":"BloodPotion"},{"floor":16,"key":"DistilledChaos"},{"floor":18,"key":"FairyPotion"},{"floor":24,"key":"Strength Potion"},{"floor":33,"key":"BloodPotion"},{"floor":35,"key":"Dexterity Potion"},{"floor":41,"key":"FairyPotion"}],"is_trial":false,"path_per_floor":["M","?","?","$","M","E","R","E","T","?","?","E","M","M","R","B",null,"M","M","M","?","?","R","E","R","T","R","T","?","M","E","R","B",null,"M","M","$","?","?","R","E","R","T","$","M","M","$","M","R","B",null],"character_chosen":"IRONCLAD","items_purchased":["Flex","Pear","TheAbacus","Body Slam","Inflame"],"campfire_rested":7,"item_purchase_floors":[4,37,37,37,37],"current_hp_per_floor":[78,67,64,64,70,76,76,38,38,38,38,30,36,42,42,41,70,70,70,76,60,60,80,66,80,80,80,80,80,80,65,80,33,68,80,77,87,87,87,90,90,90,90,90,71,75,75,63,90,27],"gold":23,"neow_bonus":"THREE_ENEMY_KILL","is_daily":false,"chose_seed":false,"campfire_upgraded":2,"win_rate":0.0,"timestamp":1608698888,"path_taken":["M","?","?","$","M","E","R","E","T","?","?","E","?","M","R","BOSS","M","?","M","?","?","R","E","R","T","R","?","?","M","E","R","BOSS","M","M","$","?","?","R","E","R","T","?","M","M","$","M","R","BOSS"],"items_purchased_type":["Card","Relic","Relic","Card","Card"],"build_version":"2020-12-13","purchased_purges":3,"victory":true,"max_hp_per_floor":[80,80,80,80,80,80,80,80,80,80,80,80,80,80,80,80,80,80,80,80,80,80,80,80,80,80,80,80,80,80,80,80,80,80,80,80,90,90,90,90,90,90,90,90,90,90,90,90,90,90],"relic_stats":{"Regal Pillow":0,"Gremlin Horn":[6,12],"counters":[22,71],"Self Forming Clay":[30],"Pen Nib":[14],"Charon\u0027s Ashes":[92],"Bag of Preparation":[20],"Juzu Bracelet":2,"War Paint":["Defend_R","Defend_R"],"Smiling Mask":125,"Cursed Key":1,"Burning Blood":126,"Mercury Hourglass":[191],"TheAbacus":[6],"Shuriken":[20],"obtain_stats":[{"Regal Pillow":41,"Pear":37,"NeowsBlessing":0,"Gremlin Horn":24,"Nilry\u0027s Codex":21,"Self Forming Clay":43,"Pen Nib":9,"Charon\u0027s Ashes":31,"Bag of Preparation":26,"Juzu Bracelet":28,"War Paint":3,"Smiling Mask":9,"Cursed Key":34,"Burning Blood":0,"White Beast Statue":8,"Mercury Hourglass":12,"Matryoshka":6,"TheAbacus":37,"Shuriken":29,"Fusion Hammer":17,"Toy Ornithopter":26},{"Regal Pillow":18,"Pear":17,"NeowsBlessing":0,"Gremlin Horn":12,"Nilry\u0027s Codex":11,"Self Forming Clay":18,"Pen Nib":4,"Charon\u0027s Ashes":14,"Bag of Preparation":12,"Juzu Bracelet":12,"War Paint":1,"Smiling Mask":4,"Cursed Key":15,"Burning Blood":0,"White Beast Statue":4,"Mercury Hourglass":5,"Matryoshka":3,"TheAbacus":17,"Shuriken":12,"Fusion Hammer":8,"Toy Ornithopter":12},{"Regal Pillow":57,"Pear":54,"NeowsBlessing":0,"Gremlin Horn":37,"Nilry\u0027s Codex":35,"Self Forming Clay":57,"Pen Nib":11,"Charon\u0027s Ashes":43,"Bag of Preparation":37,"Juzu Bracelet":37,"War Paint":1,"Smiling Mask":11,"Cursed Key":49,"Burning Blood":0,"White Beast Statue":11,"Mercury Hourglass":17,"Matryoshka":3,"TheAbacus":54,"Shuriken":37,"Fusion Hammer":29,"Toy Ornithopter":37}],"Toy Ornithopter":3},"card_choices":[{"not_picked":["Thunderclap","Pommel Strike"],"picked":"Dropkick","floor":1},{"not_picked":["Combust","Ghostly Armor","Clash"],"picked":"SKIP","floor":5},{"not_picked":["Warcry","Burning Pact"],"picked":"Cleave","floor":6},{"not_picked":["Havoc","Pommel Strike"],"picked":"Whirlwind","floor":8},{"not_picked":["Cleave","Berserk"],"picked":"Battle Trance","floor":12},{"not_picked":["Flame Barrier","Burning Pact","Perfected Strike"],"picked":"SKIP","floor":13},{"not_picked":["Cleave","Clothesline"],"picked":"Body Slam","floor":14},{"not_picked":["Bludgeon","Brutality"],"picked":"Offering","floor":16},{"not_picked":["Havoc","Battle Trance","Spot Weakness+1"],"picked":"SKIP","floor":18},{"not_picked":["Wild Strike","Feel No Pain"],"picked":"Sword Boomerang","floor":19},{"not_picked":["Armaments","Clothesline","Rupture"],"picked":"SKIP","floor":20},{"not_picked":["Body Slam","Armaments"],"picked":"Pummel","floor":24},{"not_picked":["Headbutt","Anger"],"picked":"Sword Boomerang+1","floor":30},{"not_picked":["Havoc","Fiend Fire"],"picked":"Flex+1","floor":31},{"not_picked":["Warcry","Rupture+1"],"picked":"Thunderclap+1","floor":35},{"not_picked":["Perfected Strike","True Grit"],"picked":"Shrug It Off+1","floor":36},{"not_picked":["Warcry","Carnage"],"picked":"Shrug It Off","floor":41},{"not_picked":["Twin Strike","Shrug It Off"],"picked":"Infernal Blade","floor":45},{"not_picked":["Clothesline","Perfected Strike","Carnage"],"picked":"SKIP","floor":46},{"not_picked":["Shockwave","Warcry"],"picked":"Flex","floor":48}],"player_experience":2011962,"relics_obtained":[{"floor":6,"key":"Matryoshka"},{"floor":8,"key":"White Beast Statue"},{"floor":9,"key":"Smiling Mask"},{"floor":9,"key":"Pen Nib"},{"floor":12,"key":"Mercury Hourglass"},{"floor":21,"key":"Nilry\u0027s Codex"},{"floor":24,"key":"Gremlin Horn"},{"floor":26,"key":"Bag of Preparation"},{"floor":26,"key":"Toy Ornithopter"},{"floor":28,"key":"Juzu Bracelet"},{"floor":31,"key":"Charon\u0027s Ashes"},{"floor":41,"key":"Regal Pillow"},{"floor":43,"key":"Self Forming Clay"}],"event_choices":[{"damage_healed":0,"gold_gain":75,"player_choice":"Gather Gold","damage_taken":11,"max_hp_gain":0,"max_hp_loss":0,"event_name":"World of Goop","floor":2,"gold_loss":0},{"damage_healed":0,"gold_gain":0,"player_choice":"Success","damage_taken":3,"relics_obtained":["War Paint"],"max_hp_gain":0,"max_hp_loss":0,"event_name":"Scrap Ooze","floor":3,"gold_loss":0},{"damage_healed":0,"gold_gain":0,"player_choice":"Grow","damage_taken":0,"max_hp_gain":0,"max_hp_loss":0,"event_name":"Living Wall","floor":10,"gold_loss":0,"cards_upgraded":["Whirlwind"]},{"cards_removed":["Strike_R"],"damage_healed":0,"gold_gain":0,"player_choice":"Offered Basic","damage_taken":0,"max_hp_gain":0,"max_hp_loss":0,"event_name":"Bonfire Elementals","floor":11,"gold_loss":0},{"damage_healed":0,"gold_gain":0,"player_choice":"Obtained Book","damage_taken":16,"max_hp_gain":0,"max_hp_loss":0,"event_name":"Cursed Tome","floor":21,"gold_loss":0},{"damage_healed":0,"gold_gain":0,"player_choice":"Ignored","damage_taken":0,"max_hp_gain":0,"max_hp_loss":0,"event_name":"Vampires","floor":22,"gold_loss":0},{"damage_healed":0,"gold_gain":0,"player_choice":"Opened","damage_taken":0,"relics_obtained":["Shuriken"],"max_hp_gain":0,"max_hp_loss":0,"event_name":"The Mausoleum","floor":29,"gold_loss":0,"cards_obtained":["Writhe"]},{"damage_healed":0,"gold_gain":0,"player_choice":"Upgraded","damage_taken":0,"max_hp_gain":0,"max_hp_loss":0,"event_name":"Upgrade Shrine","floor":38,"gold_loss":0,"cards_upgraded":["Body Slam"]},{"damage_healed":0,"gold_gain":0,"cards_transformed":["Strike_R"],"player_choice":"Transformed","damage_taken":0,"max_hp_gain":0,"max_hp_loss":0,"event_name":"Transmorgrifier","floor":39,"gold_loss":0,"cards_obtained":["Berserk"]}],"is_beta":false,"boss_relics":[{"not_picked":["Pandora\u0027s Box","Astrolabe"],"picked":"Fusion Hammer"},{"not_picked":["SacredBark","Busted Crown"],"picked":"Cursed Key"}],"items_purged_floors":[4,37,47],"is_endless":false,"potions_floor_spawned":[5,8,12,13,14,16,18,19,20,24,30,31,33,35,36,41,45,46,48],"ascension_level":13}}