{"host":"uuxww4b5od0o4ivw","time":1608758426,"event":{"mods":["BaseMod","Downfall","Minty Spire (QoL Compilation)","StSLib","The Necromancer"],"gold_per_floor":[199,218,218,238,258,258,282,301,301,316,316,222,222,222],"floor_reached":13,"playtime":349,"items_purged":[],"score":75,"play_id":"088eb5a9-a0a4-4167-b81f-3c0b049e2590","local_time":"20201223112026","is_ascension_mode":false,"campfire_choices":[{"data":"Negative_Energy_Arrows","floor":1,"key":"SMITH"},{"data":"Strike_W","floor":9,"key":"SMITH"},{"data":"Strike_W","floor":11,"key":"SMITH"}],"circlet_count":0,"master_deck":["Strike_W+1","Strike_W","Strike_W","Strike_W+1","Defend_W","Defend_W","Defend_W","Defend_W","Negative_Energy_Arrows+1","Bone_Wall+1","Scare","Flesh_Made_Foul","Finger_Of_Death","Summon_Undead_Army"],"relics":["Vampire_Amulet","Lantern"],"acts_visited":["Exordium"],"potions_floor_usage":[],"damage_taken":[{"damage":14,"enemies":"Jaw Worm","floor":2,"turns":4},{"damage":1,"enemies":"2 Louse","floor":4,"turns":3},{"damage":0,"enemies":"Cultist","floor":5,"turns":3},{"damage":4,"enemies":"Exordium Thugs","floor":8,"turns":4},{"damage":8,"enemies":"Large Slime","floor":10,"turns":6},{"damage":2,"enemies":"downfall:FleeingMerchant","floor":12,"turns":4},{"damage":0,"enemies":"3 Sentries","floor":13,"turns":1}],"seed_played":"-1382518570629941494","potions_obtained":[{"floor":5,"key":"AttackPotion"},{"floor":10,"key":"Ancient Potion"}],"is_trial":false,"path_per_floor":["R","M","?","M","M","?","T","M","R","M","R","$","E"],"character_chosen":"NECROMANCER","items_purchased":["Summon_Undead_Army"],"campfire_rested":0,"item_purchase_floors":[12],"current_hp_per_floor":[75,63,63,66,68,68,68,68,68,64,64,62,62,62],"gold":222,"neow_bonus":"HUNDRED_GOLD","is_daily":false,"chose_seed":false,"campfire_upgraded":3,"win_rate":0.0,"timestamp":1608758426,"path_taken":["R","M","?","M","M","?","T","M","R","?","R","$","E"],"items_purchased_type":["Card"],"build_version":"2020-12-22","purchased_purges":0,"victory":false,"max_hp_per_floor":[75,75,75,75,75,75,75,75,75,75,75,75,75,75],"card_choices":[{"not_picked":["Slay_Living","Deaths_Shadow"],"picked":"Scare","floor":2},{"not_picked":["Death_Knell","Negative_Energy_Shield"],"picked":"Flesh_Made_Foul","floor":4},{"not_picked":["Death_Knell","Consume_Illness","Chill_Blood"],"picked":"SKIP","floor":5},{"not_picked":["Blood_Magic","Deaths_Shadow","Blood_Whip"],"picked":"SKIP","floor":8},{"not_picked":["Bones_to_Steel","Bone_Bullets","Whirlwind_of_Bones"],"picked":"SKIP","floor":10},{"not_picked":["Acid_Javelin","Negative_Energy_Sphere"],"picked":"Finger_Of_Death","floor":12}],"player_experience":65506,"relics_obtained":[{"floor":7,"key":"Lantern"}],"event_choices":[{"damage_healed":0,"gold_gain":0,"player_choice":"Grow","damage_taken":0,"max_hp_gain":0,"max_hp_loss":0,"event_name":"Living Wall","floor":6,"gold_loss":0,"cards_upgraded":["Bone_Wall"]}],"is_beta":false,"boss_relics":[],"items_purged_floors":[],"is_endless":false,"potions_floor_spawned":[5,10],"killed_by":"3 Sentries","ascension_level":0}}