{"host":"ged1bqtamtf4sn4x","time":1608749607,"event":{"mods":["BaseMod","Colored Map","DeckTracker","Highlight Path","Keyboard Shortcuts","Minty Spire (QoL Compilation)","Permanent Neow","Quick Restart","SuperFastMode","everything is the same but u backflip on backflip"],"gold_per_floor":[119,119,132,148,73,123,123,48,99,131,149,68,68,81,81,155,155,165,165,184,16,34,34,34,34,87,106,124,156,71,85,85,85,85],"floor_reached":33,"playtime":992,"items_purged":["Strike_R"],"score":624,"play_id":"6957fb99-db9f-47d1-8664-547feaa0beae","local_time":"20201224035327","is_ascension_mode":true,"campfire_choices":[{"data":"Inflame","floor":7.0,"key":"SMITH"},{"floor":15.0,"key":"REST"},{"data":"Limit Break","floor":23.0,"key":"SMITH"},{"data":"Armaments","floor":32,"key":"SMITH"}],"circlet_count":0,"master_deck":["AscendersBane","Defend_R+1","Defend_R+1","Defend_R+1","Bash+1","Sword Boomerang","Heavy Blade+1","Armaments+1","Inflame+1","Battle Trance","Limit Break+1","Flex","Ghostly","Ghostly","Ghostly","True Grit"],"relics":["Burning Blood","Orichalcum","Eternal Feather","Empty Cage","Whetstone","Potion Belt","Art of War","Pocketwatch"],"acts_visited":["Exordium","TheCity"],"potions_floor_usage":[29,33],"damage_taken":[{"damage":7.0,"enemies":"Jaw Worm","floor":1.0,"turns":3.0},{"damage":3.0,"enemies":"2 Louse","floor":3.0,"turns":4.0},{"damage":1.0,"enemies":"Cultist","floor":4.0,"turns":3.0},{"damage":51.0,"enemies":"3 Sentries","floor":10.0,"turns":15.0},{"damage":9.0,"enemies":"3 Louse","floor":11.0,"turns":5.0},{"damage":9.0,"enemies":"Looter","floor":14.0,"turns":4.0},{"damage":45.0,"enemies":"Hexaghost","floor":16.0,"turns":9.0},{"damage":25.0,"enemies":"Shell Parasite","floor":18.0,"turns":4.0},{"damage":0.0,"enemies":"Spheric Guardian","floor":20.0,"turns":3.0},{"damage":19.0,"enemies":"Snake Plant","floor":22.0,"turns":3.0},{"damage":0.0,"enemies":"Slavers","floor":24.0,"turns":1.0},{"damage":16.0,"enemies":"3 Cultists","floor":27.0,"turns":5.0},{"damage":0.0,"enemies":"Centurion and Healer","floor":28.0,"turns":5.0},{"damage":24,"enemies":"Book of Stabbing","floor":29,"turns":5},{"damage":9,"enemies":"Snake Plant","floor":31,"turns":3},{"damage":21,"enemies":"Collector","floor":33,"turns":6}],"seed_played":"3608577191628871289","potions_obtained":[{"floor":10.0,"key":"BloodPotion"},{"floor":14.0,"key":"SmokeBomb"},{"floor":16.0,"key":"SteroidPotion"},{"floor":27.0,"key":"FearPotion"},{"floor":29,"key":"BlessingOfTheForge"}],"is_trial":false,"path_per_floor":["M","?","M","M","?","?","R","$","T","E","M","$","?","M","R","B",null,"M","?","M","$","M","R","E","?","T","M","M","E","?","M","R","B"],"character_chosen":"IRONCLAD","items_purchased":["Battle Trance","Whetstone"],"campfire_rested":1,"item_purchase_floors":[12,21],"current_hp_per_floor":[49,49,52,57,57,57,57,57,57,27,24,24,24,21,49,10,59,40,40,46,46,33,39,45,37,37,27,33,15,15,12,21,0,0],"gold":85,"neow_bonus":"TRANSFORM_TWO_CARDS","is_daily":false,"chose_seed":false,"campfire_upgraded":3,"win_rate":0.0,"timestamp":1608749607,"path_taken":["M","?","M","M","?","?","R","$","T","E","?","$","?","M","R","BOSS","M","?","M","$","M","R","E","?","T","M","M","E","?","M","R","BOSS"],"items_purchased_type":["Card","Relic"],"build_version":"2020-12-22","purchased_purges":1,"victory":false,"max_hp_per_floor":[75,75,75,75,75,75,75,75,75,75,75,75,75,75,75,75,75,75,75,75,75,75,75,75,37,37,37,37,37,37,37,37,37,37],"card_choices":[{"not_picked":["Thunderclap","Body Slam"],"picked":"Armaments","floor":1.0},{"not_picked":["Burning Pact","Headbutt","Ghostly Armor"],"picked":"SKIP","floor":3.0},{"not_picked":["Reckless Charge","Perfected Strike"],"picked":"Inflame","floor":4.0},{"not_picked":["Double Tap","Sword Boomerang","Clash"],"picked":"SKIP","floor":10.0},{"not_picked":["Clothesline","Disarm","Armaments"],"picked":"SKIP","floor":11.0},{"not_picked":["Iron Wave","Dark Embrace","Twin Strike"],"picked":"SKIP","floor":14.0},{"not_picked":["Iron Wave","Dark Embrace","Twin Strike"],"picked":"SKIP","floor":14.0},{"not_picked":["Berserk","Feed"],"picked":"Limit Break","floor":16.0},{"not_picked":["Bloodletting+1","Iron Wave","Thunderclap"],"picked":"SKIP","floor":18.0},{"not_picked":["Heavy Blade","Body Slam","Sentinel"],"picked":"SKIP","floor":20.0},{"not_picked":["Wild Strike","Headbutt"],"picked":"Flex","floor":22.0},{"not_picked":["Flex","Intimidate","True Grit"],"picked":"SKIP","floor":27.0},{"not_picked":["Body Slam","Entrench","Thunderclap"],"picked":"SKIP","floor":28.0},{"not_picked":["Heavy Blade","True Grit","Hemokinesis"],"picked":"SKIP","floor":29},{"not_picked":["Heavy Blade","Hemokinesis"],"picked":"True Grit","floor":29},{"not_picked":["Brutality","Clash","Wild Strike"],"picked":"SKIP","floor":31}],"player_experience":390200,"relics_obtained":[{"floor":9.0,"key":"Orichalcum"},{"floor":10.0,"key":"Eternal Feather"},{"floor":26.0,"key":"Potion Belt"},{"floor":29,"key":"Art of War"}],"event_choices":[{"damage_healed":0.0,"max_hp_gain":0.0,"max_hp_loss":0.0,"gold_gain":0.0,"event_name":"Liars Game","player_choice":"Ignored","floor":2.0,"gold_loss":0.0,"damage_taken":0.0},{"cards_removed":["Strike_R"],"damage_healed":0.0,"max_hp_gain":0.0,"max_hp_loss":0.0,"gold_gain":0.0,"event_name":"The Cleric","player_choice":"Card Removal","floor":5.0,"gold_loss":75.0,"damage_taken":0.0},{"damage_healed":0.0,"max_hp_gain":0.0,"max_hp_loss":0.0,"gold_gain":50.0,"event_name":"Golden Shrine","player_choice":"Pray","floor":6.0,"gold_loss":0.0,"damage_taken":0.0},{"damage_healed":0.0,"max_hp_gain":0.0,"max_hp_loss":0.0,"gold_gain":0.0,"event_name":"Shining Light","player_choice":"Ignored","floor":13.0,"gold_loss":0.0,"damage_taken":0.0},{"damage_healed":0.0,"max_hp_gain":0.0,"max_hp_loss":0.0,"gold_gain":0.0,"event_name":"Back to Basics","player_choice":"Simplicity","floor":19.0,"gold_loss":0.0,"damage_taken":0.0,"cards_upgraded":["Defend_R","Defend_R","Defend_R"]},{"damage_healed":0.0,"max_hp_gain":0.0,"max_hp_loss":38.0,"gold_gain":0.0,"event_name":"Ghosts","player_choice":"Became a Ghost","floor":25.0,"gold_loss":0.0,"damage_taken":0.0,"cards_obtained":["Ghostly","Ghostly","Ghostly"]},{"damage_healed":0,"gold_gain":0,"player_choice":"Obtained Relic","damage_taken":0,"relics_obtained":["Pocketwatch"],"max_hp_gain":0,"max_hp_loss":0,"event_name":"Addict","floor":30,"gold_loss":85}],"is_beta":false,"boss_relics":[{"not_picked":["Runic Cube","Fusion Hammer"],"picked":"Empty Cage"}],"items_purged_floors":[8],"is_endless":false,"potions_floor_spawned":[10,14,16,18,24,27,29],"killed_by":"Collector","ascension_level":20}}