{"host":"m6aaltr68g9tvoay","time":1608698211,"event":{"mods":["AchievementEnabler","BaseMod","Colored Map","Minty Spire (QoL Compilation)","StSLib"],"gold_per_floor":[118,118,42,62,75,75,91,91,91,116,135,135,152,172,172,172,172],"floor_reached":16,"playtime":530,"items_purged":[],"score":198,"play_id":"34b8ea3c-d317-4774-b89e-164d437fcea0","local_time":"20201222203651","is_ascension_mode":true,"campfire_choices":[{"data":"Sunder","floor":6,"key":"SMITH"},{"floor":8,"key":"REST"},{"floor":12,"key":"REST"},{"floor":15,"key":"REST"}],"circlet_count":0,"master_deck":["AscendersBane","Strike_B","Strike_B+1","Strike_B","Strike_B+1","Defend_B","Defend_B","Defend_B","Defend_B","Zap","Dualcast","Streamline","Sunder+1","Self Repair","Capacitor","Beam Cell","Electrodynamics"],"relics":["Cracked Core","GremlinMask","Question Card","Whetstone"],"acts_visited":["Exordium"],"potions_floor_usage":[10,16],"damage_taken":[{"damage":7,"enemies":"2 Louse","floor":1,"turns":3},{"damage":6,"enemies":"Cultist","floor":4,"turns":3},{"damage":4,"enemies":"Jaw Worm","floor":5,"turns":4},{"damage":24,"enemies":"Exordium Wildlife","floor":7,"turns":5},{"damage":33,"enemies":"Gremlin Nob","floor":10,"turns":4},{"damage":2,"enemies":"Large Slime","floor":11,"turns":5},{"damage":16,"enemies":"3 Louse","floor":13,"turns":2},{"damage":22,"enemies":"Gremlin Gang","floor":14,"turns":5},{"damage":71,"enemies":"The Guardian","floor":16,"turns":9}],"seed_played":"1710514293111622693","potions_obtained":[{"floor":0,"key":"Ancient Potion"},{"floor":0,"key":"PowerPotion"},{"floor":11,"key":"Weak Potion"},{"floor":13,"key":"FairyPotion"}],"is_trial":false,"path_per_floor":["M","?","$","M","M","R","M","R","T","E","M","R","M","M","R","B"],"character_chosen":"DEFECT","items_purchased":["Sunder"],"campfire_rested":3,"item_purchase_floors":[3],"current_hp_per_floor":[57,57,57,51,54,54,30,51,51,25,23,44,35,20,41,0,0],"gold":172,"neow_bonus":"THREE_SMALL_POTIONS","is_daily":false,"chose_seed":false,"campfire_upgraded":1,"win_rate":0.0,"timestamp":1608698211,"path_taken":["M","?","$","M","M","R","?","R","T","E","M","R","?","M","R","BOSS"],"items_purchased_type":["Card"],"build_version":"2020-12-13","purchased_purges":0,"victory":false,"max_hp_per_floor":[71,71,71,71,71,71,71,71,71,71,71,71,71,71,71,71,71],"card_choices":[{"not_picked":["Beam Cell","Ball Lightning"],"picked":"Streamline","floor":1},{"not_picked":["Recycle","Heatsinks"],"picked":"Self Repair","floor":4},{"not_picked":["Hello World","Sunder","Steam Power"],"picked":"SKIP","floor":5},{"not_picked":["Genetic Algorithm","Blizzard"],"picked":"Capacitor","floor":7},{"not_picked":["Coolheaded","Gash","Go for the Eyes"],"picked":"Beam Cell","floor":10},{"not_picked":["Stack","Hologram","Redo"],"picked":"Electrodynamics","floor":11},{"not_picked":["Sweeping Beam","Steam","Skim","FTL"],"picked":"SKIP","floor":13},{"not_picked":["Chaos","Fusion","Go for the Eyes","Recycle"],"picked":"SKIP","floor":14}],"player_experience":1293496,"relics_obtained":[{"floor":9,"key":"Question Card"},{"floor":10,"key":"Whetstone"}],"event_choices":[{"damage_healed":0,"gold_gain":0,"player_choice":"Trade","damage_taken":0,"relics_obtained":["GremlinMask"],"max_hp_gain":0,"max_hp_loss":0,"event_name":"FaceTrader","floor":2,"gold_loss":0}],"is_beta":false,"boss_relics":[],"items_purged_floors":[],"is_endless":false,"potions_floor_spawned":[4,7,11,13,14],"killed_by":"The Guardian","ascension_level":18}}