{"host":"1c52r9kaxdyo25eq","time":1608744919,"event":{"mods":["AchievementEnabler","BaseMod","Minty Spire (QoL Compilation)","Rare Cards Sparkle","SuperFastMode","everything is the same but u backflip on backflip"],"gold_per_floor":[110,110,110,121,121,121,133,133,133,133,153,172,196,215,215,287,287,302,302,313,333,48,48,60,89,141,103,153,153,78,78,78,156,156,174,190,190,190,215,541,541,541,590,342,357,370,370,288,288,288,288,288,288,62,91,91],"floor_reached":57,"playtime":2674,"items_purged":["Poisoned Stab","Dagger Spray","Tools of the Trade"],"score":2676,"play_id":"35bee892-0fa3-434a-b45d-51f9463c6327","local_time":"20201224023519","is_ascension_mode":true,"campfire_choices":[{"data":"Leg Sweep","floor":6.0,"key":"SMITH"},{"data":"Prepared","floor":10.0,"key":"SMITH"},{"data":"Neutralize","floor":15.0,"key":"SMITH"},{"data":"After Image","floor":23.0,"key":"SMITH"},{"floor":32.0,"key":"REST"},{"floor":42.0,"key":"RECALL"},{"floor":49,"key":"REST"},{"data":"After Image","floor":53,"key":"SMITH"}],"circlet_count":0,"master_deck":["AscendersBane","Survivor","Neutralize+1","Unload","Leg Sweep+1","Prepared+1","Tactician+1","Deadly Poison+1","Reflex+1","After Image+1","Setup+1","Malaise+1","Burst+1","Calculated Gamble+1","Catalyst+1","Acrobatics+1","Bouncing Flask+1","After Image+1","Well Laid Plans","Acrobatics+1","Backflip+1"],"relics":["Ring of the Snake","Toxic Egg 2","Ninja Scroll","Singing Bowl","Odd Mushroom","Pandora\u0027s Box","Membership Card","MealTicket","Orichalcum","PreservedInsect","Nunchaku","Sozu","Du-Vu Doll","Old Coin","Ice Cream","TheAbacus","Pantograph","Centennial Puzzle"],"acts_visited":["Exordium","TheCity","TheBeyond","TheEnding"],"potions_floor_usage":[],"damage_taken":[{"damage":0.0,"enemies":"2 Louse","floor":1.0,"turns":3.0},{"damage":2.0,"enemies":"Jaw Worm","floor":4.0,"turns":4.0},{"damage":1.0,"enemies":"Small Slimes","floor":7.0,"turns":4.0},{"damage":0.0,"enemies":"Looter","floor":11.0,"turns":4.0},{"damage":4.0,"enemies":"Large Slime","floor":12.0,"turns":7.0},{"damage":9.0,"enemies":"The Mushroom Lair","floor":13.0,"turns":3.0},{"damage":4.0,"enemies":"Blue Slaver","floor":14.0,"turns":3.0},{"damage":4.0,"enemies":"The Guardian","floor":16.0,"turns":10.0},{"damage":1.0,"enemies":"Shell Parasite","floor":18.0,"turns":5.0},{"damage":0.0,"enemies":"Chosen","floor":20.0,"turns":3.0},{"damage":9.0,"enemies":"Snecko","floor":21.0,"turns":4.0},{"damage":13.0,"enemies":"3 Cultists","floor":24.0,"turns":5.0},{"damage":6.0,"enemies":"Book of Stabbing","floor":25.0,"turns":8.0},{"damage":32.0,"enemies":"Collector","floor":33.0,"turns":6.0},{"damage":8.0,"enemies":"3 Darklings","floor":35.0,"turns":3.0},{"damage":0.0,"enemies":"3 Shapes","floor":36.0,"turns":6.0},{"damage":0.0,"enemies":"Mind Bloom Boss Battle","floor":39.0,"turns":3.0},{"damage":11.0,"enemies":"Giant Head","floor":40.0,"turns":4.0},{"damage":15.0,"enemies":"Sphere and 2 Shapes","floor":45.0,"turns":3.0},{"damage":34,"enemies":"4 Shapes","floor":46,"turns":5},{"damage":31,"enemies":"Awakened One","floor":50,"turns":8},{"damage":12,"enemies":"Donu and Deca","floor":51,"turns":7},{"damage":24,"enemies":"Shield and Spear","floor":55,"turns":6},{"damage":3,"enemies":"The Heart","floor":56,"turns":6}],"seed_played":"-3615670501850109006","potions_obtained":[{"floor":1.0,"key":"Regen Potion"},{"floor":12.0,"key":"SteroidPotion"},{"floor":13.0,"key":"Dexterity Potion"},{"floor":16.0,"key":"Fruit Juice"},{"floor":33.0,"key":"Explosive Potion"}],"is_trial":false,"path_per_floor":["M","?","?","M","?","R","M","T","T","R","M","M","?","M","R","B",null,"M","?","M","M","$","R","M","E","T","$","?","T","?","?","R","B",null,"M","M","?","?","?","E","?","R","T","$","M","M","?","$","R","B","B",null,"R","$","E","B",null],"character_chosen":"THE_SILENT","items_purchased":["Membership Card","Acrobatics+1","MealTicket","Ice Cream","Well Laid Plans","TheAbacus","Backflip+1","Pantograph"],"campfire_rested":2,"item_purchase_floors":[22,22,22,44,44,48,54,54],"current_hp_per_floor":[59,59,52,50,45,45,44,44,44,44,44,42,33,31,31,27,59,58,58,60,51,51,51,40,46,46,61,61,61,61,40,63,31,72,66,68,68,64,66,57,57,57,57,72,59,25,25,40,68,37,25,78,78,93,71,93],"gold":91,"neow_bonus":"ONE_RANDOM_RARE_CARD","is_daily":false,"chose_seed":false,"campfire_upgraded":5,"win_rate":0.0,"timestamp":1608744919,"path_taken":["M","?","?","M","?","R","?","?","T","R","M","M","?","M","R","BOSS","M","?","M","M","$","R","M","E","T","$","?","?","?","?","R","BOSS","M","M","?","?","?","E","?","R","T","$","M","M","?","$","R","BOSS","BOSS","R","$","E","BOSS"],"items_purchased_type":["Relic","Card","Relic","Relic","Card","Relic","Card","Relic"],"build_version":"2020-12-22","purchased_purges":3,"victory":true,"max_hp_per_floor":[66,66,66,66,66,66,66,66,66,66,66,68,68,70,70,70,70,70,70,72,72,72,72,74,74,74,74,74,74,74,79,79,79,84,86,88,84,90,92,94,94,94,94,94,96,96,96,96,96,96,96,96,96,96,98,98],"card_choices":[{"not_picked":["Finisher","Deflect"],"picked":"Leg Sweep","floor":1.0},{"not_picked":["Eviscerate","PiercingWail"],"picked":"Prepared","floor":4.0},{"not_picked":["Dagger Throw","Dagger Spray"],"picked":"Tactician+1","floor":7.0},{"not_picked":["Prepared+1","Cloak And Dagger+1"],"picked":"Deadly Poison+1","floor":11.0},{"not_picked":["Quick Slash","Terror+1","Prepared+1"],"picked":"Singing Bowl","floor":12.0},{"not_picked":["Doppelganger+1","Distraction+1"],"picked":"Reflex+1","floor":13.0},{"not_picked":["Caltrops","Quick Slash","Outmaneuver+1"],"picked":"Singing Bowl","floor":14.0},{"not_picked":["Tools of the Trade","Doppelganger+1"],"picked":"After Image","floor":16.0},{"not_picked":["Deadly Poison+1","Dagger Throw"],"picked":"Calculated Gamble+1","floor":18.0},{"not_picked":["Slice","Dodge and Roll+1","Prepared+1"],"picked":"Singing Bowl","floor":20.0},{"not_picked":["Prepared+1","Slice"],"picked":"Catalyst+1","floor":21.0},{"not_picked":["Underhanded Strike","All Out Attack","Endless Agony+1"],"picked":"Singing Bowl","floor":24.0},{"not_picked":["Riddle With Holes","Phantasmal Killer+1"],"picked":"Bouncing Flask+1","floor":25.0},{"not_picked":["Tools of the Trade","Venomology+1"],"picked":"After Image","floor":33.0},{"not_picked":["Deadly Poison+1","Acrobatics+1","Deflect+1"],"picked":"Singing Bowl","floor":35.0},{"not_picked":["Heel Hook+1","Flying Knee","Poisoned Stab"],"picked":"Singing Bowl","floor":36.0},{"not_picked":["Dark Shackles+1","PanicButton+1","Secret Technique+1"],"picked":"Singing Bowl","floor":38.0},{"not_picked":["Swift Strike","Trip+1","Mind Blast"],"picked":"Singing Bowl","floor":38.0},{"not_picked":["Impatience+1","Dramatic Entrance","Discovery+1"],"picked":"Singing Bowl","floor":38.0},{"not_picked":["Deadly Poison+1","Flying Knee+1","Slice"],"picked":"Singing Bowl","floor":39.0},{"not_picked":["Distraction+1","Prepared+1","PiercingWail+1"],"picked":"Singing Bowl","floor":40.0},{"not_picked":["Dagger Throw+1","Underhanded Strike","Calculated Gamble+1"],"picked":"Singing Bowl","floor":45.0},{"not_picked":["Accuracy","Backflip+1"],"picked":"Acrobatics+1","floor":46},{"not_picked":["Infinite Blades","Dagger Throw","Poisoned Stab"],"picked":"Singing Bowl","floor":55}],"player_experience":511587,"relics_obtained":[{"floor":8.0,"key":"Ninja Scroll"},{"floor":9.0,"key":"Singing Bowl"},{"floor":13.0,"key":"Odd Mushroom"},{"floor":25.0,"key":"Orichalcum"},{"floor":26.0,"key":"PreservedInsect"},{"floor":29.0,"key":"Nunchaku"},{"floor":39.0,"key":"Du-Vu Doll"},{"floor":40.0,"key":"Old Coin"},{"floor":55,"key":"Centennial Puzzle"}],"event_choices":[{"damage_healed":0.0,"max_hp_gain":0.0,"max_hp_loss":0.0,"gold_gain":0.0,"event_name":"Liars Game","player_choice":"Ignored","floor":2.0,"gold_loss":0.0,"damage_taken":0.0},{"cards_removed":["Defend_G"],"damage_healed":0.0,"max_hp_gain":0.0,"max_hp_loss":0.0,"gold_gain":0.0,"event_name":"Golden Wing","player_choice":"Card Removal","floor":3.0,"gold_loss":0.0,"damage_taken":7.0},{"damage_healed":0.0,"max_hp_gain":0.0,"max_hp_loss":0.0,"gold_gain":0.0,"event_name":"Scrap Ooze","player_choice":"Success","floor":5.0,"gold_loss":0.0,"damage_taken":5.0,"relics_obtained":["Toxic Egg 2"]},{"damage_healed":0.0,"max_hp_gain":0.0,"max_hp_loss":0.0,"gold_gain":0.0,"event_name":"Mushrooms","player_choice":"Fought Mushrooms","floor":13.0,"gold_loss":0.0,"damage_taken":0.0},{"cards_removed":["Bullet Time"],"damage_healed":0.0,"max_hp_gain":0.0,"max_hp_loss":0.0,"gold_gain":0.0,"event_name":"Back to Basics","player_choice":"Elegance","floor":19.0,"gold_loss":0.0,"damage_taken":0.0},{"damage_healed":0.0,"max_hp_gain":0.0,"max_hp_loss":0.0,"gold_gain":50.0,"event_name":"Nest","player_choice":"Stole From Cult","floor":28.0,"gold_loss":0.0,"damage_taken":0.0},{"cards_removed":["Dash"],"damage_healed":0.0,"max_hp_gain":0.0,"max_hp_loss":0.0,"gold_gain":0.0,"event_name":"Beggar","player_choice":"Gave Gold","floor":30.0,"gold_loss":75.0,"damage_taken":0.0},{"damage_healed":0.0,"max_hp_gain":5.0,"max_hp_loss":0.0,"gold_gain":0.0,"event_name":"Forgotten Altar","player_choice":"Shed Blood","floor":31.0,"gold_loss":0.0,"damage_taken":26.0},{"damage_healed":0.0,"max_hp_gain":0.0,"max_hp_loss":4.0,"gold_gain":0.0,"event_name":"Winding Halls","player_choice":"Max HP","floor":37.0,"gold_loss":0.0,"damage_taken":0.0},{"damage_healed":0.0,"max_hp_gain":0.0,"max_hp_loss":0.0,"gold_gain":0.0,"event_name":"SensoryStone","player_choice":"Memory 3","floor":38.0,"gold_loss":0.0,"damage_taken":10.0},{"damage_healed":0.0,"max_hp_gain":0.0,"max_hp_loss":0.0,"gold_gain":0.0,"event_name":"MindBloom","player_choice":"Fight","floor":39.0,"gold_loss":0.0,"damage_taken":0.0},{"cards_removed":["Underhanded Strike"],"damage_healed":0.0,"max_hp_gain":0.0,"max_hp_loss":0.0,"gold_gain":0.0,"event_name":"Falling","player_choice":"Removed Attack","floor":41.0,"gold_loss":0.0,"damage_taken":0.0},{"damage_healed":0,"gold_gain":0,"player_choice":"Ignored","damage_taken":0,"max_hp_gain":0,"max_hp_loss":0,"event_name":"Tomb of Lord Red Mask","floor":47,"gold_loss":0}],"is_beta":false,"boss_relics":[{"not_picked":["Ring of the Serpent","Runic Pyramid"],"picked":"Pandora\u0027s Box"},{"not_picked":["SacredBark","Runic Dome"],"picked":"Sozu"}],"items_purged_floors":[27,44,54],"is_endless":false,"potions_floor_spawned":[1,12,13,16,21,33,46,55],"ascension_level":20}}