{"host":"43vb3u4kiuosyd1s","time":1608708372,"event":{"mods":["BaseMod","HololiveMod","Minty Spire (QoL Compilation)","StSLib","Td1madao Mod"],"gold_per_floor":[76,86,39,39,59,59,59,76,76,1,11,40,57,69,69,173,173,189,199,199,99,114,149,159,187,210,226,251,264,264,41,41,144,194,204,204,214,248,248,248,267,285,311,325,345,368,368,402,402,406,406,406,132,143,143],"floor_reached":54,"playtime":2554,"items_purged":["Hololive_CallShiroganeNoel","Hololive_Strike+1","Parasite"],"score":1037,"play_id":"a095d81d-3cbc-4926-8922-4301ab659bdc","local_time":"20201223162612","is_ascension_mode":false,"campfire_choices":[{"data":"Hololive_Thief","floor":6.0,"key":"SMITH"},{"data":"Hololive_CallOzoraSubaru","floor":15.0,"key":"SMITH"},{"floor":30,"key":"RECALL"},{"data":"Hololive_CallInugamiKorone","floor":32,"key":"SMITH"},{"data":"Hololive_CallOmaruPolka","floor":40,"key":"SMITH"},{"data":"Hololive_CallShiranuiFlare","floor":49,"key":"SMITH"},{"data":"Impatience","floor":52,"key":"SMITH"}],"circlet_count":0,"master_deck":["Hololive_StrengthChampion+1","Hololive_CallShirakamiFubuki","Hololive_CallShiroganeNoel+1","Hololive_CallShiranuiFlare+1","Hololive_CallHimemoriLuna","Hololive_HuntDinosaur","Hololive_Thief+1","Hololive_CallOzoraSubaru+1","Hololive_DDD","Hololive_Rebirth+1","Hololive_CocoNews+1","Hololive_CallRosalyn+1","Hololive_CallDoris","Hololive_CallOmaruPolka+1","Hololive_CallInugamiKorone+1","Hololive_CallYukihanaLamy","Hololive_CallNekomataOkayu","Hololive_CallHoushouMarine","Hololive_CallOkamiMio","Hololive_CallMurasakiShion","Hololive_CallShishiroBotan","Hololive_CallYozoraMel+1","Hololive_CallAZKi+1","Hololive_CallMinatoAqua+1","Hololive_CallYuzukiChoco+1","Hololive_CallManoAloe+1","Hololive_CallSpadeEcho+1","Hololive_FlyingPonyTail","Impatience+1","Secret Weapon","Discovery","Hololive_FlyingPonyTail","Hololive_LuckPotion","Hololive_CallKiryuuCoco","Hololive_Breathe+1","Hololive_CallMomosuzuNene+1","Hololive_Rebound+1"],"relics":["Hololive_TheStar","Vajra","Matryoshka","Astrolabe","Peace Pipe","Sundial","Hololive_LightStick","Dream Catcher","Anchor","Boot","Tiny House","Bronze Scales","Whetstone","Pantograph","Orrery"],"acts_visited":["Exordium","TheCity","TheBeyond","TheEnding"],"potions_floor_usage":[25,33,44,50,50],"damage_taken":[{"damage":0.0,"enemies":"2 Louse","floor":1.0,"turns":3.0},{"damage":0.0,"enemies":"Jaw Worm","floor":2.0,"turns":2.0},{"damage":0.0,"enemies":"Small Slimes","floor":5.0,"turns":3.0},{"damage":0.0,"enemies":"Blue Slaver","floor":8.0,"turns":3.0},{"damage":0.0,"enemies":"3 Louse","floor":11.0,"turns":2.0},{"damage":0.0,"enemies":"Gremlin Nob","floor":12.0,"turns":3.0},{"damage":0.0,"enemies":"2 Fungi Beasts","floor":13.0,"turns":3.0},{"damage":0.0,"enemies":"Gremlin Gang","floor":14.0,"turns":4.0},{"damage":0.0,"enemies":"The Guardian","floor":16.0,"turns":4.0},{"damage":0.0,"enemies":"Chosen","floor":18.0,"turns":4.0},{"damage":0.0,"enemies":"Spheric Guardian","floor":19.0,"turns":3.0},{"damage":0,"enemies":"Cultist and Chosen","floor":22,"turns":4},{"damage":0,"enemies":"Book of Stabbing","floor":23,"turns":4},{"damage":0,"enemies":"Shelled Parasite and Fungi","floor":24,"turns":3},{"damage":16,"enemies":"Gremlin Leader","floor":25,"turns":5},{"damage":0,"enemies":"Chosen and Byrds","floor":27,"turns":3},{"damage":0,"enemies":"Slavers","floor":28,"turns":3},{"damage":0,"enemies":"Snake Plant","floor":29,"turns":3},{"damage":0,"enemies":"Collector","floor":33,"turns":5},{"damage":0,"enemies":"3 Shapes","floor":35,"turns":3},{"damage":0,"enemies":"Orb Walker","floor":37,"turns":3},{"damage":0,"enemies":"Sphere and 2 Shapes","floor":38,"turns":4},{"damage":0,"enemies":"Spire Growth","floor":41,"turns":4},{"damage":0,"enemies":"4 Shapes","floor":42,"turns":3},{"damage":0,"enemies":"Jaw Worm Horde","floor":44,"turns":3},{"damage":0,"enemies":"Maw","floor":45,"turns":6},{"damage":0,"enemies":"Writhing Mass","floor":46,"turns":4},{"damage":0,"enemies":"Reptomancer","floor":48,"turns":5},{"damage":0,"enemies":"Time Eater","floor":50,"turns":5},{"damage":44,"enemies":"Shield and Spear","floor":54,"turns":3}],"seed_played":"-4374860560286430597","potions_obtained":[{"floor":2.0,"key":"Fire Potion"},{"floor":12.0,"key":"EssenceOfSteel"},{"floor":16.0,"key":"CultistPotion"},{"floor":18.0,"key":"Regen Potion"},{"floor":19,"key":"Regen Potion"},{"floor":24,"key":"BlessingOfTheForge"},{"floor":28,"key":"PowerPotion"},{"floor":33,"key":"Fire Potion"},{"floor":34,"key":"Fruit Juice"},{"floor":44,"key":"AttackPotion"},{"floor":46,"key":"Strength Potion"}],"is_trial":false,"path_per_floor":["M","M","?","?","M","R","T","M","T","$","M","E","M","M","R","B",null,"M","M","?","$","M","E","M","E","T","M","E","M","R","$","R","B",null,"M","?","M","M","?","R","M","M","T","M","M","M","?","E","R","B",null,"R","$","E"],"character_chosen":"Hololive_HololiveCharacter","items_purchased":["Boot","Hololive_CallShishiroBotan","Orrery"],"campfire_rested":0,"item_purchase_floors":[31,31,53],"current_hp_per_floor":[35,35,35,28,28,28,28,28,28,28,28,28,28,28,28,28,35,35,35,35,35,35,35,35,28,28,28,28,28,28,28,28,28,40,40,38,38,38,38,38,38,38,38,43,43,43,33,33,33,43,43,43,40,0,0],"gold":143,"neow_bonus":"THREE_CARDS","is_daily":false,"chose_seed":false,"campfire_upgraded":6,"win_rate":0.0,"timestamp":1608708372,"path_taken":["M","M","?","?","M","R","?","M","T","$","M","E","M","M","R","BOSS","M","M","?","$","M","E","M","E","T","M","E","M","R","$","R","BOSS","M","?","M","M","?","R","M","M","T","M","M","M","?","E","R","BOSS","R","$","E"],"items_purchased_type":["Relic","Card","Relic"],"build_version":"2020-12-22","purchased_purges":3,"victory":false,"max_hp_per_floor":[35,35,35,35,35,35,35,35,35,35,35,35,35,35,35,35,35,35,35,35,35,35,35,35,35,35,35,35,35,35,35,35,35,40,40,38,38,38,38,38,38,38,38,43,43,43,43,43,43,43,43,43,40,40,40],"card_choices":[{"not_picked":["Hololive_LuckPotion","Hololive_Drill"],"picked":"Hololive_CallHimemoriLuna","floor":0.0},{"not_picked":["Hololive_CocoNews","Hololive_LuckPotion","Hololive_Psychosis"],"picked":"Hololive_HuntDinosaur","floor":1.0},{"not_picked":["Hololive_CallShiroganeNoel","Hololive_RevenueBasedLive","Hololive_CallMomosuzuNene"],"picked":"Hololive_Breathe","floor":2.0},{"not_picked":["Hololive_StrengthChampion","Hololive_Trident","Hololive_CallHoshimachiSuisei"],"picked":"Hololive_Thief","floor":5.0},{"not_picked":["Hololive_CallRoboco","Hololive_OvertimeWork","Hololive_Yoholoon"],"picked":"Hololive_CallTsunomakiWatame","floor":8.0},{"not_picked":["Hololive_Psychosis","Hololive_Rebound","Hololive_Drill"],"picked":"Hololive_CallOzoraSubaru","floor":11.0},{"not_picked":["Hololive_OpenUp","Hololive_CallArtia","Hololive_OvertimeWork","Hololive_CocoNews"],"picked":"SKIP","floor":12.0},{"not_picked":["Hololive_CocoNews","Hololive_OvertimeWork","Hololive_RevenueBasedLive","Hololive_Psychosis"],"picked":"SKIP","floor":13.0},{"not_picked":["Hololive_OvertimeWork","Hololive_CallRoboco","Hololive_LuckPotion","Hololive_StrengthChampion"],"picked":"SKIP","floor":14.0},{"not_picked":["Hololive_WolfAndLamb","Hololive_MaximGun","Hololive_IdolExercise"],"picked":"Hololive_DDD","floor":16.0},{"not_picked":["Hololive_Sequa","Hololive_HuntDinosaur","Hololive_Breathe","Hololive_RevenueBasedLive+1"],"picked":"SKIP","floor":18.0},{"not_picked":["Hololive_ManjiGathering","Hololive_CallFriendA","Hololive_Drill","Hololive_Psychosis"],"picked":"SKIP","floor":19},{"not_picked":["Hololive_CallRosalyn","Hololive_OvertimeWork","Hololive_DurableLive","Hololive_Psychosis"],"picked":"SKIP","floor":22},{"not_picked":["Hololive_Thief","Hololive_CallYukihanaLamy","Hololive_RevenueBasedLive"],"picked":"Hololive_CallInugamiKorone","floor":23},{"not_picked":["Hololive_StrengthChampion","Hololive_CallFriendA","Hololive_CocoNews+1"],"picked":"Hololive_CallYukihanaLamy","floor":24},{"not_picked":["Hololive_Spy","Hololive_CallHoushouMarine+1","Hololive_CallArtia"],"picked":"Hololive_CallNekomataOkayu","floor":25},{"not_picked":["Hololive_Drill","Hololive_CallNatsuiroMatsuri","Hololive_OvertimeWork"],"picked":"Hololive_CallHoushouMarine","floor":27},{"not_picked":["Hololive_BeCareful","Hololive_CallHoushouMarine","Hololive_SoulCatcher"],"picked":"Hololive_CallOkamiMio","floor":28},{"not_picked":["Hololive_OvertimeWork+1","Hololive_Drill+1","Hololive_CallTokinoSora"],"picked":"Hololive_CallMurasakiShion","floor":29},{"not_picked":["Hololive_CallTokoyamiTowa","Hololive_Yoholoon+1","Hololive_CallOzoraSubaru"],"picked":"Hololive_CallYozoraMel+1","floor":34},{"not_picked":["Hololive_HuntDinosaur+1","Hololive_Breathe","Hololive_CallYukihanaLamy+1"],"picked":"Hololive_CallAZKi+1","floor":35},{"not_picked":["Hololive_HuntDinosaur","Hololive_StrengthChampion+1","Hololive_CallTokinoSora"],"picked":"Hololive_CallMinatoAqua+1","floor":37},{"not_picked":["Hololive_Trident","Hololive_Breathe","Hololive_CallYogiri"],"picked":"Hololive_CallYuzukiChoco+1","floor":38},{"not_picked":["Hololive_RevenueBasedLive+1","Hololive_CallAiraniIofifteen","Hololive_OvertimeWork+1","Hololive_Psychosis"],"picked":"SKIP","floor":41},{"not_picked":["Hololive_CallDoris","Hololive_CallNekomataOkayu+1","Hololive_DDD"],"picked":"Hololive_CallManoAloe+1","floor":42},{"not_picked":["Hololive_Rebound+1","Hololive_CallDoris+1","Hololive_Sequa+1"],"picked":"Hololive_CallSpadeEcho+1","floor":44},{"not_picked":["Hololive_CallMinatoAqua","Hololive_Sequa+1","Hololive_LuckPotion"],"picked":"Hololive_FlyingPonyTail","floor":45},{"not_picked":["Hololive_ASMR","Hololive_Rebound","Hololive_Yoholoon+1","Hololive_CallShishiroBotan+1"],"picked":"SKIP","floor":46},{"not_picked":["Apotheosis","Discovery","Blind"],"picked":"Impatience","floor":47},{"not_picked":["Magnetism","Blind","Swift Strike"],"picked":"Secret Weapon","floor":47},{"not_picked":["Flash of Steel","Swift Strike","HandOfGreed"],"picked":"Discovery","floor":47},{"not_picked":["Hololive_CallYukihanaLamy+1","Hololive_CallShiroganeNoel+1","Hololive_BringToTrial+1"],"picked":"Hololive_FlyingPonyTail","floor":48},{"not_picked":["Hololive_Trident","Hololive_CallNatsuiroMatsuri","Hololive_RevenueBasedLive"],"picked":"Hololive_LuckPotion","floor":53},{"not_picked":["Hololive_OvertimeWork","Hololive_CocoNews","Hololive_Breathe"],"picked":"Hololive_CallKiryuuCoco","floor":53},{"not_picked":["Hololive_ManjiGathering","Hololive_Psychosis","Hololive_CocoNews"],"picked":"Hololive_Breathe+1","floor":53},{"not_picked":["Hololive_Rebound+1","Hololive_FlyingPonyTail","Hololive_HuntDinosaur+1"],"picked":"Hololive_CallMomosuzuNene","floor":53},{"not_picked":["Hololive_CallOzoraSubaru+1","Hololive_StrengthChampion","Hololive_RevenueBasedLive"],"picked":"Hololive_Rebound+1","floor":53}],"player_experience":156984,"relics_obtained":[{"floor":7.0,"key":"Vajra"},{"floor":12.0,"key":"Matryoshka"},{"floor":23,"key":"Peace Pipe"},{"floor":25,"key":"Sundial"},{"floor":26,"key":"Hololive_LightStick"},{"floor":26,"key":"Dream Catcher"},{"floor":28,"key":"Anchor"},{"floor":43,"key":"Bronze Scales"},{"floor":43,"key":"Whetstone"},{"floor":48,"key":"Pantograph"}],"event_choices":[{"damage_healed":0.0,"max_hp_gain":0.0,"max_hp_loss":0.0,"gold_gain":0.0,"event_name":"World of Goop","player_choice":"Left Gold","floor":3.0,"gold_loss":47.0,"damage_taken":0.0},{"damage_healed":0.0,"max_hp_gain":0.0,"max_hp_loss":0.0,"gold_gain":0.0,"event_name":"Shining Light","player_choice":"Entered Light","floor":4.0,"gold_loss":0.0,"damage_taken":7.0,"cards_upgraded":["Hololive_Strike","Hololive_CallShiroganeNoel"]},{"damage_healed":0,"gold_gain":0,"cards_transformed":["Hololive_CallTokoyamiTowa","Hololive_CallTsunomakiWatame"],"player_choice":"Became Test Subject","damage_taken":0,"max_hp_gain":0,"max_hp_loss":0,"event_name":"Drug Dealer","floor":20,"gold_loss":0,"cards_obtained":["Hololive_CallDoris","Hololive_CallOmaruPolka"]},{"damage_healed":0,"gold_gain":0,"player_choice":"Max HP","damage_taken":0,"max_hp_gain":0,"max_hp_loss":2,"event_name":"Winding Halls","floor":36,"gold_loss":0},{"cards_removed":["Hololive_Breathe"],"damage_healed":0,"gold_gain":0,"player_choice":"Removed Skill","damage_taken":0,"max_hp_gain":0,"max_hp_loss":0,"event_name":"Falling","floor":39,"gold_loss":0},{"damage_healed":0,"gold_gain":0,"player_choice":"Memory 3","damage_taken":10,"max_hp_gain":0,"max_hp_loss":0,"event_name":"SensoryStone","floor":47,"gold_loss":0}],"is_beta":false,"boss_relics":[{"not_picked":["Busted Crown","Ectoplasm"],"picked":"Astrolabe"},{"not_picked":["Calling Bell","Fusion Hammer"],"picked":"Tiny House"}],"items_purged_floors":[10,21,53],"is_endless":false,"potions_floor_spawned":[2,12,16,18,19,24,28,33,37,38,44,46,48],"killed_by":"Shield and Spear","ascension_level":0}}