{"host":"63yhhrjweyj22b0v","time":1608717228,"event":{"mods":["BaseMod","Minty Spire (QoL Compilation)","Quick Restart"],"gold_per_floor":[112,112,112,125,141,141,156,167,191,211,229,229,256,133,133,229,229,240,257,257,172,196,196,96,96,121,140,173,173,193,212,212,212,212],"floor_reached":33,"playtime":1088,"items_purged":["Strike_P","EmptyMind+1"],"score":319,"play_id":"e7ef2fc6-ad5b-49c5-9e75-4b97a1f18eb6","local_time":"20201223035348","is_ascension_mode":false,"campfire_choices":[{"data":"Conclude","floor":6,"key":"SMITH"},{"floor":12,"key":"REST"},{"data":"FlurryOfBlows","floor":15,"key":"SMITH"},{"data":"PathToVictory","floor":25,"key":"SMITH"},{"floor":29,"key":"REST"},{"floor":32,"key":"REST"}],"circlet_count":0,"master_deck":["Strike_P","Defend_P","Defend_P","Defend_P","Eruption+1","Vigilance","Crescendo","FlurryOfBlows+1","Conclude+1","EmptyFist","SpiritShield","PathToVictory+1","PathToVictory","Ragnarok","Indignation+1","FearNoEvil+1","FollowUp","FollowUp+1","Worship","PathToVictory+1","DevaForm","Halt+1","JustLucky+1","DeusExMachina","FlurryOfBlows+1"],"relics":["PureWater","Vajra","Anchor","Bag of Preparation","Astrolabe","Dream Catcher","Nloth\u0027s Gift","Question Card"],"acts_visited":["Exordium","TheCity"],"potions_floor_usage":[10,11,11,16,18,28,31,33],"damage_taken":[{"damage":0,"enemies":"2 Louse","floor":1,"turns":2},{"damage":3,"enemies":"Jaw Worm","floor":4,"turns":2},{"damage":0,"enemies":"Small Slimes","floor":5,"turns":3},{"damage":0,"enemies":"Exordium Wildlife","floor":7,"turns":2},{"damage":0,"enemies":"Blue Slaver","floor":8,"turns":1},{"damage":0,"enemies":"3 Louse","floor":10,"turns":2},{"damage":10,"enemies":"Exordium Thugs","floor":11,"turns":3},{"damage":16,"enemies":"Gremlin Nob","floor":13,"turns":3},{"damage":0,"enemies":"Slime Boss","floor":16,"turns":6},{"damage":8,"enemies":"Shell Parasite","floor":18,"turns":3},{"damage":0,"enemies":"Spheric Guardian","floor":19,"turns":1},{"damage":24,"enemies":"Centurion and Healer","floor":27,"turns":3},{"damage":39,"enemies":"Slavers","floor":28,"turns":4},{"damage":0,"enemies":"Snake Plant","floor":30,"turns":3},{"damage":0,"enemies":"Cultist and Chosen","floor":31,"turns":3},{"damage":132,"enemies":"Automaton","floor":33,"turns":6}],"seed_played":"6824616352703677450","potions_obtained":[{"floor":5,"key":"AttackPotion"},{"floor":7,"key":"Weak Potion"},{"floor":10,"key":"Fire Potion"},{"floor":13,"key":"Ancient Potion"},{"floor":16,"key":"SkillPotion"},{"floor":19,"key":"LiquidMemories"},{"floor":28,"key":"ColorlessPotion"},{"floor":31,"key":"PowerPotion"}],"is_trial":false,"path_per_floor":["M","?","?","M","M","R","M","M","T","M","M","R","E","$","R","B",null,"M","M","?","?","T","?","$","R","T","M","E","R","M","M","R","B"],"character_chosen":"WATCHER","items_purchased":["PathToVictory"],"campfire_rested":3,"item_purchase_floors":[14],"current_hp_per_floor":[72,65,58,55,55,55,55,55,55,55,45,66,50,50,50,50,72,64,64,64,64,64,64,64,64,64,40,1,22,22,22,43,0,0],"gold":212,"neow_bonus":"UPGRADE_CARD","is_daily":false,"chose_seed":false,"campfire_upgraded":3,"win_rate":0.0,"timestamp":1608717228,"path_taken":["M","?","?","M","M","R","M","M","T","M","M","R","E","$","R","BOSS","M","M","?","?","?","?","$","R","T","?","E","R","M","M","R","BOSS"],"items_purchased_type":["Card"],"build_version":"2020-12-22","purchased_purges":2,"victory":false,"max_hp_per_floor":[72,72,72,72,72,72,72,72,72,72,72,72,72,72,72,72,72,72,72,72,72,72,72,72,72,72,72,72,72,72,72,72,72,72],"card_choices":[{"not_picked":["FollowUp","WindmillStrike"],"picked":"Crescendo","floor":1},{"not_picked":["JustLucky","Tantrum"],"picked":"FlurryOfBlows","floor":4},{"not_picked":["Indignation","ClearTheMind"],"picked":"Conclude","floor":5},{"not_picked":["WaveOfTheHand","Conclude"],"picked":"EmptyFist","floor":7},{"not_picked":["BattleHymn","EmptyMind","EmptyBody"],"picked":"SKIP","floor":8},{"not_picked":["FlyingSleeves","EmptyBody"],"picked":"SpiritShield","floor":10},{"not_picked":["Consecrate","Evaluate"],"picked":"PathToVictory","floor":11},{"not_picked":["EmptyFist","CutThroughFate"],"picked":"Consecrate","floor":13},{"not_picked":["SpiritShield","Omniscience"],"picked":"Ragnarok","floor":16},{"not_picked":["Crescendo","FollowUp","Evaluate+1"],"picked":"SKIP","floor":18},{"not_picked":["Crescendo","Evaluate+1"],"picked":"FollowUp","floor":18},{"not_picked":["ThirdEye","Perseverance"],"picked":"FollowUp+1","floor":19},{"not_picked":["Prostrate+1","SignatureMove"],"picked":"PathToVictory+1","floor":27},{"not_picked":["FlurryOfBlows+1","FearNoEvil"],"picked":"DevaForm","floor":28},{"not_picked":["BowlingBash","EmptyBody+1","CrushJoints"],"picked":"Halt+1","floor":29},{"not_picked":["Evaluate+1","Collect","Sanctity"],"picked":"JustLucky+1","floor":30},{"not_picked":["FlyingSleeves+1","ThirdEye+1","SashWhip+1"],"picked":"DeusExMachina","floor":31},{"not_picked":["JustLucky","ClearTheMind","SashWhip"],"picked":"FlurryOfBlows+1","floor":32}],"player_experience":637765,"relics_obtained":[{"floor":9,"key":"Anchor"},{"floor":13,"key":"Bag of Preparation"},{"floor":22,"key":"Dream Catcher"},{"floor":28,"key":"Question Card"}],"event_choices":[{"damage_healed":0,"gold_gain":0,"player_choice":"Success","damage_taken":7,"relics_obtained":["Vajra"],"max_hp_gain":0,"max_hp_loss":0,"event_name":"Scrap Ooze","floor":2,"gold_loss":0},{"cards_removed":["Strike_P"],"damage_healed":0,"gold_gain":0,"player_choice":"Card Removal","damage_taken":7,"max_hp_gain":0,"max_hp_loss":0,"event_name":"Golden Wing","floor":3,"gold_loss":0},{"damage_healed":0,"gold_gain":0,"player_choice":"Read","damage_taken":0,"max_hp_gain":0,"max_hp_loss":0,"event_name":"The Library","floor":20,"gold_loss":0,"cards_obtained":["Worship"]},{"damage_healed":0,"gold_gain":0,"player_choice":"Obtained Relic","damage_taken":0,"relics_obtained":["Eternal Feather"],"max_hp_gain":0,"max_hp_loss":0,"event_name":"Addict","floor":21,"gold_loss":85},{"damage_healed":0,"gold_gain":0,"player_choice":"Traded Relic","damage_taken":0,"relics_obtained":["Nloth\u0027s Gift"],"max_hp_gain":0,"max_hp_loss":0,"event_name":"N\u0027loth","floor":23,"relics_lost":["Eternal Feather"],"gold_loss":0}],"is_beta":false,"boss_relics":[{"not_picked":["Fusion Hammer","Snecko Eye"],"picked":"Astrolabe"}],"items_purged_floors":[14,24],"is_endless":false,"potions_floor_spawned":[5,7,10,13,16,19,28,31],"killed_by":"Automaton","ascension_level":0}}