{"host":"ss2ocoam53r2lno0","time":1608748435,"event":{"mods":["Act Like it!","BaseMod","ChefMod","Colored Powertips","Displayed Cursed Tome","Downfall","Googly Eyes","Hallownest","Highlight Path","Minty Spire (QoL Compilation)","Rare Cards Sparkle","Robot Space Explorer","Shade Mod","Shop Mod","Spicy Shops","StSLib","The Marked"],"gold_per_floor":[110,110,121,139,139,139,155,155,155,193,0,33,33,74,74,203,203,218,143,143,2,21,21,42,81,107,107,107,127,127,152,152,280,343,359,41,56,56,389,416,429,444,469,487,487,487,487],"floor_reached":46,"playtime":2865,"items_purged":["theMarked:Strike","theMarked:Strike","theMarked:Strike"],"score":538,"play_id":"3a09df89-6cce-470f-a650-1faf0dd3f09e","local_time":"20201223193355","is_ascension_mode":false,"campfire_choices":[{"data":"theMarked:BanishingStrike","floor":6,"key":"SMITH"},{"data":"theMarked:Indomitable","floor":8,"key":"SMITH"},{"floor":13,"key":"REST"},{"floor":15,"key":"REST"},{"floor":23,"key":"REST"},{"floor":27,"key":"REST"},{"floor":30,"key":"REST"},{"floor":32,"key":"REST"},{"data":"theMarked:MysticalArsenal","floor":45,"key":"SMITH"}],"circlet_count":0,"master_deck":["theMarked:Strike","theMarked:Strike","theMarked:Defend+1","theMarked:Defend","theMarked:Defend","theMarked:SoldierOfQuellstein","theMarked:BanishingStrike+1","theMarked:Frustration","theMarked:Indomitable+1","theMarked:MysticalArsenal+1","theMarked:BanishingWave","theMarked:BanishingStrike","theMarked:Challenge","theMarked:WardOff","theMarked:HeritageOfTheMarked+1","theMarked:BanishingStrike","theMarked:BanishingStrike","theMarked:WardOff+1","theMarked:Defy","theMarked:DeterminationOfTheMarked","Madness","Madness","theMarked:Seal+1","theMarked:MysticalArsenal+1"],"relics":["theMarked:ArtifactOfAir","NeowsBlessing","Incense Burner","theMarked:KettuFlask","Vajra","Omamori","theMarked:Eyepatch","MutagenicStrength","Pocketwatch","sneckomod:BlankCard","MerchantsRug","Bag of Preparation","Art of War"],"acts_visited":["Exordium","TheCity","TheBeyond"],"potions_floor_usage":[25,25,25,33,40,40,40,44],"damage_taken":[{"damage":0,"enemies":"Small Slimes","floor":1,"turns":1},{"damage":0,"enemies":"Jaw Worm","floor":3,"turns":1},{"damage":0,"enemies":"Cultist","floor":4,"turns":1},{"damage":9,"enemies":"3 Louse","floor":7,"turns":4},{"damage":20,"enemies":"Gremlin Nob","floor":10,"turns":4},{"damage":19,"enemies":"Lagavulin","floor":12,"turns":4},{"damage":31,"enemies":"3 Sentries","floor":14,"turns":6},{"damage":14,"enemies":"Hexaghost","floor":16,"turns":7},{"damage":38,"enemies":"2 Thieves","floor":18,"turns":4},{"damage":22,"enemies":"3 Byrds","floor":22,"turns":5},{"damage":18,"enemies":"3 Cultists","floor":24,"turns":4},{"damage":10,"enemies":"Slavers","floor":25,"turns":3},{"damage":18,"enemies":"Snake Plant","floor":29,"turns":3},{"damage":0,"enemies":"Snecko","floor":31,"turns":3},{"damage":18,"enemies":"Champ","floor":33,"turns":6},{"damage":0,"enemies":"Orb Walker","floor":35,"turns":3},{"damage":21,"enemies":"3 Darklings","floor":37,"turns":5},{"damage":31,"enemies":"Reptomancer","floor":40,"turns":5},{"damage":0,"enemies":"4 Shapes","floor":41,"turns":2},{"damage":0,"enemies":"Sphere and 2 Shapes","floor":42,"turns":3},{"damage":16,"enemies":"Writhing Mass","floor":44,"turns":3},{"damage":15,"enemies":"Giant Head","floor":46,"turns":4}],"seed_played":"-6337559807958939195","potions_obtained":[{"floor":3,"key":"Strength Potion"},{"floor":10,"key":"sneckomod:MuddlingPotion"},{"floor":14,"key":"Block Potion"},{"floor":31,"key":"DuplicationPotion"},{"floor":33,"key":"Regen Potion"},{"floor":34,"key":"EssenceOfSteel"},{"floor":35,"key":"Block Potion"},{"floor":40,"key":"sneckomod:MuddlingPotion"},{"floor":44,"key":"theMarked:ChargePotion"}],"is_trial":false,"path_per_floor":["M","?","M","M","?","R","M","R","T","E","$","E","R","E","R","B",null,"M","?","?","$","M","R","M","E","T","R","?","M","R","M","R","B",null,"M","$","M","?","?","E","M","M","T","M","R","E"],"character_chosen":"THE_DEFAULT","items_purchased":["theMarked:BanishingWave","theMarked:HeritageOfTheMarked","MerchantsRug","theMarked:DeterminationOfTheMarked"],"campfire_rested":6,"item_purchase_floors":[11,21,36,36],"current_hp_per_floor":[70,75,75,75,69,69,60,60,60,40,40,21,41,10,30,16,69,31,31,31,31,9,29,11,1,1,21,21,3,23,23,43,25,74,74,74,53,44,44,25,25,25,25,9,9,0,0],"gold":487,"neow_bonus":"THREE_ENEMY_KILL","is_daily":false,"chose_seed":false,"campfire_upgraded":3,"win_rate":0.0,"timestamp":1608748435,"path_taken":["M","?","M","M","?","R","M","R","T","E","$","E","R","E","R","BOSS","M","?","?","$","M","R","M","E","T","R","?","M","R","?","R","BOSS","M","$","M","?","?","E","M","M","T","M","R","E"],"items_purchased_type":["Card","Card","Relic","Card"],"build_version":"2020-12-22","purchased_purges":3,"victory":false,"max_hp_per_floor":[70,75,75,75,69,69,69,69,69,69,69,69,69,69,69,69,69,69,69,69,69,69,69,69,69,69,69,69,69,69,69,69,69,74,74,74,74,74,74,74,74,74,74,74,74,74,74],"card_choices":[{"not_picked":["theMarked:Parkour","theMarked:WastefulAttack"],"picked":"theMarked:BanishingStrike","floor":1},{"not_picked":["theMarked:Parkour","theMarked:Electrocute","theMarked:ChainLightning"],"picked":"SKIP","floor":3},{"not_picked":["theMarked:WastefulAttack","theMarked:Static"],"picked":"theMarked:Frustration","floor":4},{"not_picked":["theMarked:SwordAndMagic","theMarked:RepellingDischarge"],"picked":"theMarked:Indomitable","floor":7},{"not_picked":["theMarked:Improvise","theMarked:EternalStudent"],"picked":"theMarked:MysticalArsenal","floor":10},{"not_picked":["theMarked:ElectricStrings","theMarked:Snap"],"picked":"theMarked:BanishingStrike","floor":12},{"not_picked":["theMarked:SelfDefenseTraining","theMarked:HeightenedSenses","theMarked:ReduceFriction"],"picked":"SKIP","floor":14},{"not_picked":["theMarked:SoldierForm","theMarked:Snap"],"picked":"theMarked:Challenge","floor":16},{"not_picked":["theMarked:Static","theMarked:EnhanceMovement"],"picked":"theMarked:WardOff","floor":18},{"not_picked":["theMarked:TunnelVision","theMarked:RogueSparks+1"],"picked":"theMarked:BanishingStrike","floor":22},{"not_picked":["theMarked:Static","theMarked:HeightenedSenses","theMarked:ResourceFulStrike+1"],"picked":"SKIP","floor":24},{"not_picked":["theMarked:Improvise","theMarked:Frustration"],"picked":"theMarked:BanishingStrike","floor":25},{"not_picked":["theMarked:Parkour","theMarked:Static"],"picked":"theMarked:WardOff+1","floor":29},{"not_picked":["theMarked:LightningStrikesTwice","theMarked:Aftermath+1","theMarked:Indomitable"],"picked":"SKIP","floor":31},{"not_picked":["theMarked:ChannelForce","theMarked:UnarmedFury"],"picked":"theMarked:Defy","floor":33},{"not_picked":["theMarked:ResourceFulStrike+1","theMarked:ElectricStrings","theMarked:PowerFlow+1"],"picked":"SKIP","floor":35},{"not_picked":["theMarked:Parkour","theMarked:Opportunist","theMarked:TwofoldDefense+1"],"picked":"SKIP","floor":37},{"not_picked":["theMarked:Reabsorb","theMarked:Aftermath+1","theMarked:ShockingTouch"],"picked":"SKIP","floor":40},{"not_picked":["theMarked:Overcharge","theMarked:Indomitable"],"picked":"theMarked:Seal+1","floor":41},{"not_picked":["theMarked:Frustration+1","theMarked:Electrocute","theMarked:Improvise"],"picked":"SKIP","floor":42},{"not_picked":["theMarked:ReduceFriction+1","theMarked:ChainLightning"],"picked":"theMarked:MysticalArsenal+1","floor":44}],"player_experience":594699,"relics_obtained":[{"floor":9,"key":"Incense Burner"},{"floor":10,"key":"theMarked:KettuFlask"},{"floor":12,"key":"Vajra"},{"floor":14,"key":"Omamori"},{"floor":25,"key":"Pocketwatch"},{"floor":26,"key":"sneckomod:BlankCard"},{"floor":40,"key":"Bag of Preparation"},{"floor":43,"key":"Art of War"}],"event_choices":[{"damage_healed":0,"gold_gain":0,"player_choice":"Donut","damage_taken":0,"max_hp_gain":5,"max_hp_loss":0,"event_name":"Big Fish","floor":2,"gold_loss":0},{"damage_healed":0,"gold_gain":0,"player_choice":"Lose Max HP","damage_taken":0,"relics_obtained":["Golden Idol"],"max_hp_gain":0,"max_hp_loss":6,"event_name":"Golden Idol","floor":5,"gold_loss":0},{"cards_removed":["theMarked:Defend"],"damage_healed":0,"gold_gain":0,"player_choice":"Gave Gold","damage_taken":0,"max_hp_gain":0,"max_hp_loss":0,"event_name":"Beggar","floor":19,"gold_loss":75},{"damage_healed":0,"gold_gain":0,"player_choice":"Inject Mutagens","damage_taken":0,"relics_obtained":["MutagenicStrength"],"max_hp_gain":0,"max_hp_loss":0,"event_name":"Drug Dealer","floor":20,"gold_loss":0},{"damage_healed":0,"gold_gain":0,"player_choice":"Forge","damage_taken":0,"max_hp_gain":0,"max_hp_loss":0,"event_name":"Accursed Blacksmith","floor":28,"gold_loss":0,"cards_upgraded":["theMarked:HeritageOfTheMarked"]},{"damage_healed":0,"gold_gain":0,"player_choice":"Embrace Madness","damage_taken":9,"max_hp_gain":0,"max_hp_loss":0,"event_name":"Winding Halls","floor":38,"gold_loss":0,"cards_obtained":["Madness","Madness"]},{"damage_healed":0,"gold_gain":333,"player_choice":"Gave Idol","damage_taken":0,"max_hp_gain":0,"max_hp_loss":0,"event_name":"The Moai Head","floor":39,"relics_lost":["Golden Idol"],"gold_loss":0}],"is_beta":false,"boss_relics":[{"not_picked":["Pandora\u0027s Box","Ectoplasm"],"picked":"theMarked:Eyepatch"},{"not_picked":["expansioncontent:StudyCardRelic","Velvet Choker"],"picked":"Tiny House"}],"items_purged_floors":[11,21,36],"is_endless":false,"potions_floor_spawned":[3,10,14,16,18,31,33,35,40,44],"killed_by":"Giant Head","ascension_level":0}}