{"host":"nukjzc0ca34w6eem","time":1608712873,"event":{"mods":["2.2 Compatiblity","AchievementEnabler","BaseMod","Colored Powertips","Downfall","Minty Spire (QoL Compilation)","StSLib"],"gold_per_floor":[99,114,132,151,27,27,74,105,120,148,165,197,122,139,150,246,246,246,257,267,130,144,79,79,96,96,264,279,347,364,393,393,393,393],"floor_reached":32,"playtime":3003,"items_purged":["Guardian:Strike_Guardian","Guardian:Strike_Guardian","Guardian:Strike_Guardian"],"score":454,"play_id":"5517aaee-e0e0-4826-9a1a-73d360376680","local_time":"20201223004113","is_ascension_mode":true,"campfire_choices":[{"data":"Guardian:TwinSlam","floor":1,"key":"SMITH"},{"data":"Guardian:PrismaticBeam","floor":6,"key":"SMITH"},{"floor":13,"key":"REST"},{"data":"Guardian:FuturePlans","floor":18,"key":"SMITH"},{"floor":26,"key":"REST"}],"circlet_count":0,"master_deck":["Guardian:Defend_Guardian","Guardian:Defend_Guardian","Guardian:Defend_Guardian","Guardian:CurlUp","Guardian:TwinSlam+1","Guardian:Harden","Guardian:MultiBeam","Guardian:SpikerProtocol","Guardian:PrismaticBeam+1","Guardian:FuturePlans+1","Guardian:Preprogram","Guardian:DecasProtection","Guardian:PiercingHide","Guardian:MultiBeam","Guardian:StasisEngine","Guardian:PolyBeam","Guardian:SentryBeam","Guardian:PrimingBeam","Guardian:Suspension","Guardian:Gem_White","Guardian:Gem_White"],"relics":["Guardian:ModeShifter","Bag of Preparation","hexamod:BolsterEngine","Smiling Mask","Omamori","downfall:HeartBlessingGreen","Runic Dome","Pen Nib","HornCleat","Oddly Smooth Stone"],"acts_visited":["Exordium","TheCity"],"potions_floor_usage":[9,10,12,12,16,31,31],"damage_taken":[{"damage":0,"enemies":"Cultist","floor":2,"turns":4},{"damage":0,"enemies":"Jaw Worm","floor":3,"turns":3},{"damage":4,"enemies":"Small Slimes","floor":4,"turns":4},{"damage":0,"enemies":"downfall:FleeingMerchant","floor":5,"turns":4},{"damage":13,"enemies":"Lagavulin","floor":8,"turns":7},{"damage":0,"enemies":"Exordium Thugs","floor":9,"turns":4},{"damage":19,"enemies":"Gremlin Nob","floor":10,"turns":4},{"damage":5,"enemies":"2 Fungi Beasts","floor":11,"turns":3},{"damage":0,"enemies":"Lagavulin","floor":12,"turns":5},{"damage":7,"enemies":"3 Louse","floor":14,"turns":2},{"damage":1,"enemies":"Gremlin Gang","floor":15,"turns":2},{"damage":7,"enemies":"downfall:Ironclad","floor":16,"turns":8},{"damage":7,"enemies":"Shell Parasite","floor":19,"turns":5},{"damage":16,"enemies":"Chosen","floor":20,"turns":5},{"damage":2,"enemies":"downfall:FleeingMerchant","floor":21,"turns":4},{"damage":12,"enemies":"Shelled Parasite and Fungi","floor":22,"turns":5},{"damage":9,"enemies":"downfall:FleeingMerchant","floor":23,"turns":4},{"damage":15,"enemies":"3 Cultists","floor":25,"turns":4},{"damage":9,"enemies":"downfall:FleeingMerchant","floor":27,"turns":4},{"damage":14,"enemies":"Sentry and Sphere","floor":28,"turns":4},{"damage":0,"enemies":"Snecko","floor":30,"turns":3},{"damage":0,"enemies":"Slavers","floor":31,"turns":2},{"damage":10,"enemies":"Centurion and Healer","floor":32,"turns":3}],"seed_played":"-8925768437611165356","potions_obtained":[{"floor":3,"key":"BlessingOfTheForge"},{"floor":4,"key":"Explosive Potion"},{"floor":8,"key":"Guardian:StasisDiscoveryPotion"},{"floor":10,"key":"Weak Potion"},{"floor":12,"key":"Strength Potion"},{"floor":20,"key":"SpeedPotion"},{"floor":22,"key":"SpeedPotion"},{"floor":30,"key":"SkillPotion"}],"is_trial":false,"path_per_floor":["R","M","M","M","$","R","T","E","M","E","M","E","R","M","M","B",null,"R","M","M","$","M","$","T","M","R","$","M","T","M","E","M"],"character_chosen":"GUARDIAN","items_purchased":["Guardian:SpikerProtocol","Guardian:PrismaticBeam","Guardian:SentryBeam","Guardian:Gem_White","Strength Potion"],"campfire_rested":2,"item_purchase_floors":[5,5,21,27,27],"current_hp_per_floor":[51,51,51,47,47,47,47,34,34,15,10,10,34,27,26,19,65,65,58,42,40,28,19,19,4,28,19,5,5,5,5,0,0,0],"gold":393,"neow_bonus":"REMOVE_TWO","is_daily":false,"chose_seed":false,"campfire_upgraded":3,"win_rate":0.0,"timestamp":1608712873,"path_taken":["R","M","M","M","$","R","T","E","?","E","M","E","R","?","M","BOSS","R","M","M","$","M","$","T","M","R","?","M","?","M","E","M"],"items_purchased_type":["Card","Card","Card","Card","Potion"],"build_version":"2020-12-22","purchased_purges":3,"victory":false,"max_hp_per_floor":[80,80,80,80,80,80,80,80,80,80,80,80,80,80,80,80,80,80,80,80,80,80,80,80,80,80,80,80,80,80,80,80,80,80],"card_choices":[{"not_picked":["Guardian:Gem_Cyan","Guardian:GuardianWhirl"],"picked":"Guardian:Harden","floor":2},{"not_picked":["Guardian:VentSteam","Guardian:WalkerClaw"],"picked":"Guardian:MultiBeam","floor":3},{"not_picked":["Guardian:Gem_Lightblue","Guardian:WalkerClaw"],"picked":"Guardian:Gem_Cyan","floor":4},{"not_picked":["Guardian:BronzeOrb","Guardian:Recover"],"picked":"Guardian:Gem_Orange","floor":5},{"not_picked":["Guardian:Gem_Cyan","Guardian:TemporalShield"],"picked":"Guardian:FuturePlans","floor":8},{"not_picked":["Guardian:ChargeCore","Guardian:ShieldCharger","Guardian:RefractedBeam"],"picked":"SKIP","floor":9},{"not_picked":["Guardian:RollAttack","Guardian:Gem_Green"],"picked":"Guardian:Preprogram","floor":10},{"not_picked":["Guardian:WalkerClaw","Guardian:Emergency","Guardian:Incinerate"],"picked":"SKIP","floor":11},{"not_picked":["Guardian:TimeBomb","Guardian:HyperBeam_Guardian"],"picked":"Guardian:DecasProtection","floor":12},{"not_picked":["Guardian:ShieldCharger","Guardian:VentSteam"],"picked":"Guardian:PiercingHide","floor":14},{"not_picked":["Guardian:Reroute","Guardian:ShieldSpikes"],"picked":"Guardian:MultiBeam","floor":15},{"not_picked":["Guardian:HyperBeam_Guardian","Guardian:TimeSifter"],"picked":"Guardian:StasisEngine","floor":16},{"not_picked":["Guardian:Gem_Crimson","Guardian:TemporalShield+1"],"picked":"Guardian:Gem_Lightblue","floor":19},{"not_picked":["Guardian:Suspension","Guardian:Repulse"],"picked":"Guardian:PolyBeam","floor":20},{"not_picked":["Guardian:RollAttack","Guardian:Preprogram"],"picked":"Guardian:Gem_Yellow","floor":21},{"not_picked":["Guardian:RefractedBeam","Guardian:PrismaticBeam","Guardian:PolyBeam+1"],"picked":"SKIP","floor":22},{"not_picked":["Guardian:Reroute+1","Guardian:Gem_Red"],"picked":"Guardian:PrimingBeam","floor":23},{"not_picked":["Guardian:Gem_Green","Guardian:TemporalShield"],"picked":"Guardian:Gem_Red","floor":25},{"not_picked":["Guardian:BronzeOrb","Guardian:Planning"],"picked":"Guardian:Suspension","floor":27},{"not_picked":["Guardian:WalkerClaw+1","Guardian:TemporalStrike+1","Guardian:Incinerate"],"picked":"SKIP","floor":28},{"not_picked":["Guardian:CrystalBeam","Guardian:Gem_Cyan","Guardian:Gem_Green"],"picked":"SKIP","floor":30},{"not_picked":["Guardian:ChargeCore+1","Guardian:VentSteam"],"picked":"Guardian:Gem_White","floor":31}],"player_experience":454782,"relics_obtained":[{"floor":7,"key":"Bag of Preparation"},{"floor":8,"key":"hexamod:BolsterEngine"},{"floor":10,"key":"Smiling Mask"},{"floor":12,"key":"Omamori"},{"floor":24,"key":"Pen Nib"},{"floor":29,"key":"HornCleat"},{"floor":31,"key":"Oddly Smooth Stone"}],"event_choices":[],"is_beta":false,"boss_relics":[{"not_picked":["Fusion Hammer","downfall:Hecktoplasm"],"picked":"Runic Dome"}],"items_purged_floors":[21,23,27],"is_endless":false,"potions_floor_spawned":[3,4,8,10,12,20,22,30],"killed_by":"Centurion and Healer","ascension_level":7}}