{"host":"rjmu5g8hpiele53d","time":1608756371,"event":{"mods":["2.2 Compatiblity","BaseMod","Downfall","GifTheSpireLib","Minty Spire (QoL Compilation)","StSLib"],"gold_per_floor":[99,119,119,7,18,18,18,18,3,3,22,22,57,66,84,196,196,196,224,60,89,89,89,89],"floor_reached":22,"playtime":1573,"items_purged":[],"score":181,"play_id":"91edd1c4-1365-4a96-8f3a-f254f5a5ef22","local_time":"20201223204610","is_ascension_mode":true,"campfire_choices":[{"floor":1,"key":"DIG"},{"floor":6,"key":"DIG"},{"floor":10,"key":"DIG"},{"floor":12,"key":"DIG"},{"floor":18,"key":"DIG"}],"circlet_count":0,"master_deck":["hexamod:Strike","hexamod:Strike","hexamod:Strike","hexamod:Defend","hexamod:Defend","hexamod:Defend","hexamod:Defend","hexamod:Sear","hexamod:Float","hexamod:GhostLash","hexamod:SpectralAdrenaline","hexamod:GhostflameInferno","expansioncontent:Chronoboost","hexamod:NightmareStrike","hexamod:VolcanoVisage","hexamod:Firestarter","hexamod:GhostShield","hexamod:CrushingStance","hexamod:FirstSeal","hexamod:GiftsFromTheDead","hexamod:PhantomFireball","hexamod:FlamesFromBeyond","Panache","hexamod:NightmareStrike"],"relics":["hexamod:SpiritBrand","Shovel","Darkstone Periapt","Pantograph","Gremlin Horn","CeramicFish","Odd Mushroom","Busted Crown","Dead Branch"],"acts_visited":["Exordium","TheCity"],"potions_floor_usage":[16,22],"damage_taken":[{"damage":0,"enemies":"Jaw Worm","floor":2,"turns":3},{"damage":0,"enemies":"downfall:FleeingMerchant","floor":4,"turns":4},{"damage":0,"enemies":"Cultist","floor":5,"turns":3},{"damage":4,"enemies":"downfall:FleeingMerchant","floor":9,"turns":4},{"damage":5,"enemies":"2 Louse","floor":11,"turns":3},{"damage":9,"enemies":"The Mushroom Lair","floor":13,"turns":4},{"damage":3,"enemies":"Lots of Slimes","floor":15,"turns":5},{"damage":33,"enemies":"downfall:Ironclad","floor":16,"turns":10},{"damage":0,"enemies":"Shell Parasite","floor":19,"turns":5},{"damage":20,"enemies":"downfall:FleeingMerchant","floor":20,"turns":4},{"damage":32,"enemies":"3 Byrds","floor":21,"turns":4},{"damage":31,"enemies":"Centurion and Healer","floor":22,"turns":2}],"seed_played":"5879249113327837138","potions_obtained":[{"floor":5,"key":"SteroidPotion"},{"floor":11,"key":"Dexterity Potion"},{"floor":15,"key":"Dexterity Potion"},{"floor":21,"key":"Regen Potion"}],"is_trial":false,"path_per_floor":["R","M","?","$","M","R","T","?","$","R","M","R","?","?","M","B",null,"R","M","$","M","M"],"character_chosen":"THE_SPIRIT","items_purchased":["expansioncontent:Chronoboost","Panache"],"campfire_rested":0,"item_purchase_floors":[4,20],"current_hp_per_floor":[63,63,63,63,63,63,63,63,59,59,54,54,45,38,42,37,63,63,63,50,18,0,0,0],"gold":89,"neow_bonus":"ONE_RARE_RELIC","is_daily":false,"chose_seed":false,"campfire_upgraded":0,"win_rate":0.0,"timestamp":1608756370,"path_taken":["R","M","?","?","M","R","T","?","$","R","?","R","?","?","M","BOSS","R","M","$","M","M"],"items_purchased_type":["Card","Card"],"build_version":"2020-12-22","purchased_purges":0,"victory":false,"max_hp_per_floor":[63,63,63,63,63,63,63,63,63,63,63,63,63,63,63,63,63,63,63,63,63,63,63,63],"card_choices":[{"not_picked":["hexamod:ChargedBarrage","hexamod:RetreatToShadows"],"picked":"hexamod:GhostLash","floor":2},{"not_picked":["hexamod:NightmareGuise","hexamod:SpectersWail"],"picked":"hexamod:GhostflameInferno","floor":4},{"not_picked":["hexamod:PhantomCloak","hexamod:GhostOfSpirePast"],"picked":"hexamod:NightmareStrike","floor":5},{"not_picked":["hexamod:AdvancingGuard","hexamod:NightmareGuise"],"picked":"hexamod:Firestarter","floor":9},{"not_picked":["hexamod:NightmareGuise","hexamod:ShieldOfDarkness"],"picked":"hexamod:GhostShield","floor":11},{"not_picked":["hexamod:HeatCrush","hexamod:Again"],"picked":"hexamod:CrushingStance","floor":13},{"not_picked":["hexamod:SecondSeal","hexamod:SkipABeat","hexamod:SpectralSpark"],"picked":"SKIP","floor":15},{"not_picked":["hexamod:GhostflameInferno","hexamod:TimeWarp"],"picked":"hexamod:GiftsFromTheDead","floor":16},{"not_picked":[],"picked":"hexamod:PhantomFireball","floor":19},{"not_picked":[],"picked":"hexamod:FlamesFromBeyond","floor":20},{"not_picked":[],"picked":"hexamod:NightmareStrike","floor":21}],"player_experience":1564147,"relics_obtained":[{"floor":1,"key":"Blue Candle"},{"floor":6,"key":"Darkstone Periapt"},{"floor":7,"key":"Pantograph"},{"floor":10,"key":"Gremlin Horn"},{"floor":12,"key":"CeramicFish"},{"floor":13,"key":"Odd Mushroom"},{"floor":18,"key":"Dead Branch"}],"event_choices":[{"damage_healed":0,"gold_gain":0,"cards_transformed":["hexamod:Strike"],"player_choice":"Transformed","damage_taken":0,"max_hp_gain":0,"max_hp_loss":0,"event_name":"Transmorgrifier","floor":3,"gold_loss":0,"cards_obtained":["hexamod:SpectralAdrenaline"]},{"damage_healed":0,"gold_gain":0,"player_choice":"Fought Mushrooms","damage_taken":0,"max_hp_gain":0,"max_hp_loss":0,"event_name":"Mushrooms","floor":13,"gold_loss":0}],"is_beta":false,"boss_relics":[{"not_picked":["Cursed Key","SlaversCollar"],"picked":"Busted Crown"}],"items_purged_floors":[],"is_endless":false,"potions_floor_spawned":[5,11,15,21],"killed_by":"Centurion and Healer","ascension_level":1}}