{"host":"cbq8yyebcqrqowe9","time":1608763803,"event":{"mods":["BaseMod","Better Altar","Better Match","Better Note","Better Sensory Stone","Better Skull","Better Third Choice","Hermit","Hubris","Minty Spire (QoL Compilation)","StSLib","The Blue Laboratory"],"gold_per_floor":[118,118,144,223,245,257,280,321,409,421,467,479,502,540,552,665,677,701,219,219,235,235,235,264,264,264,264,275,275,308,308,308],"floor_reached":31,"playtime":1802,"items_purged":[],"score":320,"play_id":"50ddc743-5ec4-4225-88a3-7b5322e308d6","local_time":"20201223145003","is_ascension_mode":true,"campfire_choices":[{"floor":6,"key":"REST"},{"floor":12,"key":"REST"},{"floor":15,"key":"REST"},{"floor":23,"key":"REST"},{"floor":25,"key":"REST"},{"floor":29,"key":"REST"}],"circlet_count":0,"master_deck":["Strike_R","Strike_R","Strike_R+1","Strike_R","Strike_R+1","Defend_R","Defend_R","Defend_R","Defend_R","Bash","Blood for Blood","Dropkick","Thunderclap","Battle Trance","Twin Strike","Berserk","Spot Weakness","Limit Break+1","CurseOfTheBell","hubris:EnhanceAbility","hubris:DuctTapeCard","Metallicize","hermit:FullyLoaded","Necronomicurse","Heavy Blade+1","Sword Boomerang+1","Impervious"],"relics":["Burning Blood","NeowsBlessing","hubris:EvacipatedBox","hubris:FruitBowl","Strawberry","MawBank","Ornamental Fan","hubris:Reverence","InkBottle","Whetstone","Calling Bell","hubris:ToyBattleship","hubris:DisguiseKit","Lizard Tail","hubris:DuctTape","Necronomicon","Gremlin Horn","hubris:CrystalStatue","MealTicket"],"acts_visited":["Exordium","TheCity"],"potions_floor_usage":[7,7,13,18,21,30],"damage_taken":[{"damage":0,"enemies":"Cultist","floor":1,"turns":1},{"damage":0,"enemies":"Jaw Worm","floor":3,"turns":1},{"damage":0,"enemies":"2 Louse","floor":5,"turns":1},{"damage":0,"enemies":"Red Slaver","floor":7,"turns":3},{"damage":36,"enemies":"Lagavulin","floor":8,"turns":5},{"damage":26,"enemies":"Gremlin Nob","floor":11,"turns":4},{"damage":0,"enemies":"2 Fungi Beasts","floor":13,"turns":3},{"damage":31,"enemies":"3 Sentries","floor":14,"turns":7},{"damage":33,"enemies":"Slime Boss","floor":16,"turns":10},{"damage":47,"enemies":"2 Thieves","floor":18,"turns":5},{"damage":34,"enemies":"Spheric Guardian","floor":21,"turns":6},{"damage":94,"enemies":"Slavers","floor":24,"turns":6},{"damage":18,"enemies":"Snecko","floor":28,"turns":4},{"damage":46,"enemies":"Gremlin Leader","floor":30,"turns":4},{"damage":38,"enemies":"Cultist and Chosen","floor":31,"turns":6}],"seed_played":"-8754576855257133173","potions_obtained":[{"floor":3,"key":"Explosive Potion"},{"floor":5,"key":"blueLaboratory:IronCompound"},{"floor":11,"key":"blueLaboratory:BottleOfVodka"},{"floor":16,"key":"AttackPotion"},{"floor":18,"key":"blueLaboratory:RememoryPotion"},{"floor":24,"key":"blueLaboratory:ArtificerPotion"}],"is_trial":false,"path_per_floor":["M","$","M","?","M","R","M","E","T","?","E","R","M","E","R","B",null,"M","$","?","M","?","R","E","R","T","?","M","R","E","M"],"character_chosen":"IRONCLAD","items_purchased":["hubris:EvacipatedBox","hubris:FruitBowl","Strawberry","MawBank","hubris:EnhanceAbility","hubris:DuctTape","Metallicize"],"campfire_rested":6,"item_purchase_floors":[2,2,2,2,19,19,19],"current_hp_per_floor":[80,32,38,38,44,71,77,47,47,52,32,59,65,40,67,40,90,49,49,79,51,35,62,27,54,54,54,42,69,29,0,0],"gold":308,"neow_bonus":"THREE_ENEMY_KILL","is_daily":false,"chose_seed":false,"campfire_upgraded":0,"win_rate":0.0,"timestamp":1608763803,"path_taken":["M","?","M","?","M","R","M","E","T","?","E","R","?","E","R","BOSS","M","$","?","M","?","R","E","R","T","?","M","R","E","M"],"items_purchased_type":["Relic","Relic","Relic","Relic","Card","Relic","Card"],"build_version":"2020-12-22","purchased_purges":0,"victory":false,"max_hp_per_floor":[80,90,90,90,90,90,90,90,90,90,90,90,90,90,90,90,90,90,90,90,90,90,90,90,90,90,90,90,90,90,90,90],"card_choices":[{"not_picked":["Iron Wave","Metallicize"],"picked":"Blood for Blood","floor":1},{"not_picked":["Reckless Charge","Dark Embrace"],"picked":"Dropkick","floor":3},{"not_picked":["Whirlwind","Bloodletting"],"picked":"Thunderclap","floor":5},{"not_picked":["Burning Pact","Clothesline"],"picked":"Battle Trance","floor":7},{"not_picked":["Clothesline","Rage"],"picked":"Twin Strike","floor":8},{"not_picked":["Clothesline","True Grit"],"picked":"Berserk","floor":11},{"not_picked":["Power Through","Sever Soul"],"picked":"Anger","floor":13},{"not_picked":["Shockwave","Body Slam"],"picked":"Spot Weakness","floor":14},{"not_picked":["Brutality","Impervious"],"picked":"Limit Break","floor":16},{"not_picked":["Burning Pact","True Grit","hermit:Dive"],"picked":"Metallicize","floor":18},{"not_picked":["Iron Wave","True Grit+1","Carnage+1"],"picked":"hermit:FullyLoaded","floor":21},{"not_picked":["Entrench","Burning Pact","hermit:Purgatory"],"picked":"Heavy Blade+1","floor":24},{"not_picked":["Warcry","Sever Soul+1","hermit:SprayPray"],"picked":"Sword Boomerang+1","floor":28},{"not_picked":["Cleave","Rupture","hermit:Horror"],"picked":"Impervious","floor":30}],"player_experience":227751,"relics_obtained":[{"floor":8,"key":"Ornamental Fan"},{"floor":9,"key":"hubris:Reverence"},{"floor":11,"key":"InkBottle"},{"floor":14,"key":"Whetstone"},{"floor":17,"key":"hubris:ToyBattleship"},{"floor":17,"key":"hubris:DisguiseKit"},{"floor":17,"key":"Lizard Tail"},{"floor":22,"key":"Necronomicon"},{"floor":24,"key":"Gremlin Horn"},{"floor":26,"key":"hubris:CrystalStatue"},{"floor":30,"key":"MealTicket"}],"event_choices":[{"damage_healed":0,"gold_gain":67,"player_choice":"Gained Gold","damage_taken":0,"max_hp_gain":0,"max_hp_loss":0,"event_name":"Golden Wing","floor":4,"gold_loss":0},{"damage_healed":5,"gold_gain":0,"player_choice":"LEAVE ","damage_taken":0,"relics_obtained":[],"max_hp_gain":0,"max_hp_loss":0,"event_name":"betterSkull:BetterSkull","floor":10,"gold_loss":0,"cards_upgraded":[]},{"damage_healed":30,"gold_gain":0,"player_choice":"Heal","damage_taken":0,"max_hp_gain":0,"max_hp_loss":0,"event_name":"The Library","floor":20,"gold_loss":0},{"damage_healed":0,"gold_gain":0,"player_choice":"Obtained Book","damage_taken":16,"max_hp_gain":0,"max_hp_loss":0,"event_name":"Cursed Tome","floor":22,"gold_loss":0}],"is_beta":false,"boss_relics":[{"not_picked":["hubris:CrackedHourglass","Empty Cage","hubris:GrandSneckoEye"],"picked":"Calling Bell"}],"items_purged_floors":[],"is_endless":false,"potions_floor_spawned":[3,5,11,16,18,24],"killed_by":"Cultist and Chosen","ascension_level":2}}