{"host":"ec09novo68szpe7d","time":1608748772,"event":{"mods":["AchievementEnabler","BaseMod","Bestiary","Minty Spire (QoL Compilation)","StSLib"],"gold_per_floor":[110,60,60,79,4,4,38,51,51,84,97,97,129,142,142,237,237,237,237,237,237,237,237,237,237,237,237,237,237,237,237,237,237,237,237,237,237,137,137,137,137,137,137,87,87,87,87,87,87,87],"floor_reached":51,"playtime":6773,"items_purged":["Strike_G","Regret","Defend_G"],"score":792,"play_id":"58b40708-31da-44b6-9009-fa2f4e3a0d46","local_time":"20201223193932","is_ascension_mode":false,"campfire_choices":[{"data":"Endless Agony","floor":6.0,"key":"SMITH"},{"data":"Calculated Gamble","floor":15.0,"key":"SMITH"},{"data":"Terror","floor":24.0,"key":"SMITH"},{"data":"Malaise","floor":29.0,"key":"SMITH"},{"floor":32.0,"key":"REST"},{"data":"Burst","floor":41.0,"key":"SMITH"},{"floor":49.0,"key":"RECALL"}],"circlet_count":0,"master_deck":["Defend_G","Defend_G","Defend_G","Defend_G","Survivor","Neutralize","Endless Agony+1","Cloak And Dagger","Malaise+1","Dagger Throw","Calculated Gamble+1","Terror+1","Finisher+1","Blade Dance","Unload+1","Endless Agony+1","Heel Hook+1","Riddle With Holes+1","Predator+1","Acrobatics","Acrobatics","Burst+1","Choke+1","Prepared+1","Adrenaline","Bandage Up"],"relics":["Ring of the Snake","NeowsBlessing","Tough Bandages","Du-Vu Doll","Molten Egg 2","Meat on the Bone","Darkstone Periapt","Ectoplasm","Prayer Wheel","Ornamental Fan","CaptainsWheel","Anchor","HoveringKite","Tingsha","Smiling Mask","Shuriken","StoneCalendar"],"acts_visited":["Exordium","TheCity","TheBeyond"],"potions_floor_usage":[50],"damage_taken":[{"damage":0.0,"enemies":"Small Slimes","floor":1.0,"turns":1.0},{"damage":0.0,"enemies":"2 Louse","floor":4.0,"turns":1.0},{"damage":0.0,"enemies":"Lagavulin","floor":7.0,"turns":1.0},{"damage":0.0,"enemies":"Cultist","floor":8.0,"turns":5.0},{"damage":20.0,"enemies":"3 Sentries","floor":10.0,"turns":13.0},{"damage":0.0,"enemies":"3 Louse","floor":11.0,"turns":3.0},{"damage":5.0,"enemies":"Lagavulin","floor":13.0,"turns":9.0},{"damage":2.0,"enemies":"Exordium Wildlife","floor":14.0,"turns":5.0},{"damage":3.0,"enemies":"Slime Boss","floor":16.0,"turns":8.0},{"damage":0.0,"enemies":"Shell Parasite","floor":18.0,"turns":3.0},{"damage":1.0,"enemies":"Chosen","floor":19.0,"turns":3.0},{"damage":0.0,"enemies":"3 Cultists","floor":20.0,"turns":4.0},{"damage":11.0,"enemies":"Snake Plant","floor":22.0,"turns":6.0},{"damage":15.0,"enemies":"Gremlin Leader","floor":27.0,"turns":5.0},{"damage":0.0,"enemies":"Shelled Parasite and Fungi","floor":28.0,"turns":3.0},{"damage":1.0,"enemies":"Centurion and Healer","floor":30.0,"turns":2.0},{"damage":23.0,"enemies":"Slavers","floor":31.0,"turns":6.0},{"damage":17.0,"enemies":"Automaton","floor":33.0,"turns":10.0},{"damage":24.0,"enemies":"3 Shapes","floor":35.0,"turns":5.0},{"damage":0.0,"enemies":"Mind Bloom Boss Battle","floor":36.0,"turns":2.0},{"damage":5.0,"enemies":"3 Darklings","floor":39.0,"turns":5.0},{"damage":0.0,"enemies":"Giant Head","floor":40.0,"turns":5.0},{"damage":0.0,"enemies":"Transient","floor":42.0,"turns":5.0},{"damage":0.0,"enemies":"Spire Growth","floor":45.0,"turns":2.0},{"damage":0.0,"enemies":"Nemesis","floor":46.0,"turns":3.0},{"damage":0.0,"enemies":"Jaw Worm Horde","floor":48.0,"turns":2.0},{"damage":16,"enemies":"Donu and Deca","floor":50,"turns":7}],"seed_played":"5348477752055230135","potions_obtained":[{"floor":4.0,"key":"AttackPotion"},{"floor":11.0,"key":"SteroidPotion"},{"floor":13.0,"key":"Swift Potion"},{"floor":16.0,"key":"Strength Potion"},{"floor":28.0,"key":"Ancient Potion"},{"floor":33.0,"key":"CunningPotion"},{"floor":39.0,"key":"CunningPotion"}],"is_trial":false,"path_per_floor":["M","?","?","M","$","R","E","M","T","E","M","?","E","M","R","B",null,"M","M","M","?","M","?","R","T","T","E","M","R","M","E","R","B",null,"M","?","?","$","M","E","R","M","T","$","M","E","?","M","R","B",null],"character_chosen":"THE_SILENT","items_purchased":[],"campfire_rested":1,"item_purchase_floors":[],"current_hp_per_floor":[70,70,63,63,63,63,63,63,63,43,43,43,38,36,36,45,70,70,69,69,69,58,58,58,58,58,43,43,43,42,31,52,47,70,46,46,46,46,41,41,41,41,41,41,41,41,41,49,49,41],"gold":87,"neow_bonus":"THREE_ENEMY_KILL","is_daily":false,"chose_seed":false,"campfire_upgraded":5,"win_rate":0.0,"timestamp":1608748772,"path_taken":["M","?","?","M","$","R","E","M","T","E","M","?","E","M","R","BOSS","M","M","M","?","?","?","R","?","T","E","?","R","M","E","R","BOSS","M","?","?","?","M","E","R","?","T","$","M","E","?","M","R","BOSS"],"items_purchased_type":[],"build_version":"2020-12-13","purchased_purges":3,"victory":true,"max_hp_per_floor":[70,70,70,70,70,70,70,70,70,70,70,70,70,70,70,70,70,70,70,70,70,70,70,70,70,70,70,70,70,70,70,70,70,70,70,70,70,70,70,70,70,70,70,70,70,70,70,70,70,70],"card_choices":[{"not_picked":["Deflect","PiercingWail"],"picked":"Endless Agony","floor":1.0},{"not_picked":["Outmaneuver","Sucker Punch"],"picked":"Cloak And Dagger","floor":4.0},{"not_picked":["Outmaneuver","Endless Agony"],"picked":"Malaise","floor":7.0},{"not_picked":["Reflex","Infinite Blades"],"picked":"Dagger Throw","floor":8.0},{"not_picked":["Deadly Poison","Blur"],"picked":"Calculated Gamble","floor":10.0},{"not_picked":["Deadly Poison","Catalyst"],"picked":"Terror","floor":11.0},{"not_picked":["Masterful Stab+1","Bane+1"],"picked":"Finisher+1","floor":13.0},{"not_picked":["Outmaneuver","Bane+1"],"picked":"Blade Dance","floor":14.0},{"not_picked":["Phantasmal Killer","Tools of the Trade"],"picked":"Unload+1","floor":16.0},{"not_picked":["Leg Sweep","Footwork","Deadly Poison"],"picked":"SKIP","floor":18.0},{"not_picked":["PiercingWail","Choke+1"],"picked":"Endless Agony+1","floor":19.0},{"not_picked":["Flechettes+1","Deflect","Outmaneuver"],"picked":"SKIP","floor":20.0},{"not_picked":["PiercingWail+1","Sucker Punch+1"],"picked":"Heel Hook+1","floor":22.0},{"not_picked":["Bane+1","Footwork","Eviscerate+1"],"picked":"SKIP","floor":27.0},{"not_picked":["Outmaneuver","Acrobatics"],"picked":"Predator+1","floor":28.0},{"not_picked":["Outmaneuver+1","Slice+1","Dash+1"],"picked":"SKIP","floor":28.0},{"not_picked":["Backflip","Tactician"],"picked":"Acrobatics","floor":30.0},{"not_picked":["Dagger Throw+1","Blade Dance"],"picked":"Acrobatics","floor":30.0},{"not_picked":["Envenom","Dodge and Roll","Poisoned Stab+1"],"picked":"SKIP","floor":31.0},{"not_picked":["Unload+1","Corpse Explosion"],"picked":"Burst","floor":33.0},{"not_picked":["Deadly Poison+1","Dagger Throw+1","Blade Dance+1"],"picked":"SKIP","floor":35.0},{"not_picked":["Acrobatics","Escape Plan","Quick Slash+1"],"picked":"SKIP","floor":35.0},{"not_picked":["Bane+1","Dagger Spray+1"],"picked":"Choke+1","floor":39.0},{"not_picked":["Cloak And Dagger+1","Underhanded Strike+1","Outmaneuver+1"],"picked":"SKIP","floor":39.0},{"not_picked":["Backflip","Blade Dance+1","Noxious Fumes"],"picked":"SKIP","floor":40.0},{"not_picked":["Outmaneuver+1","Sucker Punch+1","Bouncing Flask"],"picked":"SKIP","floor":42.0},{"not_picked":["Dash+1","Bouncing Flask+1","Flying Knee+1"],"picked":"SKIP","floor":42.0},{"not_picked":["Caltrops+1","Flechettes+1"],"picked":"Prepared+1","floor":45.0},{"not_picked":["Acrobatics","Flechettes+1","Footwork"],"picked":"SKIP","floor":45.0},{"not_picked":["Dagger Throw+1","Prepared"],"picked":"Adrenaline","floor":46.0},{"not_picked":["Panache","PanicButton"],"picked":"Bandage Up","floor":47.0},{"not_picked":["Cloak And Dagger+1","Eviscerate+1","Masterful Stab+1"],"picked":"SKIP","floor":48.0},{"not_picked":["Riddle With Holes+1","PiercingWail","Blur+1"],"picked":"SKIP","floor":48.0}],"player_experience":178354,"relics_obtained":[{"floor":7.0,"key":"Tough Bandages"},{"floor":9.0,"key":"Du-Vu Doll"},{"floor":10.0,"key":"Molten Egg 2"},{"floor":13.0,"key":"Darkstone Periapt"},{"floor":25.0,"key":"Prayer Wheel"},{"floor":26.0,"key":"Ornamental Fan"},{"floor":27.0,"key":"CaptainsWheel"},{"floor":31.0,"key":"Anchor"},{"floor":36.0,"key":"Tingsha"},{"floor":40.0,"key":"Smiling Mask"},{"floor":43.0,"key":"Shuriken"},{"floor":46.0,"key":"StoneCalendar"}],"event_choices":[{"cards_removed":["Strike_G"],"damage_healed":0.0,"max_hp_gain":0.0,"max_hp_loss":0.0,"gold_gain":0.0,"event_name":"The Cleric","player_choice":"Card Removal","floor":2.0,"gold_loss":50.0,"damage_taken":0.0},{"cards_removed":["Strike_G"],"damage_healed":0.0,"max_hp_gain":0.0,"max_hp_loss":0.0,"gold_gain":0.0,"event_name":"Golden Wing","player_choice":"Card Removal","floor":3.0,"gold_loss":0.0,"damage_taken":7.0},{"damage_healed":0.0,"max_hp_gain":0.0,"max_hp_loss":0.0,"gold_gain":0.0,"event_name":"Big Fish","player_choice":"Box","floor":12.0,"gold_loss":0.0,"damage_taken":0.0,"relics_obtained":["Meat on the Bone"],"cards_obtained":["Regret"]},{"damage_healed":0.0,"max_hp_gain":0.0,"max_hp_loss":0.0,"gold_gain":0.0,"event_name":"NoteForYourself","player_choice":"Ignored","floor":21.0,"gold_loss":0.0,"damage_taken":0.0},{"damage_healed":0.0,"max_hp_gain":0.0,"max_hp_loss":0.0,"gold_gain":0.0,"cards_transformed":["Strike_G","Strike_G"],"event_name":"Drug Dealer","player_choice":"Became Test Subject","floor":23.0,"gold_loss":0.0,"damage_taken":0.0,"cards_obtained":["Backstab","Riddle With Holes"]},{"damage_healed":0.0,"max_hp_gain":0.0,"max_hp_loss":0.0,"gold_gain":0.0,"event_name":"MindBloom","player_choice":"Fight","floor":36.0,"gold_loss":0.0,"damage_taken":0.0},{"cards_removed":["Backstab"],"damage_healed":0.0,"max_hp_gain":0.0,"max_hp_loss":0.0,"gold_gain":0.0,"event_name":"Falling","player_choice":"Removed Attack","floor":37.0,"gold_loss":0.0,"damage_taken":0.0},{"damage_healed":0.0,"max_hp_gain":0.0,"max_hp_loss":0.0,"gold_gain":0.0,"event_name":"SensoryStone","player_choice":"Memory 1","floor":47.0,"gold_loss":0.0,"damage_taken":0.0}],"is_beta":false,"boss_relics":[{"not_picked":["Astrolabe","Fusion Hammer"],"picked":"Ectoplasm"},{"not_picked":["Runic Dome","SacredBark"],"picked":"HoveringKite"}],"items_purged_floors":[5,38,44],"is_endless":false,"potions_floor_spawned":[4,11,13,16,20,28,31,33,35,39,48],"ascension_level":0}}