{"host":"ju66gn9zov5ov15o","time":1608734995,"event":{"mods":["2.2 Compatiblity","Act Like it!","BaseMod","Downfall","GifTheSpireLib","Minty Spire (QoL Compilation)","Pale of the Ancients","StSLib"],"gold_per_floor":[99,99,99,99,99,99,99,125,28,40,56,41,76,94,114,213,213,213,233,247,264,264,284,284,67,80,91,23,33,66,66,78,181,181,106,106,106,116,139,172,195,207,221,241,241,241,241],"floor_reached":45,"playtime":2771,"items_purged":["Slimebound:LevelUp"],"score":526,"play_id":"6da7b9cc-1683-4e45-8747-0aca2549b4f1","local_time":"20201223154955","is_ascension_mode":true,"campfire_choices":[{"data":"Slimebound:Tackle","floor":1,"key":"SMITH"},{"floor":18,"key":"RECALL"},{"data":"Slimebound:SelfFormingGoo","floor":35,"key":"SMITH"}],"circlet_count":0,"master_deck":["Slimebound:Strike_Slimebound+1","Slimebound:Strike_Slimebound+1","Slimebound:Defend_Slimebound","Slimebound:Defend_Slimebound","Slimebound:Defend_Slimebound","Slimebound:Defend_Slimebound","Slimebound:Split","Slimebound:CorrosiveSpit","Slimebound:Schlurp","Slimebound:Schlurp+1","Slimebound:TongueLash","Slimebound:OneTwoCombo","Slimebound:RejuvenatingLick","Slimebound:ItLooksTasty","Slimebound:SlimeSpikes","Slimebound:SpikyOuterGoop","Slimebound:Dissolve","Slimebound:SamplingLick","Slimebound:ItLooksTasty","Slimebound:SlimeSlap","Slimebound:LeadByExample+1","Slimebound:LeechEnergy","Slimebound:SplitAcid+1","Slimebound:SplitAcid","Slimebound:SamplingLick","Slimebound:LeechLife","Slimebound:GrowthPunch","Slimebound:ForwardTackle","Slimebound:SlimeTap","Slimebound:DisruptingSlam","Slimebound:FirmFortitude","Slimebound:LivingWall+1","Slimebound:Repurpose","Slimebound:SelfFormingGoo+1","Slimebound:Dissolve","Slimebound:AcidTongue+1","Slimebound:Repurpose+1","Slimebound:ComboTackle+1"],"relics":["Slimebound:AbsorbEndCombat","downfall:HeartsMalice","MealTicket","Centennial Puzzle","Whetstone","White Beast Statue","SacredBark","Shuriken","Medical Kit","Eternal Feather","StoneCalendar","Coffee Dripper","downfall:HeartBlessingRed","Anchor","Smiling Mask"],"acts_visited":["Exordium","TheCity","TheBeyond"],"potions_floor_usage":[9,15,15,15,15,16,16,20,21,23,25,30,33,33,33,40,40,43,45,45],"damage_taken":[{"damage":0,"enemies":"Small Slimes","floor":2,"turns":1},{"damage":0,"enemies":"Cultist","floor":3,"turns":1},{"damage":0,"enemies":"Jaw Worm","floor":5,"turns":1},{"damage":36,"enemies":"Gremlin Nob","floor":8,"turns":5},{"damage":4,"enemies":"downfall:FleeingMerchant","floor":9,"turns":4},{"damage":11,"enemies":"Red Slaver","floor":10,"turns":2},{"damage":7,"enemies":"3 Louse","floor":11,"turns":2},{"damage":22,"enemies":"downfall:FleeingMerchant","floor":12,"turns":4},{"damage":25,"enemies":"3 Sentries","floor":13,"turns":6},{"damage":9,"enemies":"Blue Slaver","floor":14,"turns":3},{"damage":4,"enemies":"Large Slime","floor":15,"turns":4},{"damage":40,"enemies":"downfall:Ironclad","floor":16,"turns":7},{"damage":46,"enemies":"3 Byrds","floor":19,"turns":6},{"damage":13,"enemies":"Snake Plant","floor":20,"turns":3},{"damage":28,"enemies":"Cultist and Chosen","floor":21,"turns":7},{"damage":18,"enemies":"3 Cultists","floor":23,"turns":5},{"damage":23,"enemies":"downfall:FleeingMerchant","floor":25,"turns":3},{"damage":35,"enemies":"Centurion and Healer","floor":26,"turns":5},{"damage":24,"enemies":"Snake Plant","floor":27,"turns":3},{"damage":23,"enemies":"Chosen and Byrds","floor":29,"turns":6},{"damage":19,"enemies":"Gremlin Leader","floor":30,"turns":5},{"damage":39,"enemies":"Centurion and Healer","floor":32,"turns":6},{"damage":56,"enemies":"downfall:Watcher","floor":33,"turns":7},{"damage":42,"enemies":"Orb Walker","floor":38,"turns":5},{"damage":58,"enemies":"Giant Head","floor":40,"turns":8},{"damage":10,"enemies":"3 Darklings","floor":42,"turns":3},{"damage":28,"enemies":"Maw","floor":43,"turns":7},{"damage":44,"enemies":"Jaw Worm Horde","floor":44,"turns":6},{"damage":83,"enemies":"Nemesis","floor":45,"turns":4}],"seed_played":"4762132359481850133","potions_obtained":[{"floor":8,"key":"LiquidBronze"},{"floor":10,"key":"Explosive Potion"},{"floor":11,"key":"SpeedPotion"},{"floor":13,"key":"LiquidBronze"},{"floor":14,"key":"EntropicBrew"},{"floor":15,"key":"Strength Potion"},{"floor":16,"key":"sneckomod:MuddlingPotion"},{"floor":19,"key":"Dexterity Potion"},{"floor":20,"key":"Weak Potion"},{"floor":21,"key":"Guardian:BlockOnCardUsePotion"},{"floor":23,"key":"DistilledChaos"},{"floor":25,"key":"BlessingOfTheForge"},{"floor":27,"key":"SpeedPotion"},{"floor":29,"key":"EssenceOfSteel"},{"floor":30,"key":"sneckomod:MuddlingPotion"},{"floor":31,"key":"CultistPotion"},{"floor":32,"key":"champ:CounterPotion"},{"floor":33,"key":"DuplicationPotion"},{"floor":38,"key":"Swift Potion"},{"floor":40,"key":"SmokeBomb"},{"floor":42,"key":"ColorlessPotion"},{"floor":43,"key":"Explosive Potion"},{"floor":44,"key":"PowerPotion"}],"is_trial":false,"path_per_floor":["R","M","M","?","M","T","T","E","$","M","M","$","E","M","M","B",null,"R","M","M","M","?","M","T","$","M","M","$","M","E","?","M","B",null,"R","?","?","M","T","E","T","M","M","M","E"],"character_chosen":"SLIMEBOUND","items_purchased":["Slimebound:ItLooksTasty","Slimebound:GrowthPunch","Slimebound:ForwardTackle","Medical Kit","Eternal Feather","Slimebound:FirmFortitude"],"campfire_rested":0,"item_purchase_floors":[9,25,25,25,25,28],"current_hp_per_floor":[60,60,60,60,60,60,60,28,53,48,51,52,43,42,48,30,60,60,30,25,19,19,23,23,43,40,42,57,56,60,60,47,17,60,60,60,60,32,32,16,16,34,50,32,0,0,0],"gold":241,"neow_bonus":"THREE_ENEMY_KILL","is_daily":false,"chose_seed":false,"campfire_upgraded":2,"win_rate":0.0,"timestamp":1608734995,"path_taken":["R","M","M","?","?","?","T","E","$","?","M","$","E","M","M","BOSS","R","M","?","M","?","M","T","$","?","M","$","M","E","?","M","BOSS","R","?","?","M","?","E","T","M","M","M","E"],"items_purchased_type":["Card","Card","Card","Relic","Relic","Card"],"build_version":"2020-12-22","purchased_purges":1,"victory":false,"max_hp_per_floor":[60,60,60,60,60,60,60,60,60,60,60,60,60,60,60,60,60,60,60,60,60,60,60,60,60,60,60,60,60,60,60,60,60,60,60,60,60,60,60,60,60,60,60,60,60,60,60],"card_choices":[{"not_picked":["Slimebound:PressTheAttack","Slimebound:Equalize"],"picked":"Slimebound:Schlurp","floor":2},{"not_picked":["Slimebound:ComboTackle","Slimebound:SplitLeeching"],"picked":"Slimebound:Schlurp","floor":3},{"not_picked":["Slimebound:SplitLeeching","Slimebound:Schlurp"],"picked":"Slimebound:TongueLash","floor":5},{"not_picked":["Slimebound:FinishingTackle","Slimebound:FormOfPuddle"],"picked":"Slimebound:OneTwoCombo","floor":8},{"not_picked":["Slimebound:PressTheAttack","Slimebound:GoopSpray"],"picked":"Slimebound:RejuvenatingLick","floor":9},{"not_picked":["Slimebound:SamplingLick","Slimebound:RejuvenatingLick"],"picked":"Slimebound:SlimeSpikes","floor":10},{"not_picked":["Slimebound:LeadByExample","Slimebound:FinishingTackle"],"picked":"Slimebound:SpikyOuterGoop","floor":11},{"not_picked":["Slimebound:PressTheAttack","Slimebound:SamplingLick"],"picked":"Slimebound:Dissolve","floor":12},{"not_picked":["Slimebound:MegaLick","Slimebound:SplitBruiser"],"picked":"Slimebound:LevelUp","floor":13},{"not_picked":["Slimebound:FormOfPuddle","Slimebound:ProtectTheBoss"],"picked":"Slimebound:SamplingLick","floor":14},{"not_picked":["Slimebound:Schlurp","Slimebound:Teamwork"],"picked":"Slimebound:ItLooksTasty","floor":15},{"not_picked":["Slimebound:MassRepurpose","Slimebound:LeechLife"],"picked":"Slimebound:SlimeSlap","floor":16},{"not_picked":["Slimebound:ViciousTackle","Slimebound:FinishingTackle"],"picked":"Slimebound:LeadByExample+1","floor":19},{"not_picked":["Slimebound:Schlurp","Slimebound:LeechingTouch"],"picked":"Slimebound:LeechEnergy","floor":20},{"not_picked":["Slimebound:LeechEnergy","Slimebound:SamplingLick+1"],"picked":"Slimebound:SplitAcid+1","floor":21},{"not_picked":["Slimebound:SplitBruiser","Slimebound:ComboTackle+1"],"picked":"Slimebound:SamplingLick","floor":23},{"not_picked":["Slimebound:BestDefense","Slimebound:RainOfGoop"],"picked":"Slimebound:LeechLife","floor":25},{"not_picked":["Slimebound:GoopSpray","Slimebound:PressTheAttack"],"picked":"Slimebound:SlimeTap","floor":26},{"not_picked":["Slimebound:PressTheAttack","Slimebound:GrowthPunch"],"picked":"Slimebound:DisruptingSlam","floor":27},{"not_picked":["Slimebound:ViciousTackle","Slimebound:FlameTackle"],"picked":"Slimebound:LivingWall+1","floor":29},{"not_picked":["Slimebound:PrepareCrush","Slimebound:SplitMire"],"picked":"Slimebound:Repurpose","floor":30},{"not_picked":["Slimebound:SlimeSpikes","Slimebound:FinishingTackle","Slimebound:ComboTackle"],"picked":"SKIP","floor":32},{"not_picked":["Slimebound:Teamwork","Slimebound:Overexert"],"picked":"Slimebound:SelfFormingGoo","floor":33},{"not_picked":["Slimebound:ViciousTackle","Slimebound:FirmFortitude+1","Slimebound:MegaLick"],"picked":"SKIP","floor":38},{"not_picked":["Slimebound:SplitLeeching+1","Slimebound:GoopSpray"],"picked":"Slimebound:Dissolve","floor":40},{"not_picked":["Slimebound:GoopSpray","Slimebound:LeechingTouch"],"picked":"Slimebound:AcidTongue+1","floor":42},{"not_picked":["Slimebound:SlimeBarrage","Slimebound:LivingWall"],"picked":"Slimebound:Repurpose+1","floor":43},{"not_picked":["Slimebound:LivingWall+1","Slimebound:GoopTackle"],"picked":"Slimebound:ComboTackle+1","floor":44}],"player_experience":195804,"relics_obtained":[{"floor":6,"key":"MealTicket"},{"floor":7,"key":"Centennial Puzzle"},{"floor":8,"key":"Whetstone"},{"floor":13,"key":"White Beast Statue"},{"floor":24,"key":"Shuriken"},{"floor":30,"key":"StoneCalendar"},{"floor":40,"key":"Anchor"},{"floor":41,"key":"Smiling Mask"}],"event_choices":[{"damage_healed":0,"gold_gain":0,"player_choice":"Upgraded","damage_taken":0,"max_hp_gain":0,"max_hp_loss":0,"event_name":"Upgrade Shrine","floor":4,"gold_loss":0,"cards_upgraded":["Slimebound:Schlurp"]},{"damage_healed":0,"gold_gain":0,"cards_transformed":["Slimebound:Strike_Slimebound"],"player_choice":"Transformed","damage_taken":0,"max_hp_gain":0,"max_hp_loss":0,"event_name":"Transmorgrifier","floor":22,"gold_loss":0,"cards_obtained":["Slimebound:SplitAcid"]},{"cards_removed":["Slimebound:Tackle"],"damage_healed":0,"gold_gain":0,"player_choice":"Removed Attack","damage_taken":0,"max_hp_gain":0,"max_hp_loss":0,"event_name":"Falling","floor":36,"gold_loss":0}],"is_beta":false,"boss_relics":[{"not_picked":["Sozu","Philosopher\u0027s Stone"],"picked":"SacredBark"},{"not_picked":["Empty Cage","Calling Bell"],"picked":"Coffee Dripper"}],"items_purged_floors":[25],"is_endless":false,"potions_floor_spawned":[8,10,11,13,14,15,16,19,20,21,23,25,26,27,29,30,32,33,38,40,42,43,44],"killed_by":"Nemesis","ascension_level":1}}