{"host":"l66odvkqh04jpxx0","time":1608728516,"event":{"mods":["BaseMod","Colored Powertips","Conspire","Luminous","Minty Spire (QoL Compilation)","Replay The Spire","StSLib","The Construct","The Cursed","The Mystic","The Servant 0.9.4"],"gold_per_floor":[114,11,11,11,26,54,54,54,54,67,81,92,109,128,128,228,228,238,178,188,188,31,31,60,60,60,96,17,44,74,94,94],"floor_reached":31,"playtime":4829,"items_purged":[],"score":266,"play_id":"7449ec08-091a-4cff-bc33-3cc40478acbc","local_time":"20201223210156","is_ascension_mode":false,"campfire_choices":[{"data":"mysticmod:MysticalShield","floor":8.0,"key":"SMITH"},{"floor":15.0,"key":"REST"},{"floor":23,"key":"REST"},{"floor":25,"key":"REST"}],"circlet_count":0,"master_deck":["mysticmod:Strike_Mystic","mysticmod:Strike_Mystic","mysticmod:Strike_Mystic","mysticmod:Strike_Mystic","mysticmod:Defend_Mystic","mysticmod:Defend_Mystic","mysticmod:Defend_Mystic","mysticmod:Defend_Mystic","mysticmod:ArcaneDodge","mysticmod:ShockingGrasp","mysticmod:PureInstinct","mysticmod:AllIn","Endless Agony","mysticmod:MysticalShield+1","Hidden Blade","mysticmod:HeavyStrike","mysticmod:MightyMagic","ReplayTheSpireMod:The Works","mysticmod:LightningBolt","mysticmod:CureLightWounds","After Image","mysticmod:Fly","mysticmod:Flourish","J.A.X.","mysticmod:SpellCombat","mysticmod:PowerSlash","Finisher","mysticmod:Haste","mysticmod:MagicMissile"],"relics":["NeowsBlessing","m_BookOfShivs","conspire:TopHat","Kunai","Fusion Hammer","Replay:Bandana","construct:FoamFinger"],"acts_visited":["Exordium","TheCity"],"potions_floor_usage":[],"damage_taken":[{"damage":0.0,"enemies":"Small Slimes","floor":1.0,"turns":1.0},{"damage":0.0,"enemies":"Jaw Worm","floor":5.0,"turns":1.0},{"damage":0.0,"enemies":"3 Sentries","floor":6.0,"turns":2.0},{"damage":9.0,"enemies":"Cultist","floor":10.0,"turns":4.0},{"damage":3.0,"enemies":"Exordium Thugs","floor":11.0,"turns":7.0},{"damage":1.0,"enemies":"Blue Slaver","floor":12.0,"turns":5.0},{"damage":7.0,"enemies":"Exordium Wildlife","floor":13.0,"turns":8.0},{"damage":12.0,"enemies":"Gremlin Gang","floor":14.0,"turns":6.0},{"damage":62.0,"enemies":"Fading Forest","floor":16.0,"turns":11.0},{"damage":6.0,"enemies":"Shell Parasite","floor":18.0,"turns":5.0},{"damage":29,"enemies":"conspire:FuzzyDice","floor":20,"turns":9},{"damage":14,"enemies":"Centurion and Healer","floor":24,"turns":9},{"damage":39,"enemies":"Snake Plant","floor":27,"turns":6},{"damage":19,"enemies":"Snecko","floor":29,"turns":8},{"damage":14,"enemies":"conspire:HollyBat","floor":30,"turns":10},{"damage":25,"enemies":"Cultist and Chosen","floor":31,"turns":10}],"seed_played":"6028091812149934196","potions_obtained":[{"floor":5.0,"key":"Venom Potion"},{"floor":6.0,"key":"Languid Potion"},{"floor":11.0,"key":"BlessingOfTheForge"},{"floor":14.0,"key":"Fire Potion"},{"floor":18,"key":"Weak Potion"},{"floor":20,"key":"FearPotion"},{"floor":29,"key":"AttackPotion"}],"is_trial":false,"path_per_floor":["M","$","?","?","M","E","?","R","T","M","M","M","M","M","R","B",null,"M","?","M","?","$","R","M","R","T","M","$","M","M","M"],"character_chosen":"MYSTIC_CLASS","items_purchased":["mysticmod:AllIn","mysticmod:PureInstinct","Replay:Bandana","Finisher"],"campfire_rested":3,"item_purchase_floors":[2,2,22,28],"current_hp_per_floor":[77,77,77,77,77,77,77,77,77,68,65,64,57,45,68,9,77,74,74,48,48,48,71,60,77,77,41,41,25,14,0,0],"gold":94,"neow_bonus":"THREE_ENEMY_KILL","is_daily":false,"chose_seed":false,"campfire_upgraded":1,"win_rate":0.0,"timestamp":1608728516,"path_taken":["M","$","?","?","M","E","?","R","T","M","M","M","?","M","R","BOSS","M","?","M","?","$","R","M","R","T","M","?","M","M","M"],"items_purchased_type":["Card","Card","Relic","Card"],"build_version":"2020-12-22","purchased_purges":0,"victory":false,"max_hp_per_floor":[77,77,77,77,77,77,77,77,77,77,77,77,77,77,77,77,77,77,77,77,77,77,77,77,77,77,77,77,77,77,77,77],"card_choices":[{"not_picked":["mysticmod:Probe","mysticmod:BulkUp"],"picked":"mysticmod:PureInstinct","floor":1.0},{"not_picked":["Concentrate","Acrobatics"],"picked":"Endless Agony","floor":5.0},{"not_picked":["mysticmod:EarthenWall","mysticmod:HeavyStrike"],"picked":"mysticmod:MysticalShield","floor":6.0},{"not_picked":["mysticmod:BulkUp","mysticmod:Shield"],"picked":"mysticmod:HeavyStrike","floor":10.0},{"not_picked":["mysticmod:Daze","mysticmod:Alacrity"],"picked":"mysticmod:MightyMagic","floor":11.0},{"not_picked":["Hidden Blade","mysticmod:Probe"],"picked":"ReplayTheSpireMod:The Works","floor":12.0},{"not_picked":["mysticmod:ComponentsPouch","mysticmod:MightyMagic"],"picked":"mysticmod:LightningBolt","floor":13.0},{"not_picked":["Setup","Dagger Throw"],"picked":"mysticmod:CureLightWounds","floor":14.0},{"not_picked":["mysticmod:MirrorEntity","mysticmod:Natural20"],"picked":"After Image","floor":16.0},{"not_picked":["mysticmod:Alacrity","mysticmod:PunishingArmor"],"picked":"mysticmod:Fly","floor":18},{"not_picked":["mysticmod:Shield","mysticmod:ComponentsPouch+1"],"picked":"mysticmod:Flourish","floor":20},{"not_picked":["mysticmod:CorrosiveTouch","Expertise"],"picked":"mysticmod:SpellCombat","floor":24},{"not_picked":["mysticmod:EnergizedRift","mysticmod:FloatingDisk+1"],"picked":"mysticmod:PowerSlash","floor":27},{"not_picked":["mysticmod:LightningBolt","mysticmod:BulkUp"],"picked":"mysticmod:Haste","floor":29},{"not_picked":["mysticmod:FiveFootStep","mysticmod:Alacrity"],"picked":"mysticmod:MagicMissile","floor":30}],"player_experience":5688,"relics_obtained":[{"floor":6.0,"key":"conspire:TopHat"},{"floor":9.0,"key":"Kunai"},{"floor":26,"key":"construct:FoamFinger"}],"event_choices":[{"damage_healed":0.0,"max_hp_gain":0.0,"max_hp_loss":0.0,"gold_gain":0.0,"event_name":"conspire:Investor","player_choice":"Leave","floor":3.0,"gold_loss":0.0,"damage_taken":0.0},{"damage_healed":0.0,"max_hp_gain":0.0,"max_hp_loss":0.0,"gold_gain":0.0,"cards_transformed":["mysticmod:PureInstinct"],"event_name":"Transmorgrifier","player_choice":"Transformed","floor":7.0,"gold_loss":0.0,"damage_taken":0.0,"cards_obtained":["Hidden Blade"]},{"damage_healed":0,"gold_gain":0,"player_choice":"Obtain J.A.X.","damage_taken":0,"max_hp_gain":0,"max_hp_loss":0,"event_name":"Drug Dealer","floor":21,"gold_loss":0,"cards_obtained":["J.A.X."]}],"is_beta":false,"boss_relics":[{"not_picked":["Replay:Drink Me","conspire:SpecialSausage"],"picked":"Fusion Hammer"}],"items_purged_floors":[],"is_endless":false,"potions_floor_spawned":[5,6,11,14,18,20,29,30],"killed_by":"Cultist and Chosen","ascension_level":0}}