{"host":"zksvs3x2ysy9npnz","time":1608741967,"event":{"mods":["Aspiration","BaseMod","Beaked The Cultist","BetterRewards","CatGirl Mod","Clockwork Mod","Conspire","Downfall","Energized Spire","Fiend Mod","Friendly Minions","Halation","Hermit","Highlight Path","Hubris","Hunter ??","Infinite Spire","Jedi Mod","Minty Spire (QoL Compilation)","Permanent Neow","Quick Restart","Relic Stats","Replay The Spire","Shop Mod","StSLib","SuperFastMode","The Blackbeard","The Bladedancer","The Construct"],"gold_per_floor":[99,99,110,129,143,143,143,143,143,53,64,79,79,104,115,210,260,260,273,273,273,273,273,273],"floor_reached":22,"playtime":2040,"items_purged":["octo:OctoGladiat"],"score":211,"play_id":"fa4b5bb8-235d-4428-bdb5-e6661bf16ae5","local_time":"20201223174607","is_ascension_mode":false,"campfire_choices":[{"floor":1.0,"key":"RECALL"},{"data":"champ:Execute","floor":6.0,"key":"SMITH"},{"data":"champ:PreciseThrust","floor":9.0,"key":"SMITH"},{"data":"champ:DefensiveShout","floor":18,"key":"SMITH"}],"circlet_count":0,"master_deck":["champ:Strike","champ:Strike","champ:Strike","champ:Strike","champ:Defend","champ:Defend","champ:Defend","champ:Defend","champ:Execute+1","champ:Taunt+1","champ:DeathBlow","champ:FlashCut","champ:PreciseThrust+1","champ:HoldFirm","champ:FocusedGladiator","champ:Riposte","champ:FalseCounter","champ:FlashCut","champ:LastStand+1","champ:DefensiveShout+1","champ:Circumvent+1"],"relics":["champ:ChampionCrown","Strawberry","Juzu Bracelet","Tiny House","NlothsMask"],"acts_visited":["Exordium","TheCity"],"potions_floor_usage":[20],"damage_taken":[{"damage":5.0,"enemies":"2 Louse","floor":3.0,"turns":3.0},{"damage":15.0,"enemies":"Cultist","floor":4.0,"turns":3.0},{"damage":15.0,"enemies":"Small Slimes","floor":5.0,"turns":4.0},{"damage":10.0,"enemies":"downfall:FleeingMerchant","floor":10.0,"turns":4.0},{"damage":15.0,"enemies":"Exordium Thugs","floor":11.0,"turns":4.0},{"damage":10.0,"enemies":"Large Slime","floor":12.0,"turns":10.0},{"damage":27.0,"enemies":"Replay:BlueRogue","floor":14.0,"turns":9.0},{"damage":34.0,"enemies":"Exordium Thugs","floor":15.0,"turns":6.0},{"damage":70.0,"enemies":"downfall:Silent","floor":16.0,"turns":16.0},{"damage":57,"enemies":"Spheric Guardian","floor":19,"turns":10},{"damage":12,"enemies":"conspire:FuzzyDice","floor":20,"turns":3},{"damage":0,"enemies":"Snecko","floor":22,"turns":1}],"seed_played":"6278890378908587251","potions_obtained":[{"floor":3.0,"key":"Strength Potion"},{"floor":11.0,"key":"ColorlessPotion"},{"floor":12.0,"key":"Guardian:BlockOnCardUsePotion"},{"floor":17,"key":"SkillPotion"},{"floor":19,"key":"SmokeBomb"}],"is_trial":false,"path_per_floor":["R","?","M","M","M","R","T","?","R","$","M","M","?","E","M","B",null,"R","M","M","?","M"],"character_chosen":"THE_CHAMP","items_purchased":[],"campfire_rested":0,"item_purchase_floors":[],"current_hp_per_floor":[97,97,97,97,92,92,92,92,92,92,92,92,97,90,71,16,107,107,55,48,48,48,48,48],"gold":273,"neow_bonus":"RANDOM_COMMON_RELIC","is_daily":false,"chose_seed":false,"campfire_upgraded":3,"win_rate":0.0,"timestamp":1608741967,"path_taken":["R","?","M","M","M","R","T","?","R","$","?","M","?","E","M","BOSS","BOSS","R","M","M","?","M"],"items_purchased_type":[],"build_version":"2020-12-22","purchased_purges":1,"victory":false,"max_hp_per_floor":[97,97,97,97,97,97,97,97,97,97,97,97,102,102,102,102,107,107,107,107,107,107,107,107],"relic_stats":{"counters":[12,73],"Juzu Bracelet":0,"obtain_stats":[{"Tiny House":17,"Strawberry":0,"champ:ChampionCrown":0,"Juzu Bracelet":14,"NlothsMask":21},{"Tiny House":9,"Strawberry":0,"champ:ChampionCrown":0,"Juzu Bracelet":7,"NlothsMask":11},{"Tiny House":59,"Strawberry":0,"champ:ChampionCrown":0,"Juzu Bracelet":37,"NlothsMask":72}]},"card_choices":[{"not_picked":["champ:FocusedGladiator","champ:EndlessRage"],"picked":"champ:DeathBlow","floor":3.0},{"not_picked":["champ:AdrenalArmor","champ:BladeFlurry"],"picked":"champ:FlashCut","floor":4.0},{"not_picked":["champ:Haymaker","champ:BerserkersShout"],"picked":"champ:PreciseThrust","floor":5.0},{"not_picked":["champ:AdrenalArmor","champ:BringItOn"],"picked":"champ:HoldFirm","floor":10.0},{"not_picked":["champ:Haymaker","champ:EndlessRage"],"picked":"champ:FocusedGladiator","floor":11.0},{"not_picked":["champ:PerfectedStrike","champ:FanOfKnives"],"picked":"champ:Riposte","floor":12.0},{"not_picked":["champ:FocusedBerserking","champ:DeathBlow"],"picked":"champ:FalseCounter","floor":14.0},{"not_picked":["champ:Circumvent","champ:PerfectedStrike"],"picked":"champ:FlashCut","floor":15.0},{"not_picked":["champ:SwordThrow","champ:ShieldThrow"],"picked":"champ:LastStand","floor":16},{"not_picked":["champ:BladeFlurry","champ:PerfectedStrike"],"picked":"champ:DefensiveShout","floor":17},{"not_picked":["champ:FlashCut","champ:Backstep"],"picked":"champ:Circumvent+1","floor":19}],"player_experience":1895848,"relics_obtained":[{"floor":14.0,"key":"Juzu Bracelet"}],"event_choices":[{"damage_healed":0.0,"max_hp_gain":0.0,"max_hp_loss":0.0,"gold_gain":0.0,"event_name":"NoteForYourself","player_choice":"Ignored","floor":8.0,"gold_loss":0.0,"damage_taken":0.0},{"damage_healed":0.0,"max_hp_gain":5.0,"max_hp_loss":0.0,"gold_gain":0.0,"event_name":"Big Fish","player_choice":"Donut","floor":13.0,"gold_loss":0.0,"damage_taken":0.0},{"damage_healed":0,"gold_gain":0,"player_choice":"Trade","damage_taken":0,"relics_obtained":["NlothsMask"],"max_hp_gain":0,"max_hp_loss":0,"event_name":"FaceTrader","floor":21,"gold_loss":0}],"is_beta":false,"boss_relics":[{"not_picked":["Replay:Drink Me","aspiration:FutureDiary"],"picked":"Tiny House"}],"items_purged_floors":[10],"is_endless":false,"potions_floor_spawned":[3,11,12,15,19],"killed_by":"Snecko","ascension_level":0}}