{"host":"z5s44qp1ule1sbwl","time":1608757623,"event":{"mods":["BaseMod","Downfall","Minty Spire (QoL Compilation)","StSLib"],"gold_per_floor":[99,99,99,99,374,41,65,50,64,64,94,94,118,118,118,118],"floor_reached":14,"playtime":569,"items_purged":[],"score":82,"play_id":"1b6c5a78-4b0b-4ae7-8e9d-791df11b521c","local_time":"20201223210703","is_ascension_mode":false,"campfire_choices":[{"data":"Slimebound:Split","floor":1,"key":"SMITH"},{"floor":10,"key":"REST"},{"floor":12,"key":"REST"}],"circlet_count":0,"master_deck":["Slimebound:Strike_Slimebound","Slimebound:Strike_Slimebound","Slimebound:Strike_Slimebound","Slimebound:Tackle","Slimebound:Defend_Slimebound","Slimebound:Defend_Slimebound","Slimebound:Defend_Slimebound","Slimebound:Defend_Slimebound","Slimebound:Split+1","Slimebound:CorrosiveSpit","Slimebound:SplitBruiser","Slimebound:FlameTackle","Slimebound:SlimeBarrage","Regret","Slimebound:OozeBath","Slimebound:Equalize","Slimebound:SlimeSpikes","Slimebound:Schlurp"],"relics":["Slimebound:AbsorbEndCombat","downfall:HeartsMalice","Bottled Flame","Tiny Chest","Oddly Smooth Stone","PreservedInsect"],"acts_visited":["Exordium"],"potions_floor_usage":[11,11],"damage_taken":[{"damage":0,"enemies":"Cultist","floor":2,"turns":1},{"damage":0,"enemies":"Jaw Worm","floor":3,"turns":1},{"damage":0,"enemies":"Small Slimes","floor":4,"turns":1},{"damage":20,"enemies":"downfall:FleeingMerchant","floor":6,"turns":4},{"damage":35,"enemies":"downfall:FleeingMerchant","floor":8,"turns":4},{"damage":28,"enemies":"Red Slaver","floor":9,"turns":3},{"damage":36,"enemies":"Lagavulin","floor":11,"turns":5},{"damage":38,"enemies":"Gremlin Nob","floor":14,"turns":3}],"seed_played":"6351460469957905318","potions_obtained":[{"floor":9,"key":"PowerPotion"}],"is_trial":false,"path_per_floor":["R","M","M","M","?","$","T","$","M","R","E","R","T","E"],"character_chosen":"SLIMEBOUND","items_purchased":["Bottled Flame","DistilledChaos"],"campfire_rested":2,"item_purchase_floors":[6,6],"current_hp_per_floor":[60,60,60,60,60,54,54,37,15,33,15,33,33,0,0,0],"gold":118,"neow_bonus":"THREE_ENEMY_KILL","is_daily":false,"chose_seed":false,"campfire_upgraded":1,"win_rate":0.0,"timestamp":1608757623,"path_taken":["R","M","?","M","?","$","T","?","M","R","E","R","?","E"],"items_purchased_type":["Relic","Potion"],"build_version":"2020-12-22","purchased_purges":0,"victory":false,"max_hp_per_floor":[60,60,60,60,60,60,60,60,60,60,60,60,60,60,60,60],"card_choices":[{"not_picked":["Slimebound:ComboTackle","Slimebound:Equalize"],"picked":"Slimebound:SplitBruiser","floor":2},{"not_picked":["Slimebound:SplitLeeching","Slimebound:LeechingTouch"],"picked":"Slimebound:FlameTackle","floor":3},{"not_picked":["Slimebound:SplitBruiser","Slimebound:SamplingLick"],"picked":"Slimebound:SlimeBarrage","floor":4},{"not_picked":["Slimebound:SlimeSpikes","Slimebound:SplitMire"],"picked":"Slimebound:OozeBath","floor":6},{"not_picked":["Slimebound:GoopTackle","Slimebound:SplitLeeching"],"picked":"Slimebound:Equalize","floor":8},{"not_picked":["Slimebound:RejuvenatingLick","Slimebound:RollThrough"],"picked":"Slimebound:SlimeSpikes","floor":9},{"not_picked":["Slimebound:SplitLeeching","Slimebound:SamplingLick"],"picked":"Slimebound:Schlurp","floor":11}],"player_experience":1124082,"relics_obtained":[{"floor":7,"key":"Tiny Chest"},{"floor":11,"key":"Oddly Smooth Stone"},{"floor":13,"key":"PreservedInsect"}],"event_choices":[],"is_beta":false,"boss_relics":[],"items_purged_floors":[],"is_endless":false,"potions_floor_spawned":[9],"killed_by":"Gremlin Nob","ascension_level":0}}