{"host":"rewczy2ihmzhwqlt","time":1608735089,"event":{"mods":["Act Like it!","BaseMod","Hallownest","Minty Spire (QoL Compilation)","Permanent Neow","Practice Mode","Quick Restart","Rare Cards Sparkle","StSLib","The Bug Knight"],"gold_per_floor":[399,442,516,516,327,327,327,327,327],"floor_reached":8,"playtime":881,"items_purged":["Biased Cognition"],"score":94,"play_id":"560f319d-2e51-497c-9a18-b57d7056cce6","local_time":"20201223225129","is_ascension_mode":false,"campfire_choices":[],"circlet_count":0,"master_deck":["HollowMod:theNailsmith","HollowMod:RadiancesLament","HollowMod:HerrahsAnger","HollowMod:ElderbugsWisdom","HollowMod:PaleKingsBlessing","HollowMod:WhiteLadysBlessing","HollowMod:SlysStrikes","HollowMod:PureVessel","HollowMod:MidwifesHunger","HollowMod:ZotesMagnificence","Hallownest:attackFallenFury","Hallownest:skillLightsAllure","Hallownest:skillLeafShield","Hallownest:skillCityofTearsMap","Hallownest:skillKingdomsEdgeMap","Hallownest:attackPureNailEdge","Hallownest:skillGreenpathMap","Hallownest:pwrSporeShroom","Hallownest:skillSlugHide","Hallownest:attackAdjustingAction","Double Energy","Defragment","Blizzard","Glacier"],"relics":["HollowMod:GreatKnightMask","HollowMod:LumaflyLanternRelic","Old Coin","Hallownest:SheosBrushRelic","Hallownest:BlackEggRelic","HollowMod:StagPassRelic","Hallownest:StagEggRelic","Hallownest:StagBellRelic1","Hallownest:StagBellStandRelic","Hallownest:NailmastersGloryRelic","HollowMod:VesselMask","Hallownest:GodTamersBeastRelic","Hallownest:BeastSealRelic","Hallownest:BankAccountRelic","Magic Flower","Black Blood","HollowMod:MantisClawRelic","Lizard Tail","HollowMod:PaleOreRelic","HollowMod:MillibellesNoteRelic","HollowMod:LifeEnderRelic","HollowMod:KingsBrand","Hallownest:UnbreakableCardRelic","Hallownest:SoulVesselRelic","Hallownest:HeavyBlowRelic","Hallownest:DreamNailRelic","Hallownest:TeacherSealRelic","Hallownest:WatcherSealRelic","Ornamental Fan","HollowMod:JonisBlessing"],"acts_visited":["Exordium"],"potions_floor_usage":[],"damage_taken":[{"damage":27,"enemies":"Hallownest:monsterHuskGuard","floor":1,"turns":7},{"damage":0,"enemies":"Hallownest:2_Baldur","floor":6,"turns":3},{"damage":0,"enemies":"Hallownest:eliteMossKnight","floor":8,"turns":7}],"seed_played":"-4942023930245949971","potions_obtained":[],"is_trial":true,"path_per_floor":["M","?","T","?","$","M","?","E"],"character_chosen":"THE_BUGKNIGHT","items_purchased":["HollowMod:JonisBlessing"],"campfire_rested":0,"item_purchase_floors":[5],"current_hp_per_floor":[75,75,75,75,75,75,66,66,66],"gold":327,"neow_bonus":"","is_daily":false,"chose_seed":false,"campfire_upgraded":0,"win_rate":0.0,"timestamp":1608735089,"path_taken":["M","?","?","?","?","M","?","E"],"items_purchased_type":["Relic"],"build_version":"2020-12-22","purchased_purges":1,"victory":false,"max_hp_per_floor":[75,75,75,75,75,75,75,75,75],"card_choices":[{"not_picked":["HollowMod:SoulStrike","HollowMod:MonarchWings","HollowMod:DoubleDash"],"picked":"SKIP","floor":1},{"not_picked":["HollowMod:ShadowDash","HollowMod:VengefulVoid","HollowMod:SoulVessel"],"picked":"SKIP","floor":6}],"player_experience":649862,"relics_obtained":[{"floor":3,"key":"Ornamental Fan"}],"event_choices":[],"is_beta":false,"boss_relics":[],"items_purged_floors":[5],"is_endless":false,"potions_floor_spawned":[],"killed_by":"Hallownest:eliteMossKnight","ascension_level":0}}