{"host":"nnxvcju6x1qybncj","time":1608749189,"event":{"mods":["BaseMod","Displayed Cursed Tome","Downfall","Jorbs\u0027s Wanderer Trilogy","Minty Spire (QoL Compilation)","Quick Restart","StSLib","The Construct","The Cursed","The Disciple","The Hierophant","The Judge","The Necromancer","The Spell Scribe","TheFirefly"],"gold_per_floor":[0,10,22,7,25,25,99,110,110,127,138,156,167,167,177,177,177,177],"floor_reached":16,"playtime":671,"items_purged":[],"score":98,"play_id":"99243673-ce7a-4f4d-9c62-0b7aeefdbab2","local_time":"20201223194629","is_ascension_mode":false,"campfire_choices":[{"data":"Slimebound:Split","floor":1.0,"key":"SMITH"},{"data":"Slimebound:SlimeBarrage","floor":9.0,"key":"SMITH"}],"circlet_count":0,"master_deck":["Slimebound:Strike_Slimebound","Slimebound:Strike_Slimebound","Slimebound:Strike_Slimebound","Slimebound:Tackle","Slimebound:Defend_Slimebound","Slimebound:Defend_Slimebound","Slimebound:Defend_Slimebound","Slimebound:Defend_Slimebound","Slimebound:Split+1","Slimebound:CorrosiveSpit","Slimebound:SlimeBarrage+1","Slimebound:SplitMire","Slimebound:GoopSpray","Slimebound:LeechLife","Slimebound:SplitMire","Slimebound:SplitMire","Slimebound:LeechLife","Slimebound:LivingWall"],"relics":["Slimebound:AbsorbEndCombat","CaptainsWheel","Question Card","Slimebound:ScrapOozeRelic"],"acts_visited":["Exordium"],"potions_floor_usage":[16],"damage_taken":[{"damage":12.0,"enemies":"Cultist","floor":2.0,"turns":3.0},{"damage":11.0,"enemies":"2 Louse","floor":3.0,"turns":2.0},{"damage":28.0,"enemies":"downfall:FleeingMerchant","floor":4.0,"turns":4.0},{"damage":12.0,"enemies":"Small Slimes","floor":5.0,"turns":2.0},{"damage":20.0,"enemies":"Blue Slaver","floor":8.0,"turns":3.0},{"damage":28.0,"enemies":"Exordium Wildlife","floor":10.0,"turns":3.0},{"damage":20.0,"enemies":"Blue Slaver","floor":11.0,"turns":2.0},{"damage":23.0,"enemies":"3 Louse","floor":12.0,"turns":4.0},{"damage":27,"enemies":"Exordium Wildlife","floor":13,"turns":3},{"damage":37,"enemies":"Lots of Slimes","floor":15,"turns":5},{"damage":78,"enemies":"downfall:Defect","floor":16,"turns":5}],"seed_played":"-8995355572811821265","potions_obtained":[{"floor":2.0,"key":"BlessingOfTheForge"},{"floor":10.0,"key":"Swift Potion"},{"floor":12.0,"key":"PowerPotion"}],"is_trial":false,"path_per_floor":["R","M","M","$","M","?","T","M","R","M","M","M","M","?","M","B"],"character_chosen":"SLIMEBOUND","items_purchased":[],"campfire_rested":0,"item_purchase_floors":[],"current_hp_per_floor":[60,58,55,45,49,49,49,41,41,51,60,53,60,60,59,0,0,0],"gold":177,"neow_bonus":"ONE_RARE_RELIC","is_daily":false,"chose_seed":false,"campfire_upgraded":2,"win_rate":0.0,"timestamp":1608749189,"path_taken":["R","M","M","$","M","?","T","?","R","M","M","?","M","?","M","BOSS"],"items_purchased_type":[],"build_version":"2020-12-22","purchased_purges":0,"victory":false,"max_hp_per_floor":[60,60,60,60,60,60,60,60,60,60,60,60,60,60,60,60,60,60],"card_choices":[{"not_picked":["Slimebound:RainOfGoop","Slimebound:Schlurp"],"picked":"Slimebound:SlimeBarrage","floor":2.0},{"not_picked":["Slimebound:RollThrough","Slimebound:RejuvenatingLick"],"picked":"Slimebound:SplitMire","floor":3.0},{"not_picked":["Slimebound:RollThrough","Slimebound:ComboTackle","Slimebound:Grow"],"picked":"SKIP","floor":4.0},{"not_picked":["Slimebound:Schlurp","Slimebound:FirmFortitude"],"picked":"Slimebound:GoopSpray","floor":5.0},{"not_picked":["Slimebound:LeechEnergy","Slimebound:SplitLeeching","Slimebound:FinishingTackle"],"picked":"Slimebound:LeechLife","floor":8.0},{"not_picked":["Slimebound:SplitLeeching","Slimebound:SplitAcid","Slimebound:ViciousTackle"],"picked":"Slimebound:SplitMire","floor":10.0},{"not_picked":["Slimebound:RainOfGoop","Slimebound:SlimeBrawl","Slimebound:LeechingTouch"],"picked":"Slimebound:SplitMire","floor":11.0},{"not_picked":["Slimebound:ComboTackle","Slimebound:SlimeSpikes","Slimebound:SplitAcid"],"picked":"Slimebound:LeechLife","floor":12.0},{"not_picked":["Slimebound:GrowthPunch","Slimebound:ComboTackle","Slimebound:SplitBruiser","Slimebound:PressTheAttack"],"picked":"SKIP","floor":13},{"not_picked":["Slimebound:ViciousTackle","Slimebound:LeechingTouch","Slimebound:MegaLick"],"picked":"Slimebound:LivingWall","floor":15}],"player_experience":722242,"relics_obtained":[{"floor":6.0,"key":"Vajra"},{"floor":7.0,"key":"Question Card"}],"event_choices":[{"damage_healed":0.0,"max_hp_gain":0.0,"max_hp_loss":0.0,"gold_gain":0.0,"event_name":"Wheel of Change","player_choice":"Relic","floor":6.0,"gold_loss":0.0,"damage_taken":0.0}],"is_beta":false,"boss_relics":[],"items_purged_floors":[],"is_endless":false,"potions_floor_spawned":[2,10,12],"killed_by":"downfall:Defect","ascension_level":0}}