{"host":"9s40qwdfo6o6xlx0","time":1608750981,"event":{"mods":["ATMod(°¢èªMod)","BaseMod","Highlight Path","Minty Spire (QoL Compilation)","Replay The Spire","StSLib"],"gold_per_floor":[110,120,70,82,102,132,148,148,148,206,22,47,47,122,122,219,219,229,154,77,77,88,115,115,115,115,131,164,182,182,182,182],"floor_reached":31,"playtime":1589,"items_purged":["Looming Evil"],"score":308,"play_id":"a638c33e-3c13-45ac-9905-3f075b71b947","local_time":"20201224031621","is_ascension_mode":false,"campfire_choices":[{"data":"Armaments","floor":8.0,"key":"SMITH"},{"data":"ReplayTheSpireMod:LeadingStrike","floor":13.0,"key":"SMITH"},{"floor":15.0,"key":"REST"},{"data":"Armaments","floor":30.0,"key":"SMITH"}],"circlet_count":0,"master_deck":["Strike_R","Strike_R","Strike_R","Strike_R","Defend_R+1","Defend_R","Defend_R","Defend_R+1","Bash","Defend_R","AT_WindFlip","AT_BodySlamDance","ReplayTheSpireMod:LeadingStrike+1","Juggernaut","Replay:Undeath\u0027s Touch","ReplayReversal","Armaments+1","ReplayTheSpireMod:Splinters","Thunderclap","AT_FalsePromise+1","AT_CelerityRune+1","Rupture","Bludgeon+1","Run Through","Life Link+1","ReplayTheSpireMod:Corrosion Curse+1","Armaments+1","AT_ManFootWork","ReplayTheSpireMod:Strike From Hell+1","Anger"],"relics":["Burning Blood","AT_ATBox","Juzu Bracelet","Golden Egg","ReplayTheSpireMod:CursedCoin","Gremlin Horn","Philosopher\u0027s Stone","Ring of Fury","Ring of Panic","Letter Opener","Kunai","Simple Rune"],"acts_visited":["Exordium","TheCity"],"potions_floor_usage":[31],"damage_taken":[{"damage":0.0,"enemies":"2 Louse","floor":1.0,"turns":2.0},{"damage":0.0,"enemies":"Small Slimes","floor":2.0,"turns":3.0},{"damage":1.0,"enemies":"Jaw Worm","floor":4.0,"turns":3.0},{"damage":27.0,"enemies":"Large Slime","floor":5.0,"turns":6.0},{"damage":16.0,"enemies":"3 Sentries","floor":6.0,"turns":6.0},{"damage":14.0,"enemies":"Exordium Wildlife","floor":7.0,"turns":3.0},{"damage":45.0,"enemies":"Lagavulin","floor":12.0,"turns":8.0},{"damage":34.0,"enemies":"Slime Boss","floor":16.0,"turns":7.0},{"damage":26.0,"enemies":"Spheric Guardian","floor":18.0,"turns":4.0},{"damage":6.0,"enemies":"Shell Parasite","floor":22.0,"turns":2.0},{"damage":65.0,"enemies":"Slavers","floor":23.0,"turns":5.0},{"damage":5.0,"enemies":"Centurion and Healer","floor":27.0,"turns":6.0},{"damage":2.0,"enemies":"Gremlin Leader","floor":28.0,"turns":4.0},{"damage":4.0,"enemies":"Snecko","floor":29.0,"turns":3.0},{"damage":13,"enemies":"Chosen and Byrds","floor":31,"turns":3}],"seed_played":"-2926982751778847248","potions_obtained":[{"floor":1.0,"key":"Explosive Potion"},{"floor":2.0,"key":"Languid Potion"},{"floor":5.0,"key":"GamblersBrew"},{"floor":7.0,"key":"BlessingOfTheForge"},{"floor":23.0,"key":"SpeedPotion"},{"floor":27.0,"key":"BloodPotion"},{"floor":29.0,"key":"LiquidBronze"}],"is_trial":false,"path_per_floor":["M","M","?","M","M","E","M","R","T","?","$","E","R","?","R","B",null,"M","?","$","?","M","E","$","?","T","M","E","M","R","M"],"character_chosen":"IRONCLAD","items_purchased":["ReplayTheSpireMod:CursedCoin","AT_FalsePromise","AT_CelerityRune","Life Link"],"campfire_rested":1,"item_purchase_floors":[11,11,11,20],"current_hp_per_floor":[96,96,96,96,75,65,57,57,57,57,57,18,18,7,35,7,96,76,76,76,76,76,17,17,11,11,12,10,12,12,0,0],"gold":182,"neow_bonus":"TWENTY_PERCENT_HP_BONUS","is_daily":false,"chose_seed":false,"campfire_upgraded":3,"win_rate":0.0,"timestamp":1608750981,"path_taken":["M","M","?","M","M","E","M","R","T","?","$","E","R","?","R","BOSS","M","?","$","?","M","E","?","?","T","M","E","M","R","M"],"items_purchased_type":["Relic","Card","Card","Card"],"build_version":"2020-12-22","purchased_purges":1,"victory":false,"max_hp_per_floor":[96,96,96,96,96,96,96,96,96,96,96,96,96,96,96,96,96,96,96,96,96,96,96,96,96,96,96,96,96,96,96,96],"card_choices":[{"not_picked":["Pommel Strike","Perfected Strike"],"picked":"AT_BodySlamDance","floor":1.0},{"not_picked":["Reckless Charge","Replay:Undeath\u0027s Touch"],"picked":"ReplayTheSpireMod:LeadingStrike","floor":2.0},{"not_picked":["Heavy Blade","Anger"],"picked":"Juggernaut","floor":4.0},{"not_picked":["Combust","Warcry"],"picked":"Replay:Undeath\u0027s Touch","floor":5.0},{"not_picked":["Flex","Twin Strike"],"picked":"ReplayReversal","floor":6.0},{"not_picked":["Dropkick","AT_ManFootWork"],"picked":"Armaments","floor":7.0},{"not_picked":["ReplayTheSpireMod:Strike From Hell","Clothesline"],"picked":"Thunderclap","floor":10.0},{"not_picked":["Clash","True Grit"],"picked":"Rupture","floor":12.0},{"not_picked":["Corruption","Impervious"],"picked":"Bludgeon","floor":16.0},{"not_picked":["ReplayTheSpireMod:Strike From Hell","AT_IchimonjiDouble"],"picked":"Run Through","floor":18.0},{"not_picked":["Shockwave","ReplayTheSpireMod:Strike From Hell"],"picked":"ReplayTheSpireMod:Corrosion Curse+1","floor":22.0},{"not_picked":["Brutality","Flame Barrier"],"picked":"Armaments","floor":23.0},{"not_picked":["Uppercut","Twin Strike"],"picked":"AT_ManFootWork","floor":27.0},{"not_picked":["Run Through","Perfected Strike"],"picked":"ReplayTheSpireMod:Strike From Hell+1","floor":28.0},{"not_picked":["Headbutt","Twin Strike"],"picked":"Anger","floor":29.0}],"player_experience":22722,"relics_obtained":[{"floor":6.0,"key":"Juzu Bracelet"},{"floor":9.0,"key":"Golden Egg"},{"floor":12.0,"key":"Gremlin Horn"},{"floor":21.0,"key":"Ring of Fury"},{"floor":21.0,"key":"Ring of Panic"},{"floor":23.0,"key":"Letter Opener"},{"floor":26.0,"key":"Kunai"},{"floor":28.0,"key":"Simple Rune"}],"event_choices":[{"cards_removed":["Defend_P"],"damage_healed":0.0,"max_hp_gain":0.0,"max_hp_loss":0.0,"gold_gain":0.0,"event_name":"The Cleric","player_choice":"Card Removal","floor":3.0,"gold_loss":50.0,"damage_taken":0.0},{"damage_healed":0.0,"max_hp_gain":0.0,"max_hp_loss":0.0,"gold_gain":75.0,"event_name":"World of Goop","player_choice":"Gather Gold","floor":14.0,"gold_loss":0.0,"damage_taken":11.0},{"cards_removed":["Strike_R"],"damage_healed":0.0,"max_hp_gain":0.0,"max_hp_loss":0.0,"gold_gain":0.0,"event_name":"Beggar","player_choice":"Gave Gold","floor":19.0,"gold_loss":75.0,"damage_taken":0.0},{"damage_healed":0.0,"max_hp_gain":0.0,"max_hp_loss":0.0,"gold_gain":0.0,"event_name":"Knowing Skull","player_choice":"","floor":25.0,"potions_obtained":[],"gold_loss":0.0,"damage_taken":6.0,"cards_obtained":[]}],"is_beta":false,"boss_relics":[{"not_picked":["Runic Dome","Black Blood"],"picked":"Philosopher\u0027s Stone"}],"items_purged_floors":[11],"is_endless":false,"potions_floor_spawned":[1,2,5,7,23,27,29],"killed_by":"Chosen and Byrds","ascension_level":0}}