{"host":"0cnf9zf1gia27zti","time":1608737062,"event":{"mods":["BaseMod","BetterRewards","Card Forge","Colored Map","Colored Powertips","Conspire","Downfall","Minty Spire (QoL Compilation)","Practice Mode","Quick Restart","Replay The Spire","Robot Space Explorer","Shade Mod","Spicy Shops","StSLib"],"gold_per_floor":[117,127,147,36,53,102,102,32,32,32,20,40,40,78,78,152,152,164,180,191,204,204,204,231,34,86,86,86,118,118,2,2,79,79,92,47,64,76,76,76],"floor_reached":39,"playtime":2938,"items_purged":["Strike_B","CommonCold"],"score":1108,"play_id":"29a9bdc4-2bab-4bd0-b79b-65df1f85c371","local_time":"20201223152422","is_ascension_mode":true,"campfire_choices":[{"floor":10.0,"key":"REST"},{"data":"Scrape","floor":13.0,"key":"SMITH"},{"data":"Go for the Eyes","floor":15.0,"key":"SMITH"},{"floor":23.0,"key":"REST"},{"data":"Beam Cell","floor":27.0,"key":"SMITH"},{"floor":32.0,"key":"DIG"}],"circlet_count":0,"master_deck":["AscendersBane","Strike_B","Strike_B","Defend_B","Defend_B","Defend_B","Defend_B","Zap+1","Dualcast+1","Gash+1","Gash+1","ReplayGash","Beam Cell+1","Beam Cell","Beam Cell","All For One","Go for the Eyes+1","Gash+1","Core Surge","Gash+1","Scrape+1","Gash+1","Sweeping Beam","Echo Form+1","CurseOfTheBell","Go for the Eyes","Conserve Battery+1","All For One","Gash+1","ReplayTheSpireMod:Private Reserves+1","All For One","ReplayGash","expansioncontent:CaCaw","Leap+1","Hyperbeam","Double Energy+1","BootSequence+1","Leap+1"],"relics":["FrozenCore","Hammer of Thor","Seething Fire","Anvil of the Gods","DollysMirror","Question Card","Toolbox","Membership Card","Pen Nib","Tiny Chest","Toxic Egg 2","Replay:Bottled Eggs","Calling Bell","Lantern","Eternal Feather","conspire:GlowingRock","conspire:TopHat","Shuriken","Nunchaku","Happy Flower","GremlinMask","Akabeko","Mirror","Prayer Wheel","Prayer Wheel"],"acts_visited":["Exordium","TheCity","TheBeyond"],"potions_floor_usage":[],"damage_taken":[{"damage":6.0,"enemies":"Small Slimes","floor":1.0,"turns":3.0},{"damage":0.0,"enemies":"Cultist","floor":2.0,"turns":3.0},{"damage":0.0,"enemies":"2 Louse","floor":3.0,"turns":1.0},{"damage":0.0,"enemies":"Exordium Thugs","floor":5.0,"turns":3.0},{"damage":5.0,"enemies":"3 Sentries","floor":6.0,"turns":4.0},{"damage":6.0,"enemies":"Looter","floor":12.0,"turns":2.0},{"damage":0.0,"enemies":"2 Fungi Beasts","floor":14.0,"turns":1.0},{"damage":26.0,"enemies":"Hexaghost","floor":16.0,"turns":3.0},{"damage":12.0,"enemies":"Chosen","floor":18.0,"turns":3.0},{"damage":0.0,"enemies":"2 Thieves","floor":19.0,"turns":2.0},{"damage":32.0,"enemies":"Snake Plant","floor":20.0,"turns":4.0},{"damage":8.0,"enemies":"Cultist and Chosen","floor":21.0,"turns":3.0},{"damage":0.0,"enemies":"Book of Stabbing","floor":29.0,"turns":1.0},{"damage":34.0,"enemies":"Pondfish","floor":33.0,"turns":4.0},{"damage":0.0,"enemies":"Orb Walker","floor":35.0,"turns":3.0},{"damage":35.0,"enemies":"3 Darklings","floor":37.0,"turns":3.0},{"damage":25.0,"enemies":"4 Shapes","floor":38.0,"turns":13.0},{"damage":4,"enemies":"Writhing Mass","floor":39,"turns":2}],"seed_played":"3386907641008182444","potions_obtained":[{"floor":2.0,"key":"ColorlessPotion"},{"floor":3.0,"key":"ColorlessPotion"},{"floor":14.0,"key":"Swift Potion"},{"floor":18.0,"key":"Weak Potion"},{"floor":37.0,"key":"Fire Potion"}],"is_trial":false,"path_per_floor":["M","M","M","$","M","E","?","$","T","R","$","M","R","M","R","B",null,"M","M","M","M","?","R","T","$","T","R","?","E","?","$","R_BF","B",null,"M","$","M","M","M"],"character_chosen":"DEFECT","items_purchased":["Gash","DollysMirror","Question Card","Toolbox","ReplayGash","Membership Card","Pen Nib","Beam Cell","Tiny Chest","Gash","Scrape","Redo+1","Shuriken","Gash","Akabeko","ReplayTheSpireMod:Private Reserves+1","expansioncontent:CaCaw"],"campfire_rested":2,"item_purchase_floors":[0,0,0,0,0,0,0,0,4,8,8,11,25,25,31,31,36],"current_hp_per_floor":[58,58,58,58,58,53,53,53,53,71,71,65,65,65,65,39,63,51,51,19,11,11,50,50,50,50,68,68,68,68,68,71,37,63,63,63,28,3,0,0],"gold":76,"neow_bonus":"","is_daily":false,"chose_seed":false,"campfire_upgraded":3,"win_rate":0.0,"timestamp":1608737062,"path_taken":["M","M","M","$","M","E","?","$","T","R","$","M","R","M","R","BOSS","M","M","?","M","?","R","?","$","T","R","?","E","?","$","R_BF","BOSS","M","$","M","M","?"],"items_purchased_type":["Card","Relic","Relic","Relic","Card","Relic","Relic","Card","Relic","Card","Card","Card","Relic","Card","Relic","Card","Card"],"build_version":"2020-12-13","purchased_purges":2,"victory":false,"max_hp_per_floor":[71,71,71,71,71,71,71,71,71,71,71,71,71,71,71,71,71,71,71,71,71,71,71,71,71,71,71,71,71,71,71,71,71,71,71,71,71,71,71,71],"card_choices":[{"not_picked":["Turbo","Barrage","Conserve Battery"],"picked":"Beam Cell","floor":1.0},{"not_picked":["Turbo","Conserve Battery","Doom and Gloom"],"picked":"Creative AI","floor":2.0},{"not_picked":["Static Discharge","Beam Cell","Panic Button"],"picked":"Go for the Eyes","floor":3.0},{"not_picked":["Fusion","BasicCrystalCard","Steam"],"picked":"Gash","floor":5.0},{"not_picked":["Time Bomb+1","Ball Lightning","Hello World"],"picked":"Core Surge","floor":6.0},{"not_picked":["Redo+1","Capacitor","Conserve Battery+1"],"picked":"Sweeping Beam","floor":12.0},{"not_picked":["Time Bomb+1","BasicCrystalCard+1","Coolheaded+1","Panic Button+1"],"picked":"SKIP","floor":14.0},{"not_picked":["Core Surge","ReplayRNGCard+1","Meteor Strike"],"picked":"Echo Form","floor":16.0},{"not_picked":["Barrage","Sweeping Beam","Rebound+1"],"picked":"Go for the Eyes","floor":18.0},{"not_picked":["ReplayTheSpireMod:System Scan+1","Barrage","Stack+1"],"picked":"Conserve Battery+1","floor":19.0},{"not_picked":["Beam Cell+1","Hyperbeam","Streamline"],"picked":"Gash","floor":20.0},{"not_picked":["Stack+1","Loop","ReplayTheSpireMod:Dual Polarity+1","Barrage"],"picked":"SKIP","floor":21.0},{"not_picked":["Compile Driver+1","conspire:SharedLibrary","Recycle+1","Ball Lightning+1"],"picked":"SKIP","floor":29.0},{"not_picked":["Electrodynamics","ReplayRNGCard+1","Rainbow+1"],"picked":"ReplayTheSpireMod:Fabricate Wheel+1","floor":33.0},{"not_picked":["Melter+1","Auto Shields+1","Redo+1"],"picked":"ReplayGash","floor":35.0},{"not_picked":["Tempest+1","ReplayTheSpireMod:GoodbyeWorld","Cold Snap","Steam+1"],"picked":"SKIP","floor":35.0},{"not_picked":["Ball Lightning","Stack+1","Turbo+1"],"picked":"Leap+1","floor":37.0},{"not_picked":["Defragment","ReplaySort+1","Barrage"],"picked":"Hyperbeam","floor":37.0},{"not_picked":["Turbo+1","Sweeping Beam","Barrage+1","Rebound"],"picked":"SKIP","floor":37.0},{"not_picked":["Turbo+1","ReplaySort+1","Beam Cell"],"picked":"Double Energy+1","floor":38.0},{"not_picked":["Static Discharge","Capacitor+1","Cold Snap"],"picked":"BootSequence+1","floor":38.0},{"not_picked":["Redo+1","Steam+1","Streamline"],"picked":"Leap+1","floor":38.0}],"player_experience":2409775,"relics_obtained":[{"floor":6.0,"key":"Toxic Egg 2"},{"floor":9.0,"key":"Replay:Bottled Eggs"},{"floor":17.0,"key":"Lantern"},{"floor":17.0,"key":"Eternal Feather"},{"floor":17.0,"key":"conspire:GlowingRock"},{"floor":24.0,"key":"conspire:TopHat"},{"floor":26.0,"key":"Nunchaku"},{"floor":29.0,"key":"Happy Flower"},{"floor":32.0,"key":"Mirror"}],"event_choices":[{"damage_healed":0.0,"max_hp_gain":0.0,"max_hp_loss":0.0,"gold_gain":0.0,"event_name":"Match and Keep!","player_choice":"1 cards matched","floor":7.0,"gold_loss":0.0,"damage_taken":0.0,"cards_obtained":["CommonCold"]},{"damage_healed":0.0,"max_hp_gain":0.0,"max_hp_loss":0.0,"gold_gain":0.0,"event_name":"Accursed Blacksmith","player_choice":"Forge","floor":22.0,"gold_loss":0.0,"damage_taken":0.0,"cards_upgraded":["Echo Form"]},{"cards_removed":["Strike_B"],"damage_healed":0.0,"max_hp_gain":0.0,"max_hp_loss":0.0,"gold_gain":0.0,"event_name":"Back to Basics","player_choice":"Elegance","floor":28.0,"gold_loss":0.0,"damage_taken":0.0},{"damage_healed":0.0,"max_hp_gain":0.0,"max_hp_loss":0.0,"gold_gain":0.0,"event_name":"FaceTrader","player_choice":"Trade","floor":30.0,"gold_loss":0.0,"damage_taken":0.0,"relics_obtained":["GremlinMask"]}],"is_beta":false,"boss_relics":[{"not_picked":["Kintsugi","Honey Jar"],"picked":"Calling Bell"},{"not_picked":["Replay:Wanted Poster","Busted Crown"],"picked":"FrozenCore"}],"items_purged_floors":[4,25],"is_endless":false,"potions_floor_spawned":[2,3,14,18,37],"killed_by":"Writhing Mass","ascension_level":15}}