{"host":"y76x98twjnyyxs83","time":1608756733,"event":{"mods":["BaseMod","Colored Powertips","Minty Spire (QoL Compilation)","Permanent Neow","Quick Restart","Rare Cards Sparkle","Relic Stats","StSLib"],"gold_per_floor":[113,123,123,123,142,142,175,175,220,55,83,97,132,132,132,211,211,228,242,0,17,67,67,67],"floor_reached":23,"playtime":1109,"items_purged":[],"score":358,"play_id":"097d2b30-121a-453f-83d3-e7d4e50323e7","local_time":"20201224045213","is_ascension_mode":true,"campfire_choices":[{"data":"Dagger Spray","floor":6,"key":"SMITH"},{"data":"Neutralize","floor":8,"key":"SMITH"},{"data":"Footwork","floor":15,"key":"SMITH"}],"circlet_count":0,"master_deck":["AscendersBane","Strike_G","Strike_G","Strike_G","Strike_G","Strike_G","Defend_G","Defend_G","Defend_G","Defend_G","Defend_G","Survivor","Neutralize+1","Poisoned Stab+1","Crippling Poison+1","Dagger Spray+1","Adrenaline","Footwork+1","Well Laid Plans","Bane","Tools of the Trade","Dagger Throw","Outmaneuver","Leg Sweep"],"relics":["Ring of the Snake","Lantern","Odd Mushroom","Tough Bandages","Pantograph","Runic Pyramid","Membership Card","Blood Vial"],"acts_visited":["Exordium","TheCity"],"potions_floor_usage":[7,7,21],"damage_taken":[{"damage":2,"enemies":"Jaw Worm","floor":1,"turns":6},{"damage":9,"enemies":"Small Slimes","floor":2,"turns":6},{"damage":0,"enemies":"Cultist","floor":5,"turns":3},{"damage":11,"enemies":"Gremlin Nob","floor":7,"turns":4},{"damage":16,"enemies":"The Mushroom Lair","floor":11,"turns":3},{"damage":3,"enemies":"Lots of Slimes","floor":12,"turns":2},{"damage":9,"enemies":"3 Sentries","floor":13,"turns":7},{"damage":18,"enemies":"Hexaghost","floor":16,"turns":11},{"damage":11,"enemies":"Spheric Guardian","floor":18,"turns":10},{"damage":11,"enemies":"Chosen","floor":19,"turns":5},{"damage":12,"enemies":"Snake Plant","floor":21,"turns":6},{"damage":26,"enemies":"Gremlin Leader","floor":23,"turns":6}],"seed_played":"1035152015483265290","potions_obtained":[{"floor":1,"key":"Swift Potion"},{"floor":2,"key":"EssenceOfSteel"},{"floor":18,"key":"EssenceOfSteel"},{"floor":21,"key":"Swift Potion"}],"is_trial":false,"path_per_floor":["M","M","?","?","M","R","E","R","T","$","?","M","E","?","R","B",null,"M","M","$","M","?","E"],"character_chosen":"THE_SILENT","items_purchased":["Adrenaline","Footwork","Membership Card","Blood Vial"],"campfire_rested":0,"item_purchase_floors":[10,10,20,20],"current_hp_per_floor":[57,48,48,48,48,48,37,37,37,37,21,18,9,9,9,16,54,43,32,32,22,22,0,0],"gold":67,"neow_bonus":"THREE_CARDS","is_daily":false,"chose_seed":false,"campfire_upgraded":3,"win_rate":0.0,"timestamp":1608756733,"path_taken":["M","M","?","?","?","R","E","R","T","?","?","M","E","?","R","BOSS","M","M","$","?","?","E"],"items_purchased_type":["Card","Card","Relic","Relic"],"build_version":"2020-12-22","purchased_purges":0,"victory":false,"max_hp_per_floor":[66,66,66,66,66,66,66,66,66,66,66,66,66,66,66,66,66,66,66,66,66,66,66,66],"relic_stats":{"Blood Vial":4,"Tough Bandages":[75],"counters":[12,69],"Pantograph":25,"obtain_stats":[{"Blood Vial":20,"Lantern":7,"Tough Bandages":13,"Pantograph":14,"Membership Card":20,"Odd Mushroom":11,"Ring of the Snake":0,"Runic Pyramid":17},{"Blood Vial":10,"Lantern":4,"Tough Bandages":7,"Pantograph":7,"Membership Card":10,"Odd Mushroom":5,"Ring of the Snake":0,"Runic Pyramid":8},{"Blood Vial":57,"Lantern":19,"Tough Bandages":31,"Pantograph":31,"Membership Card":57,"Odd Mushroom":22,"Ring of the Snake":0,"Runic Pyramid":42}],"Ring of the Snake":[24]},"card_choices":[{"not_picked":["Slice","Cloak And Dagger"],"picked":"Poisoned Stab","floor":0},{"not_picked":["Infinite Blades","Slice"],"picked":"Crippling Poison","floor":1},{"not_picked":["Expertise","Dodge and Roll","Calculated Gamble"],"picked":"SKIP","floor":2},{"not_picked":["Acrobatics","Deflect"],"picked":"Dagger Spray","floor":5},{"not_picked":["Slice","All Out Attack","Underhanded Strike"],"picked":"SKIP","floor":7},{"not_picked":["Dagger Throw","Reflex"],"picked":"Well Laid Plans","floor":11},{"not_picked":["Well Laid Plans","Endless Agony"],"picked":"Bane","floor":12},{"not_picked":["Dagger Spray","Sucker Punch","Dodge and Roll"],"picked":"SKIP","floor":13},{"not_picked":["Glass Knife","Grand Finale"],"picked":"Tools of the Trade","floor":16},{"not_picked":["Infinite Blades","Underhanded Strike"],"picked":"Dagger Throw","floor":18},{"not_picked":["Slice","Infinite Blades"],"picked":"Outmaneuver","floor":19},{"not_picked":["Flying Knee+1","Dodge and Roll"],"picked":"Leg Sweep","floor":21}],"player_experience":1105778,"relics_obtained":[{"floor":7,"key":"Lantern"},{"floor":11,"key":"Odd Mushroom"},{"floor":13,"key":"Tough Bandages"},{"floor":14,"key":"Pantograph"}],"event_choices":[{"damage_healed":0,"gold_gain":0,"player_choice":"Grow","damage_taken":0,"max_hp_gain":0,"max_hp_loss":0,"event_name":"Living Wall","floor":3,"gold_loss":0,"cards_upgraded":["Poisoned Stab"]},{"damage_healed":0,"gold_gain":0,"player_choice":"Upgraded","damage_taken":0,"max_hp_gain":0,"max_hp_loss":0,"event_name":"Upgrade Shrine","floor":4,"gold_loss":0,"cards_upgraded":["Crippling Poison"]},{"damage_healed":0,"gold_gain":0,"player_choice":"Fought Mushrooms","damage_taken":0,"max_hp_gain":0,"max_hp_loss":0,"event_name":"Mushrooms","floor":11,"gold_loss":0},{"damage_healed":0,"gold_gain":0,"player_choice":"Relic","damage_taken":0,"max_hp_gain":0,"max_hp_loss":0,"event_name":"Wheel of Change","floor":14,"gold_loss":0},{"damage_healed":0,"gold_gain":50,"player_choice":"Stole From Cult","damage_taken":0,"max_hp_gain":0,"max_hp_loss":0,"event_name":"Nest","floor":22,"gold_loss":0}],"is_beta":false,"boss_relics":[{"not_picked":["Busted Crown","Sozu"],"picked":"Runic Pyramid"}],"items_purged_floors":[],"is_endless":false,"potions_floor_spawned":[1,2,18,21],"killed_by":"Gremlin Leader","ascension_level":16}}