{"host":"cwd5s03r1oaxs6mx","time":1608734002,"event":{"mods":["Act Like it!","BaseMod","Better Third Choice","BetterRewards","CapriCore","Card Filter","Colored Map","Custom Start","DeckTracker","Friendly Minions","Hubris","Infinite Spire","Minty Spire (QoL Compilation)","Quick Restart","Relic Stats","Shop Mod","Spicy Shops","StSLib","SuperFastMode","The Gatherer"],"gold_per_floor":[112,112,126,126,136,136,164,164,244,244,244,244],"floor_reached":10,"playtime":400,"items_purged":["Gatherer:Strike_Gatherer","Gatherer:Strike_Gatherer","Gatherer:Strike_Gatherer"],"score":69,"play_id":"d6ccf40f-51fe-4df5-92cd-6c6fd85d1a73","local_time":"20201223233322","is_ascension_mode":true,"metric_token":1309,"campfire_choices":[{"data":"Gatherer:FlowerFalling","floor":6,"key":"SMITH"},{"data":"Gatherer:FlowerWhip","floor":8,"key":"SMITH"}],"circlet_count":0,"master_deck":["Gatherer:Strike_Gatherer","Gatherer:Defend_Gatherer","Gatherer:Defend_Gatherer","Gatherer:Defend_Gatherer","Gatherer:Defend_Gatherer","Gatherer:Defend_Gatherer","Gatherer:Centralize","Gatherer:FlowerWhip+1","Gatherer:ScherryThrow","Gatherer:FlowerFalling+1","Gatherer:FlowerFalling","Gatherer:RottenStipe"],"relics":["Gatherer:AlchemyBag","hubris:EmptyBottle","Anchor","Strawberry","infinitespire:Eraser"],"acts_visited":["Exordium"],"potions_floor_usage":[10,10],"damage_taken":[{"damage":1.0,"enemies":"Jaw Worm","floor":1.0,"turns":2.0},{"damage":0.0,"enemies":"2 Louse","floor":3.0,"turns":1.0},{"damage":0.0,"enemies":"Cultist","floor":5.0,"turns":2.0},{"damage":13,"enemies":"Lagavulin","floor":7,"turns":7},{"damage":38,"enemies":"Nightmare","floor":10,"turns":7}],"seed_played":"7565606590441189278","potions_obtained":[{"floor":7,"key":"Fire Potion"}],"is_trial":false,"path_per_floor":["M","?","M","?","M","R","E","R","T","NM"],"character_chosen":"THE_GATHERER","items_purchased":["Gatherer:ScherryThrow","hubris:EmptyBottle","Gatherer:FlowerFalling"],"campfire_rested":0,"item_purchase_floors":[0,0,0],"current_hp_per_floor":[71,38,38,31,31,31,25,25,25,0,0,0],"gold":244,"neow_bonus":"","is_daily":false,"chose_seed":false,"campfire_upgraded":2,"win_rate":0.0,"timestamp":1608734002,"path_taken":["M","?","M","?","M","R","E","R","T","NM"],"items_purchased_type":["Card","Relic","Card"],"build_version":"2020-12-22","purchased_purges":3,"victory":false,"max_hp_per_floor":[72,72,72,72,72,72,79,79,79,79,79,79],"relic_stats":{"counters":[38,140],"obtain_stats":[{"Regal Pillow":43,"Gatherer:Leftovers":0,"SacredBark":17,"hubris:EmptyBottle":0,"Bottled Tornado":25,"Centennial Puzzle":44,"Lizard Tail":53,"hubris:Backtick":34,"infinitespire:Bottled Soul":0,"DollysMirror":25,"Strawberry":7,"Tiny Chest":6,"Red Mask":20,"infinitespire:Eraser":9,"InkBottle":26,"Potion Belt":0,"Golden Idol":3,"Gatherer:MistGenerator":0,"Oddly Smooth Stone":54,"infinitespire:FocusingShard":7,"PreservedInsect":31,"The Courier":41,"Medical Kit":36,"White Beast Statue":0,"Akabeko":22,"Anchor":2,"Bronze Scales":12,"infinitespire:Satchel":0,"Molten Egg 2":46,"infinitespire:EmpoweringShard":40,"Membership Card":0,"Gatherer:AlchemyBag":0,"Toy Ornithopter":34,"infinitespire:Midas Blood":9},{"Regal Pillow":27,"Gatherer:Leftovers":6,"SacredBark":16,"hubris:EmptyBottle":0,"Bottled Tornado":19,"Centennial Puzzle":28,"Lizard Tail":31,"hubris:Backtick":22,"infinitespire:Bottled Soul":6,"DollysMirror":19,"Strawberry":37,"Tiny Chest":10,"Red Mask":19,"infinitespire:Eraser":37,"InkBottle":19,"Potion Belt":0,"Golden Idol":2,"Gatherer:MistGenerator":6,"Oddly Smooth Stone":32,"infinitespire:FocusingShard":4,"PreservedInsect":21,"The Courier":26,"Medical Kit":23,"White Beast Statue":0,"Akabeko":19,"Anchor":34,"Bronze Scales":13,"infinitespire:Satchel":6,"Molten Egg 2":30,"infinitespire:EmpoweringShard":26,"Membership Card":6,"Gatherer:AlchemyBag":0,"Toy Ornithopter":22,"infinitespire:Midas Blood":4},{"Regal Pillow":102,"Gatherer:Leftovers":31,"SacredBark":71,"hubris:EmptyBottle":0,"Bottled Tornado":77,"Centennial Puzzle":105,"Lizard Tail":113,"hubris:Backtick":85,"infinitespire:Bottled Soul":31,"DollysMirror":77,"Strawberry":133,"Tiny Chest":50,"Red Mask":77,"infinitespire:Eraser":133,"InkBottle":77,"Potion Belt":0,"Golden Idol":12,"Gatherer:MistGenerator":31,"Oddly Smooth Stone":115,"infinitespire:FocusingShard":25,"PreservedInsect":82,"The Courier":98,"Medical Kit":88,"White Beast Statue":0,"Akabeko":77,"Anchor":123,"Bronze Scales":59,"infinitespire:Satchel":31,"Molten Egg 2":110,"infinitespire:EmpoweringShard":98,"Membership Card":31,"Gatherer:AlchemyBag":0,"Toy Ornithopter":85,"infinitespire:Midas Blood":25}]},"card_choices":[{"not_picked":["Gatherer:QuickSynthesis","Gatherer:FeelingFine"],"picked":"Gatherer:FlowerFalling","floor":1.0},{"not_picked":["Gatherer:BambuSword","Gatherer:EnergyBasket"],"picked":"Gatherer:RottenStipe","floor":3.0},{"not_picked":["Gatherer:Polymorphism","Gatherer:BigPouch","Gatherer:FlowerPower"],"picked":"SKIP","floor":5},{"not_picked":["Gatherer:Snatch","Gatherer:Misfortune","Gatherer:SaveValuables"],"picked":"SKIP","floor":7}],"player_experience":947419,"relics_obtained":[{"floor":7,"key":"Strawberry"},{"floor":9,"key":"infinitespire:Eraser"}],"event_choices":[{"damage_healed":0.0,"max_hp_gain":0.0,"max_hp_loss":0.0,"gold_gain":0.0,"event_name":"betterThird:BetterScrap","player_choice":"Relic ","floor":2.0,"gold_loss":0.0,"damage_taken":33.0,"cards_obtained":["Ghostly Armor"]},{"cards_removed":["Gatherer:Strike_Gatherer"],"damage_healed":0.0,"max_hp_gain":0.0,"max_hp_loss":0.0,"gold_gain":0.0,"event_name":"Golden Wing","player_choice":"Card Removal","floor":4.0,"gold_loss":0.0,"damage_taken":7.0}],"is_beta":false,"boss_relics":[],"items_purged_floors":[0,0,0],"is_endless":false,"potions_floor_spawned":[7],"killed_by":"Nightmare","ascension_level":1}}