{"host":"t179ovrkr5k1gnfh","time":1608743503,"event":{"mods":["AchievementEnabler","BaseMod","Colored Map","Downfall","Marisa????????","Minty Spire (QoL Compilation)","StSLib"],"gold_per_floor":[99,110,110,110,15,15,39,49,78,3,16,16,35,35,52,154,154,29,29,45,45,55,5,5,5,22,42,42,70,20,50,68,163,163,38,54,74,7,7,7,7,34,45,45,57,57,69,101,119,119,119,153,53,3,3],"floor_reached":56,"playtime":3108,"items_purged":["Slimebound:Icky","Shame"],"score":1539,"play_id":"3107bf0c-a744-45ef-ad69-ffcb13896a05","local_time":"20201223181143","is_ascension_mode":true,"campfire_choices":[{"floor":1,"key":"RECALL"},{"data":"Slimebound:CorrosiveSpit","floor":6,"key":"SMITH"},{"data":"Slimebound:LeadByExample","floor":10,"key":"SMITH"},{"data":"Slimebound:Teamwork","floor":12,"key":"SMITH"},{"data":"Slimebound:GrowthPunch","floor":18,"key":"SMITH"},{"data":"Slimebound:LevelUp","floor":23,"key":"SMITH"},{"data":"Slimebound:OneTwoCombo","floor":30,"key":"SMITH"},{"floor":35,"key":"REST"},{"data":"Slimebound:Defend_Slimebound","floor":40,"key":"PURGE"},{"data":"Slimebound:Defend_Slimebound","floor":54,"key":"PURGE"}],"circlet_count":0,"master_deck":["Slimebound:Strike_Slimebound","Slimebound:Strike_Slimebound","Slimebound:Tackle","Slimebound:Defend_Slimebound","Slimebound:Split","Slimebound:CorrosiveSpit+1","Slimebound:Darklings","Slimebound:SplitLeeching","Slimebound:SplitMire+1","Slimebound:LeadByExample+1","Slimebound:Teamwork+1","Slimebound:GrowthPunch+1","Slimebound:LevelUp+1","Slimebound:OneTwoCombo+1","Slimebound:RejuvenatingLick+1","Slimebound:Nibble","Slimebound:OozeBath","Slimebound:Repurpose+1","Slimebound:Replication+1","Slimebound:SlimeBrawl+1","Slimebound:Darklings","Slimebound:LeechEnergy+1"],"relics":["Slimebound:AbsorbEndCombat","Pocketwatch","Bronze Scales","downfall:HeartBlessingBlue","Slimebound:GreedOozeRelic","Cursed Key","downfall:HeartBlessingGreen","PreservedInsect","StoneCalendar","Shuriken","Fusion Hammer","downfall:HeartBlessingRed","Peace Pipe","Letter Opener","Boot","Bottled Flame","Toy Ornithopter"],"acts_visited":["Exordium","TheCity","TheBeyond","TheEnding"],"potions_floor_usage":[16,20,26,33,49,49,55],"damage_taken":[{"damage":20,"enemies":"Jaw Worm","floor":2,"turns":4},{"damage":17,"enemies":"downfall:FleeingMerchant","floor":5,"turns":4},{"damage":23,"enemies":"2 Louse","floor":8,"turns":2},{"damage":36,"enemies":"Lagavulin","floor":9,"turns":4},{"damage":17,"enemies":"Cultist","floor":11,"turns":3},{"damage":16,"enemies":"Large Slime","floor":13,"turns":4},{"damage":11,"enemies":"3 Louse","floor":15,"turns":3},{"damage":34,"enemies":"Hexaghost","floor":16,"turns":5},{"damage":12,"enemies":"3 Byrds","floor":20,"turns":2},{"damage":20,"enemies":"Spheric Guardian","floor":22,"turns":3},{"damage":14,"enemies":"Shelled Parasite and Fungi","floor":26,"turns":3},{"damage":16,"enemies":"Cultist and Chosen","floor":27,"turns":3},{"damage":30,"enemies":"Book of Stabbing","floor":29,"turns":3},{"damage":32,"enemies":"Slavers","floor":31,"turns":2},{"damage":12,"enemies":"Centurion and Healer","floor":32,"turns":3},{"damage":27,"enemies":"downfall:Watcher","floor":33,"turns":5},{"damage":8,"enemies":"3 Shapes","floor":36,"turns":2},{"damage":8,"enemies":"3 Darklings","floor":37,"turns":2},{"damage":20,"enemies":"downfall:FleeingMerchant","floor":38,"turns":4},{"damage":24,"enemies":"Giant Head","floor":42,"turns":3},{"damage":31,"enemies":"Transient","floor":43,"turns":5},{"damage":27,"enemies":"Sphere and 2 Shapes","floor":45,"turns":2},{"damage":24,"enemies":"Maw","floor":47,"turns":4},{"damage":12,"enemies":"Nemesis","floor":48,"turns":2},{"damage":16,"enemies":"Spire Growth","floor":49,"turns":2},{"damage":25,"enemies":"downfall:Ironclad","floor":50,"turns":4},{"damage":22,"enemies":"downfall:CharBossMerchant","floor":52,"turns":3},{"damage":33,"enemies":"downfall:NeowBoss","floor":55,"turns":15}],"seed_played":"-3526045023844234515","potions_obtained":[{"floor":9,"key":"FearPotion"},{"floor":15,"key":"sneckomod:MuddlingPotion"},{"floor":16,"key":"champ:CounterPotion"},{"floor":20,"key":"AttackPotion"},{"floor":26,"key":"GamblersBrew"},{"floor":29,"key":"Dexterity Potion"},{"floor":42,"key":"Block Potion"},{"floor":45,"key":"DistilledChaos"},{"floor":47,"key":"AttackPotion"},{"floor":49,"key":"GamblersBrew"}],"is_trial":false,"path_per_floor":["R","M","?","?","$","R","T","M","E","R","M","R","M","?","M","B",null,"R","?","M","?","M","R","T","?","M","M","?","E","R","E","M","B",null,"R","M","M","$","?","R","T","E","M","?","M","?","M","E","M","B",null,"E","$","R","B",null],"character_chosen":"SLIMEBOUND","items_purchased":["Slimebound:SplitMire","Slimebound:LeadByExample","Peace Pipe"],"campfire_rested":1,"item_purchase_floors":[5,5,38],"current_hp_per_floor":[54,50,47,47,54,54,54,50,39,49,52,52,58,58,59,46,60,60,60,62,62,60,60,60,49,51,53,53,43,43,33,41,52,65,69,69,69,69,69,69,69,65,69,69,62,62,68,69,65,69,69,63,63,63,65],"gold":3,"neow_bonus":"THREE_RARE_CARDS","is_daily":false,"chose_seed":false,"campfire_upgraded":6,"win_rate":0.0,"timestamp":1608743503,"path_taken":["R","M","?","?","?","R","T","?","E","R","M","R","M","?","M","BOSS","R","?","?","?","M","R","T","?","?","M","?","E","R","E","M","BOSS","R","M","M","$","?","R","T","E","M","?","M","?","M","E","M","BOSS","E","$","R","BOSS"],"items_purchased_type":["Card","Card","Relic"],"build_version":"2020-12-22","purchased_purges":2,"victory":true,"max_hp_per_floor":[54,54,54,54,54,54,54,54,54,64,64,64,64,64,64,64,64,64,64,64,64,64,64,64,69,69,69,69,69,69,69,69,69,69,69,69,69,69,69,69,69,69,69,69,69,69,69,69,69,69,69,69,69,69,69],"card_choices":[{"not_picked":["Slimebound:RallyTheTroops","Slimebound:DouseInSlime"],"picked":"Slimebound:Darklings","floor":0},{"not_picked":["Slimebound:FinishingTackle","Slimebound:ViciousTackle"],"picked":"Slimebound:SplitLeeching","floor":2},{"not_picked":["Slimebound:PressTheAttack","Slimebound:ViciousTackle","Slimebound:ComboTackle"],"picked":"SKIP","floor":5},{"not_picked":["Slimebound:SpikyOuterGoop","Slimebound:Grow","Slimebound:SplitAcid"],"picked":"SKIP","floor":8},{"not_picked":["Slimebound:SamplingLick","Slimebound:Schlurp","Slimebound:Gluttony"],"picked":"SKIP","floor":9},{"not_picked":["Slimebound:FinishingTackle","Slimebound:Recollect"],"picked":"Slimebound:Teamwork","floor":11},{"not_picked":["Slimebound:ComboTackle","Slimebound:PressTheAttack"],"picked":"Slimebound:GrowthPunch","floor":13},{"not_picked":["Slimebound:GoopSpray","Slimebound:RollThrough","Slimebound:HungryTackle"],"picked":"SKIP","floor":15},{"not_picked":["Slimebound:PressTheAttack","Slimebound:LeechingTouch+1"],"picked":"Slimebound:LevelUp","floor":20},{"not_picked":["Slimebound:SamplingLick","Slimebound:FinishingTackle","Slimebound:Equalize"],"picked":"SKIP","floor":22},{"not_picked":["Slimebound:GrowthPunch","Slimebound:SplitAcid"],"picked":"Slimebound:OneTwoCombo","floor":26},{"not_picked":["Slimebound:Nibble","Slimebound:ViciousTackle"],"picked":"Slimebound:RejuvenatingLick+1","floor":27},{"not_picked":["Slimebound:LeechEnergy","Slimebound:ProtectTheBoss","Slimebound:Chomp"],"picked":"SKIP","floor":29},{"not_picked":["Slimebound:SlimeSpikes+1","Slimebound:GrowthPunch"],"picked":"Slimebound:Nibble","floor":31},{"not_picked":["Slimebound:SplitMire","Slimebound:LeechingTouch","Slimebound:LeadByExample"],"picked":"SKIP","floor":32},{"not_picked":["Slimebound:Darklings","Slimebound:SlimeSlap"],"picked":"Slimebound:OozeBath","floor":33},{"not_picked":["Slimebound:Schlurp","Slimebound:DisruptingSlam+1"],"picked":"Slimebound:Repurpose+1","floor":36},{"not_picked":["Slimebound:Prepare+1","Slimebound:SamplingLick+1"],"picked":"Slimebound:Replication+1","floor":37},{"not_picked":["Slimebound:Recycling","Slimebound:SlimeSpikes+1"],"picked":"Slimebound:SlimeBrawl+1","floor":38},{"not_picked":["Slimebound:LeechEnergy","Slimebound:HungryTackle+1","Slimebound:LeadByExample"],"picked":"SKIP","floor":42},{"not_picked":["Slimebound:ForwardTackle+1","Slimebound:AcidTongue+1","Slimebound:FinishingTackle+1"],"picked":"SKIP","floor":43},{"not_picked":["Slimebound:Schlurp+1","Slimebound:RollThrough+1","Slimebound:HauntingLick"],"picked":"SKIP","floor":45},{"not_picked":["Slimebound:GrowthPunch","Slimebound:SlimeBrawl","Slimebound:ViciousTackle"],"picked":"SKIP","floor":47},{"not_picked":["Slimebound:SplitMire","Slimebound:PressTheAttack"],"picked":"Slimebound:LeechEnergy+1","floor":48},{"not_picked":["Slimebound:FinishingTackle+1","Slimebound:LivingWall","Slimebound:SplitAcid"],"picked":"SKIP","floor":49},{"not_picked":["Slimebound:ViciousTackle","Slimebound:GoopSpray+1","Slimebound:OozeBath"],"picked":"SKIP","floor":52}],"player_experience":173121,"relics_obtained":[{"floor":9,"key":"Bronze Scales"},{"floor":24,"key":"PreservedInsect"},{"floor":29,"key":"StoneCalendar"},{"floor":31,"key":"Shuriken"},{"floor":41,"key":"Letter Opener"},{"floor":42,"key":"Boot"},{"floor":48,"key":"Bottled Flame"},{"floor":52,"key":"Toy Ornithopter"}],"event_choices":[{"damage_healed":0,"gold_gain":0,"player_choice":"Success","damage_taken":3,"relics_obtained":["Pocketwatch"],"max_hp_gain":0,"max_hp_loss":0,"event_name":"Scrap Ooze","floor":3,"gold_loss":0},{"damage_healed":0,"gold_gain":0,"player_choice":"Ignored","damage_taken":0,"max_hp_gain":0,"max_hp_loss":0,"event_name":"Liars Game","floor":4,"gold_loss":0},{"damage_healed":0,"gold_gain":0,"player_choice":"Forge","damage_taken":0,"max_hp_gain":0,"max_hp_loss":0,"event_name":"Accursed Blacksmith","floor":19,"gold_loss":0,"cards_upgraded":["Slimebound:SplitMire"]},{"damage_healed":0,"gold_gain":0,"player_choice":"Ignored","damage_taken":0,"max_hp_gain":0,"max_hp_loss":0,"event_name":"Ghosts","floor":21,"gold_loss":0},{"cards_removed":["Slimebound:Strike_Slimebound"],"damage_healed":0,"gold_gain":0,"player_choice":"Removed Attack","damage_taken":0,"max_hp_gain":0,"max_hp_loss":0,"event_name":"Falling","floor":46,"gold_loss":0}],"is_beta":false,"boss_relics":[{"not_picked":["Runic Pyramid","Snecko Eye"],"picked":"Cursed Key"},{"not_picked":["Runic Dome","SacredBark"],"picked":"Fusion Hammer"}],"items_purged_floors":[38,53],"is_endless":false,"potions_floor_spawned":[9,15,16,20,26,29,42,45,47,49],"ascension_level":6}}