{"host":"t75twhtg6c476ygg","time":1608734556,"event":{"mods":["AchievementEnabler","BaseMod","Colored Powertips","Minty Spire (QoL Compilation)","Quick Restart","Relic Stats","StSLib","SuperFastMode"],"gold_per_floor":[114,114,114,129,144,174,189,139,139,154,74,89,104,134,134,234,234,249,120,120,135,165,195,210,225,275,290,290,320,335,350,350,450,450,465,465,480,495,510,525,540,540,540,540,555,58,73,103,103,103],"floor_reached":51,"playtime":3062,"items_purged":["Zap"],"score":784,"play_id":"ef2a075d-c798-4a77-8f2b-cf0ce04a3dd3","local_time":"20201223144236","daily_mods":["Allstar","Diverse","DeadlyEvents"],"is_ascension_mode":false,"campfire_choices":[{"data":"Enlightenment","floor":15.0,"key":"SMITH"},{"data":"1","floor":28.0,"key":"LIFT"},{"floor":32.0,"key":"REST"},{"data":"2","floor":42.0,"key":"LIFT"},{"floor":49,"key":"REST"}],"circlet_count":0,"master_deck":["Strike_B","Strike_B","Defend_B","Defend_B","Defend_B","Dualcast","Chrysalis","Enlightenment+1","Good Instincts","The Bomb","Thinking Ahead","Shrug It Off","Shrug It Off","Wireheading","Study","Crescendo","Scrape","Double Tap","Reprogram+1","Reprogram+1","ClearTheMind","J.A.X.","Limit Break+1","Headbutt+1","Conserve Battery+1","Cleave+1","EmptyFist+1","Armaments+1","Seeing Red","Immolate","PiercingWail+1","Fusion","Parasite","Blade Dance+1","Impervious","Backstab","Blade Dance","Battle Trance+1"],"relics":["Cracked Core","Unceasing Top","WarpedTongs","Ginger","Letter Opener","Strawberry","Black Star","Mummified Hand","Ancient Tea Set","Centennial Puzzle","Torii","TungstenRod","Girya","Art of War","Vajra","Regal Pillow","Sundial","Empty Cage","Shuriken","Orichalcum","Toy Ornithopter","CeramicFish","Blood Vial"],"acts_visited":["Exordium","TheCity","TheBeyond"],"potions_floor_usage":[48,48,48,50,50,50,50],"damage_taken":[{"damage":1.0,"enemies":"Jaw Worm","floor":1.0,"turns":4.0},{"damage":7.0,"enemies":"2 Louse","floor":4.0,"turns":3.0},{"damage":5.0,"enemies":"Cultist","floor":5.0,"turns":4.0},{"damage":18.0,"enemies":"Lagavulin","floor":6.0,"turns":8.0},{"damage":18.0,"enemies":"2 Fungi Beasts","floor":7.0,"turns":4.0},{"damage":1.0,"enemies":"3 Louse","floor":10.0,"turns":2.0},{"damage":0.0,"enemies":"Looter","floor":12.0,"turns":3.0},{"damage":4.0,"enemies":"2 Fungi Beasts","floor":13.0,"turns":3.0},{"damage":8.0,"enemies":"3 Sentries","floor":14.0,"turns":4.0},{"damage":9.0,"enemies":"Slime Boss","floor":16.0,"turns":7.0},{"damage":23.0,"enemies":"2 Thieves","floor":18.0,"turns":4.0},{"damage":18.0,"enemies":"Shell Parasite","floor":21.0,"turns":5.0},{"damage":35.0,"enemies":"Book of Stabbing","floor":22.0,"turns":6.0},{"damage":53.0,"enemies":"Slavers","floor":23.0,"turns":7.0},{"damage":20.0,"enemies":"Snake Plant","floor":24.0,"turns":4.0},{"damage":16.0,"enemies":"Chosen and Byrds","floor":25.0,"turns":7.0},{"damage":4.0,"enemies":"Centurion and Healer","floor":27.0,"turns":7.0},{"damage":19.0,"enemies":"Gremlin Leader","floor":29.0,"turns":4.0},{"damage":11.0,"enemies":"Snake Plant","floor":30.0,"turns":3.0},{"damage":9.0,"enemies":"Sentry and Sphere","floor":31.0,"turns":4.0},{"damage":21.0,"enemies":"Automaton","floor":33.0,"turns":5.0},{"damage":7.0,"enemies":"3 Darklings","floor":35.0,"turns":3.0},{"damage":2.0,"enemies":"Orb Walker","floor":37.0,"turns":3.0},{"damage":19.0,"enemies":"Transient","floor":38.0,"turns":5.0},{"damage":20.0,"enemies":"Maw","floor":39.0,"turns":7.0},{"damage":10.0,"enemies":"Writhing Mass","floor":40.0,"turns":7.0},{"damage":2.0,"enemies":"Sphere and 2 Shapes","floor":41.0,"turns":4.0},{"damage":22.0,"enemies":"Jaw Worm Horde","floor":45.0,"turns":3.0},{"damage":11.0,"enemies":"Spire Growth","floor":47.0,"turns":4.0},{"damage":23,"enemies":"Reptomancer","floor":48,"turns":5},{"damage":33,"enemies":"Donu and Deca","floor":50,"turns":7}],"seed_played":"-7682526130134428503","potions_obtained":[{"floor":6.0,"key":"AttackPotion"},{"floor":7.0,"key":"Fire Potion"},{"floor":12.0,"key":"DuplicationPotion"},{"floor":16.0,"key":"FairyPotion"},{"floor":21.0,"key":"Block Potion"},{"floor":27.0,"key":"FocusPotion"},{"floor":37.0,"key":"LiquidBronze"},{"floor":40.0,"key":"SteroidPotion"},{"floor":48,"key":"Ancient Potion"}],"is_trial":false,"path_per_floor":["M","?","?","M","M","E","M","?","T","M","$","M","M","E","R","B",null,"M","$","?","M","E","E","M","M","T","M","R","E","M","M","R","B",null,"M","?","M","M","M","M","M","R","T","?","M","$","M","E","R","B",null],"character_chosen":"DEFECT","items_purchased":["Study","ClearTheMind","Orichalcum","CultistPotion","Backstab","Blade Dance","Toy Ornithopter"],"campfire_rested":2,"item_purchase_floors":[11,19,46,46,46,46,46],"current_hp_per_floor":[74,74,74,67,62,44,26,26,26,25,25,25,21,20,20,11,82,59,59,59,41,6,80,60,44,44,40,40,21,10,1,40,19,82,75,75,73,54,34,24,22,22,22,22,24,24,13,5,44,33],"gold":103,"neow_bonus":"","is_daily":true,"chose_seed":false,"campfire_upgraded":1,"win_rate":0.0,"timestamp":1608734556,"path_taken":["M","?","?","M","?","E","M","?","T","M","$","M","?","?","R","BOSS","M","$","?","?","?","E","M","?","T","M","R","?","M","M","R","BOSS","M","?","?","M","M","M","M","R","T","?","M","$","M","E","R","BOSS"],"items_purchased_type":["Card","Card","Relic","Potion","Card","Card","Relic"],"build_version":"2020-12-22","purchased_purges":1,"victory":true,"max_hp_per_floor":[75,75,75,75,75,75,75,75,75,75,75,75,75,82,82,82,82,82,82,82,82,82,82,82,82,82,82,82,82,82,82,82,82,82,82,82,82,82,82,82,82,82,82,82,82,82,82,82,82,82],"relic_stats":{"Regal Pillow":30,"Torii":18,"counters":[31,146],"CeramicFish":0,"Ginger":[17],"Letter Opener":[736],"Orichalcum":[24],"WarpedTongs":[142],"Blood Vial":2,"Centennial Puzzle":[54],"Mummified Hand":[28],"Sundial":[4],"Shuriken":[9],"Black Star":4,"Art of War":[17],"obtain_stats":[{"Girya":23,"Regal Pillow":29,"Torii":23,"CeramicFish":48,"Vajra":26,"Ginger":6,"Letter Opener":9,"Orichalcum":46,"Ancient Tea Set":22,"Empty Cage":34,"WarpedTongs":3,"Blood Vial":48,"Centennial Puzzle":22,"Mummified Hand":17,"Sundial":29,"Shuriken":43,"Strawberry":14,"Black Star":17,"Art of War":23,"Cracked Core":0,"Unceasing Top":2,"TungstenRod":23,"Toy Ornithopter":46},{"Girya":14,"Regal Pillow":18,"Torii":14,"CeramicFish":30,"Vajra":16,"Ginger":4,"Letter Opener":5,"Orichalcum":28,"Ancient Tea Set":13,"Empty Cage":21,"WarpedTongs":1,"Blood Vial":30,"Centennial Puzzle":13,"Mummified Hand":10,"Sundial":18,"Shuriken":27,"Strawberry":9,"Black Star":10,"Art of War":14,"Cracked Core":0,"Unceasing Top":1,"TungstenRod":14,"Toy Ornithopter":28},{"Girya":64,"Regal Pillow":86,"Torii":63,"CeramicFish":139,"Vajra":75,"Ginger":19,"Letter Opener":23,"Orichalcum":130,"Ancient Tea Set":57,"Empty Cage":98,"WarpedTongs":4,"Blood Vial":139,"Centennial Puzzle":57,"Mummified Hand":42,"Sundial":86,"Shuriken":127,"Strawberry":35,"Black Star":42,"Art of War":64,"Cracked Core":0,"Unceasing Top":4,"TungstenRod":63,"Toy Ornithopter":130}],"Unceasing Top":[25],"TungstenRod":52,"Toy Ornithopter":35},"card_choices":[{"not_picked":["BootSequence","Skewer"],"picked":"Shrug It Off","floor":1.0},{"not_picked":["Prostrate","Coolheaded","EmptyFist"],"picked":"SKIP","floor":4.0},{"not_picked":["Grand Finale","Leap"],"picked":"Shrug It Off","floor":5.0},{"not_picked":["Distraction","Sanctity"],"picked":"Wireheading","floor":6.0},{"not_picked":["True Grit","Iron Wave","Streamline"],"picked":"SKIP","floor":7.0},{"not_picked":["Heatsinks","Redo","Skim"],"picked":"SKIP","floor":10.0},{"not_picked":["Evaluate","Tempest","FlyingSleeves"],"picked":"SKIP","floor":12.0},{"not_picked":["True Grit","Cloak And Dagger"],"picked":"Crescendo","floor":13.0},{"not_picked":["InnerPeace","Cloak And Dagger"],"picked":"Scrape","floor":14.0},{"not_picked":["DeusExMachina","Fiend Fire"],"picked":"Double Tap","floor":16.0},{"not_picked":["Capacitor","Barrage","Anger+1"],"picked":"SKIP","floor":18.0},{"not_picked":["Swivel","Anger+1","Clothesline"],"picked":"SKIP","floor":21.0},{"not_picked":["Dual Wield","BowlingBash+1"],"picked":"Conserve Battery+1","floor":22.0},{"not_picked":["Ball Lightning+1","MasterReality"],"picked":"Cleave+1","floor":23.0},{"not_picked":["Perfected Strike","Clash+1","Flying Knee+1"],"picked":"SKIP","floor":24.0},{"not_picked":["Flying Knee","JustLucky"],"picked":"EmptyFist+1","floor":25.0},{"not_picked":["Bane","FlyingSleeves"],"picked":"Armaments+1","floor":27.0},{"not_picked":["Sunder","Deadly Poison","BowlingBash"],"picked":"SKIP","floor":29.0},{"not_picked":["Expertise+1","Body Slam","Quick Slash+1"],"picked":"SKIP","floor":30.0},{"not_picked":["WaveOfTheHand","Finisher"],"picked":"Seeing Red","floor":31.0},{"not_picked":["Reboot","Devotion"],"picked":"Immolate","floor":33.0},{"not_picked":["Ball Lightning","Study"],"picked":"PiercingWail+1","floor":35.0},{"not_picked":["Cloak And Dagger","LikeWater","Barrage+1"],"picked":"SKIP","floor":37.0},{"not_picked":["Disarm+1","Masterful Stab"],"picked":"Fusion","floor":38.0},{"not_picked":["Havoc+1","MentalFortress","FTL"],"picked":"SKIP","floor":39.0},{"not_picked":["Armaments","Prepared"],"picked":"Blade Dance+1","floor":40.0},{"not_picked":["Coolheaded+1","Steam+1","Cleave"],"picked":"SKIP","floor":41.0},{"not_picked":["Combust+1","Indignation"],"picked":"Impervious","floor":45.0},{"not_picked":["Shockwave+1","Cloak And Dagger+1"],"picked":"Battle Trance+1","floor":47.0},{"not_picked":["Die Die Die","FTL","Fasting2"],"picked":"SKIP","floor":48}],"player_experience":187994,"relics_obtained":[{"floor":6.0,"key":"Ginger"},{"floor":9.0,"key":"Letter Opener"},{"floor":14.0,"key":"Strawberry"},{"floor":22.0,"key":"Ancient Tea Set"},{"floor":22.0,"key":"Centennial Puzzle"},{"floor":23.0,"key":"Girya"},{"floor":23.0,"key":"Art of War"},{"floor":26.0,"key":"Vajra"},{"floor":29.0,"key":"Regal Pillow"},{"floor":29.0,"key":"Sundial"},{"floor":43.0,"key":"Shuriken"},{"floor":48,"key":"CeramicFish"},{"floor":48,"key":"Blood Vial"}],"event_choices":[{"damage_healed":0.0,"max_hp_gain":0.0,"max_hp_loss":0.0,"gold_gain":0.0,"event_name":"Big Fish","player_choice":"Box","floor":2.0,"gold_loss":0.0,"damage_taken":0.0,"relics_obtained":["Unceasing Top"],"cards_obtained":["Regret"]},{"damage_healed":0.0,"max_hp_gain":0.0,"max_hp_loss":0.0,"gold_gain":0.0,"event_name":"Accursed Blacksmith","player_choice":"Rummage","floor":3.0,"gold_loss":0.0,"damage_taken":0.0,"relics_obtained":["WarpedTongs"],"cards_obtained":["Pain"]},{"cards_removed":["Defend_B"],"damage_healed":0.0,"max_hp_gain":0.0,"max_hp_loss":0.0,"gold_gain":0.0,"event_name":"The Cleric","player_choice":"Card Removal","floor":8.0,"gold_loss":50.0,"damage_taken":0.0},{"damage_healed":0.0,"max_hp_gain":0.0,"max_hp_loss":0.0,"gold_gain":0.0,"event_name":"Drug Dealer","player_choice":"Obtain J.A.X.","floor":20.0,"gold_loss":0.0,"damage_taken":0.0,"cards_obtained":["J.A.X."]},{"damage_healed":0.0,"max_hp_gain":0.0,"max_hp_loss":0.0,"gold_gain":0.0,"event_name":"Match and Keep!","player_choice":"0 cards matched","floor":36.0,"gold_loss":0.0,"damage_taken":0.0,"cards_obtained":[]},{"damage_healed":0.0,"max_hp_gain":0.0,"max_hp_loss":0.0,"gold_gain":0.0,"event_name":"Tomb of Lord Red Mask","player_choice":"Ignored","floor":44.0,"gold_loss":0.0,"damage_taken":0.0}],"is_beta":false,"boss_relics":[{"not_picked":["Cursed Key","Inserter"],"picked":"Black Star"},{"not_picked":["Snecko Eye","Fusion Hammer"],"picked":"Empty Cage"}],"items_purged_floors":[19],"is_endless":false,"potions_floor_spawned":[6,7,12,16,21,24,27,30,37,40,41,48],"ascension_level":0}}