{"host":"i0avyit1s6jb1siw","time":1608751839,"event":{"mods":["BaseMod","DeckTracker","Dota2Spire","Highlight Path","Minty Spire (QoL Compilation)","Quick Restart","Replay The Spire","StSLib","SuperFastMode"],"gold_per_floor":[111,122,46,46,46,71,71,114,141,141,159,159,14,43,43,43,43],"floor_reached":16,"playtime":242,"items_purged":["Strike_B"],"score":203,"play_id":"bcbc6def-eb3c-4ed5-9dde-1cad57b027e3","local_time":"20201223203039","is_ascension_mode":true,"campfire_choices":[{"floor":10,"key":"REST"},{"data":"ReplayTheSpireMod:Fabricate Wheel","floor":12,"key":"SMITH"},{"data":"ReplayTheSpireMod:Splinters","floor":15,"key":"PURGE"}],"circlet_count":0,"master_deck":["AscendersBane","Strike_B","Strike_B","Defend_B","Defend_B","Defend_B","Defend_B","Zap","Dualcast","Melter","White Noise","Creative AI","Self Repair","Ball Lightning","Defragment","Conserve Battery","Electrodynamics"],"relics":["Cracked Core","NeowsBlessing","DataDisk","Golden Idol","Darkstone Periapt","Dream Catcher","Prayer Wheel"],"acts_visited":["Exordium"],"potions_floor_usage":[16,16],"damage_taken":[{"damage":0,"enemies":"Small Slimes","floor":1,"turns":1},{"damage":0,"enemies":"Jaw Worm","floor":2,"turns":1},{"damage":0,"enemies":"Lagavulin","floor":6,"turns":1},{"damage":60,"enemies":"3 Sentries","floor":8,"turns":11},{"damage":3,"enemies":"2 Louse","floor":11,"turns":2},{"damage":69,"enemies":"Fading Forest","floor":16,"turns":7}],"seed_played":"6046673275672234615","potions_obtained":[{"floor":1,"key":"Strength Potion"},{"floor":14,"key":"PotionOfCapacity"}],"is_trial":false,"path_per_floor":["M","M","$","?","?","E","?","E","T","R","M","R","$","?","R","B"],"character_chosen":"DEFECT","items_purchased":["Creative AI","Defragment"],"campfire_rested":1,"item_purchase_floors":[3,13],"current_hp_per_floor":[68,68,68,68,61,61,61,8,8,28,32,32,32,38,38,0,0],"gold":43,"neow_bonus":"THREE_ENEMY_KILL","is_daily":false,"chose_seed":false,"campfire_upgraded":1,"win_rate":0.0,"timestamp":1608751839,"path_taken":["M","M","$","?","?","E","?","E","T","R","M","R","$","?","R","BOSS"],"items_purchased_type":["Card","Card"],"build_version":"2020-12-22","purchased_purges":1,"victory":false,"max_hp_per_floor":[75,75,75,75,75,75,69,69,69,69,69,69,69,75,75,75,75],"card_choices":[{"not_picked":["Skim","Panic Button"],"picked":"Melter","floor":1},{"not_picked":["Leap","ReplaySort"],"picked":"White Noise","floor":2},{"not_picked":["Conserve Battery","Rip and Tear"],"picked":"Self Repair","floor":6},{"not_picked":["Streamline","Coolheaded"],"picked":"ReplayTheSpireMod:Fabricate Wheel","floor":8},{"not_picked":["Beam Cell","Stack"],"picked":"Ball Lightning","floor":10},{"not_picked":["Gash","Blizzard","Turbo"],"picked":"SKIP","floor":11},{"not_picked":["ReplayTheSpireMod:Repulse","BasicCrystalCard"],"picked":"Conserve Battery","floor":14}],"player_experience":2111464,"relics_obtained":[{"floor":6,"key":"DataDisk"},{"floor":8,"key":"Darkstone Periapt"},{"floor":9,"key":"Dream Catcher"}],"event_choices":[{"damage_healed":0,"gold_gain":0,"player_choice":"Ignored","damage_taken":0,"max_hp_gain":0,"max_hp_loss":0,"event_name":"Liars Game","floor":4,"gold_loss":0},{"cards_removed":["Strike_B"],"damage_healed":0,"gold_gain":0,"player_choice":"Card Removal","damage_taken":7,"max_hp_gain":0,"max_hp_loss":0,"event_name":"Golden Wing","floor":5,"gold_loss":0},{"damage_healed":0,"gold_gain":0,"player_choice":"Lose Max HP","damage_taken":0,"relics_obtained":["Golden Idol"],"max_hp_gain":0,"max_hp_loss":6,"event_name":"Golden Idol","floor":7,"gold_loss":0}],"is_beta":false,"boss_relics":[],"items_purged_floors":[13],"is_endless":false,"potions_floor_spawned":[1],"killed_by":"Fading Forest","ascension_level":11}}