{"host":"iy58fyt9wsbv4cf1","time":1608684106,"event":{"mods":["BaseMod","Better Altar","Better Match","Better Skull","Better Third Choice","BetterRewards","Conspire","Custom Start","Defuse TimeMaze Blight","Hubris","Infinite Spire","Minty Spire (QoL Compilation)","Permanent Neow","Quick Restart","Spicy Shops","StSLib"],"gold_per_floor":[117,117,117,127,141,173,173,209,209,249,249,288,311,330,330,453,453,471,487,506,506,521,521,556,572,572,612,636,676,701,701,701,827,827,852,952,973,1306,1306,1306,1322,1350,1350,1380,1380,1380,1380,1398,1398,1398,1398,1398,1348,1381,1381,1381],"floor_reached":55,"playtime":1638,"items_purged":["Strike_R","Strike_R","Strike_R"],"score":1192,"play_id":"7e6c0261-56a2-4d85-956a-96537ba3d372","local_time":"20201222194146","is_ascension_mode":false,"campfire_choices":[{"data":"Heavy Blade","floor":11,"key":"SMITH"},{"data":"Limit Break","floor":15,"key":"SMITH"},{"floor":23,"key":"REST"},{"data":"Flex","floor":32,"key":"SMITH"},{"data":"infinitespire:Collect","floor":40,"key":"SMITH"},{"floor":46,"key":"RECALL"},{"data":"hubris:StunningStrike","floor":49,"key":"SMITH"},{"data":"Strike_R","floor":52,"key":"SMITH"}],"circlet_count":0,"master_deck":["Strike_R+1","Defend_R","Defend_R","Defend_R","Defend_R","Bash","Heavy Blade+1","Flex+1","Inflame","Inflame","infinitespire:Collect+1","Thunderclap","Shrug It Off","Limit Break+1","hubris:StunningStrike+1","Impervious","Battle Trance","Anger"],"relics":["Burning Blood","Vajra","Membership Card","Lantern","Lee\u0027s Waffle","conspire:BottledYoYo","hubris:BottledRain","hubris:TenFootPole","Matryoshka","Happy Flower","Oddly Smooth Stone","Blue Candle","Art of War","Strawberry","Regal Pillow","conspire:GiftBox","Bag of Preparation","MutagenicStrength","hubris:Backtick","hubris:IronBody","Question Card","Kunai","conspire:TopHat","Anchor","hubris:Zylophone"],"acts_visited":["Exordium","TheCity","TheBeyond","TheEnding"],"potions_floor_usage":[10,50,54,55],"damage_taken":[{"damage":0,"enemies":"Small Slimes","floor":1,"turns":3},{"damage":0,"enemies":"2 Louse","floor":4,"turns":1},{"damage":1,"enemies":"Cultist","floor":5,"turns":3},{"damage":16,"enemies":"Lagavulin","floor":6,"turns":6},{"damage":9,"enemies":"3 Sentries","floor":8,"turns":6},{"damage":0,"enemies":"Lagavulin","floor":10,"turns":4},{"damage":9,"enemies":"3 Sentries","floor":12,"turns":4},{"damage":0,"enemies":"Exordium Wildlife","floor":13,"turns":2},{"damage":1,"enemies":"Blue Slaver","floor":14,"turns":3},{"damage":13,"enemies":"The Guardian","floor":16,"turns":6},{"damage":0,"enemies":"Spheric Guardian","floor":18,"turns":3},{"damage":25,"enemies":"2 Thieves","floor":19,"turns":4},{"damage":16,"enemies":"Shelled Parasite and Fungi","floor":20,"turns":4},{"damage":26,"enemies":"Centurion and Healer","floor":22,"turns":3},{"damage":9,"enemies":"conspire:SneckoGhost","floor":24,"turns":6},{"damage":9,"enemies":"3 Cultists","floor":25,"turns":4},{"damage":0,"enemies":"Book of Stabbing","floor":27,"turns":3},{"damage":0,"enemies":"Snecko","floor":28,"turns":4},{"damage":5,"enemies":"conspire:Head Lice","floor":29,"turns":6},{"damage":22,"enemies":"Shelled Parasite and Fungi","floor":30,"turns":4},{"damage":18,"enemies":"conspire:MysteriousRune","floor":33,"turns":5},{"damage":1,"enemies":"3 Shapes","floor":35,"turns":3},{"damage":4,"enemies":"3 Darklings","floor":37,"turns":5},{"damage":10,"enemies":"Maw","floor":41,"turns":5},{"damage":5,"enemies":"Giant Head","floor":42,"turns":6},{"damage":0,"enemies":"Nightmare","floor":44,"turns":5},{"damage":0,"enemies":"Transient","floor":48,"turns":5},{"damage":0,"enemies":"Donu and Deca","floor":50,"turns":3},{"damage":53,"enemies":"Shield and Spear","floor":54,"turns":5},{"damage":60,"enemies":"The Heart","floor":55,"turns":4}],"seed_played":"8231810075410514790","potions_obtained":[{"floor":1,"key":"FearPotion"},{"floor":8,"key":"BloodPotion"},{"floor":10,"key":"GamblersBrew"},{"floor":14,"key":"Block Potion"},{"floor":54,"key":"Fire Potion"}],"is_trial":false,"path_per_floor":["M","$","?","M","M","E","?","E","T","E","R","E","M","M","R","B",null,"M","M","M","AVR","M","R","E","M","T","E","M","E","M","?","R","B",null,"M","?","M","?","?","R","M","E","T","NM","?","R","T","M","R","B",null,"R","$","E","B"],"character_chosen":"IRONCLAD","items_purchased":["Heavy Blade","Flex","Vajra","Membership Card","Lantern","Lee\u0027s Waffle","Inflame","conspire:BottledYoYo","hubris:BottledRain","Inflame"],"campfire_rested":1,"item_purchase_floors":[0,0,0,0,0,0,0,0,0,0],"current_hp_per_floor":[87,87,67,73,78,68,68,65,65,71,71,68,74,79,79,72,81,81,62,52,52,32,56,53,50,57,63,69,70,54,54,54,42,88,88,88,88,88,88,88,84,85,85,88,88,88,88,88,88,88,88,88,88,41,0,0],"gold":1381,"neow_bonus":"","is_daily":false,"chose_seed":false,"campfire_upgraded":6,"win_rate":0.0,"timestamp":1608684106,"path_taken":["M","$","?","M","M","E","?","E","T","E","R","E","M","M","R","BOSS","M","M","M","AVR","M","R","E","M","T","E","M","E","M","?","R","BOSS","M","?","?","?","?","R","?","E","T","NM","?","R","?","M","R","BOSS","R","$","E","BOSS"],"items_purchased_type":["Card","Card","Relic","Relic","Relic","Relic","Card","Relic","Relic","Card"],"build_version":"2020-12-13","purchased_purges":3,"victory":false,"max_hp_per_floor":[87,87,87,87,87,87,81,81,81,81,81,81,81,81,81,81,81,81,81,81,81,81,81,81,81,88,88,88,88,88,88,88,88,88,88,88,88,88,88,88,88,88,88,88,88,88,88,88,88,88,88,88,88,88,88,88],"card_choices":[{"not_picked":["Clothesline","Entrench","Ghostly Armor"],"picked":"SKIP","floor":1},{"not_picked":["infinitespire:Gouge","hubris:Fate"],"picked":"infinitespire:Collect","floor":3},{"not_picked":["Heavy Blade","Blood for Blood","Clothesline"],"picked":"SKIP","floor":4},{"not_picked":["Heavy Blade","Iron Wave"],"picked":"Thunderclap","floor":5},{"not_picked":["Clash","Rupture","Shockwave"],"picked":"SKIP","floor":6},{"not_picked":["Entrench","Infernal Blade","Iron Wave"],"picked":"SKIP","floor":8},{"not_picked":["Cleave","Carnage"],"picked":"Shrug It Off","floor":10},{"not_picked":["Warcry","Fire Breathing","infinitespire:OneForAll"],"picked":"SKIP","floor":12},{"not_picked":["Pummel","Bloodletting","Clothesline"],"picked":"SKIP","floor":13},{"not_picked":["True Grit","Spot Weakness"],"picked":"Limit Break","floor":14},{"not_picked":["Double Tap","Exhume"],"picked":"hubris:StunningStrike","floor":16},{"not_picked":["hubris:CleavingFinish","Clash","Wild Strike"],"picked":"SKIP","floor":18},{"not_picked":["hubris:CleavingFinish","Clash","Wild Strike"],"picked":"SKIP","floor":18},{"not_picked":["Wild Strike","Warcry+1","Ghostly Armor"],"picked":"SKIP","floor":19},{"not_picked":["Dropkick","Intimidate","Anger"],"picked":"SKIP","floor":20},{"not_picked":["hubris:ReadiedAction","Pommel Strike","Clash"],"picked":"SKIP","floor":22},{"not_picked":["conspire:Charge","Whirlwind","Iron Wave"],"picked":"SKIP","floor":24},{"not_picked":["Heavy Blade+1","Feel No Pain","conspire:HitWhereItHurts"],"picked":"SKIP","floor":25},{"not_picked":["Exhume","Feed"],"picked":"Impervious","floor":27},{"not_picked":["Perfected Strike","Armaments","Flex"],"picked":"SKIP","floor":27},{"not_picked":["Clothesline+1","Sword Boomerang+1","Blood for Blood+1"],"picked":"SKIP","floor":28},{"not_picked":["Twin Strike","Anger+1","Wild Strike+1"],"picked":"SKIP","floor":29},{"not_picked":["Carnage+1","Shrug It Off+1"],"picked":"Battle Trance","floor":30},{"not_picked":["Thunderclap","Armaments+1","Dropkick"],"picked":"SKIP","floor":35},{"not_picked":["Combust+1","Clash+1","Feed"],"picked":"SKIP","floor":37},{"not_picked":["Heavy Blade+1","Perfected Strike+1","Burning Pact+1"],"picked":"SKIP","floor":41},{"not_picked":["Bloodletting+1","Wild Strike+1","Cleave+1"],"picked":"SKIP","floor":42},{"not_picked":["Flex","Power Through","Anger+1","Headbutt+1"],"picked":"SKIP","floor":44},{"not_picked":["Burning Pact","Sword Boomerang+1","Dual Wield","Flex+1"],"picked":"SKIP","floor":48},{"not_picked":["Anger+1","Inflame","Shockwave","Iron Wave"],"picked":"SKIP","floor":54}],"player_experience":32675,"relics_obtained":[{"floor":6,"key":"hubris:TenFootPole"},{"floor":8,"key":"Matryoshka"},{"floor":9,"key":"Happy Flower"},{"floor":10,"key":"Oddly Smooth Stone"},{"floor":12,"key":"Blue Candle"},{"floor":24,"key":"Art of War"},{"floor":26,"key":"Strawberry"},{"floor":26,"key":"Regal Pillow"},{"floor":27,"key":"conspire:GiftBox"},{"floor":29,"key":"Bag of Preparation"},{"floor":42,"key":"Question Card"},{"floor":43,"key":"Kunai"},{"floor":44,"key":"conspire:TopHat"},{"floor":47,"key":"Anchor"},{"floor":54,"key":"hubris:Zylophone"}],"event_choices":[{"damage_healed":0,"gold_gain":0,"player_choice":"Lose Max HP","damage_taken":0,"relics_obtained":["Golden Idol"],"max_hp_gain":0,"max_hp_loss":6,"event_name":"Golden Idol","floor":7,"gold_loss":0},{"damage_healed":0,"gold_gain":0,"player_choice":"Inject Mutagens","damage_taken":0,"relics_obtained":["MutagenicStrength"],"max_hp_gain":0,"max_hp_loss":0,"event_name":"Drug Dealer","floor":31,"gold_loss":0},{"damage_healed":0,"gold_gain":100,"player_choice":"Pray","damage_taken":0,"max_hp_gain":0,"max_hp_loss":0,"event_name":"Golden Shrine","floor":36,"gold_loss":0},{"damage_healed":0,"gold_gain":333,"player_choice":"Gave Idol","damage_taken":0,"max_hp_gain":0,"max_hp_loss":0,"event_name":"The Moai Head","floor":38,"relics_lost":["Golden Idol"],"gold_loss":0},{"damage_healed":0,"gold_gain":0,"cards_transformed":["Strike_R"],"player_choice":"Transformed","damage_taken":0,"max_hp_gain":0,"max_hp_loss":0,"event_name":"Transmorgrifier","floor":39,"gold_loss":0,"cards_obtained":["Anger"]}],"is_beta":false,"boss_relics":[{"not_picked":["Calling Bell","Pandora\u0027s Box","Philosopher\u0027s Stone"]},{"not_picked":["hubris:Stopwatch","hubris:BlackHole"],"picked":"hubris:Backtick"}],"items_purged_floors":[0,21,53],"is_endless":false,"potions_floor_spawned":[1,8,10,14,16,22,25,30,33,37,54],"killed_by":"The Heart","ascension_level":0}}