{"host":"4edbuligkc8x13l4","time":1608730723,"event":{"mods":["BaseMod","Minty Spire (QoL Compilation)","StSLib","SuperFastMode"],"gold_per_floor":[116,135,135,135,34,68,68,95,95,126,142,154,178,178,178,250,300,317,317,242,157,82,82,115,115,142,158,158,158,187,212,212,298,325,339,339,350,58,358,358,358],"floor_reached":40,"playtime":1216,"items_purged":["Defend_R","Strike_R"],"score":853,"play_id":"e68904a7-6d1e-4b42-a01f-cf0f65205c8e","local_time":"20201223213843","is_ascension_mode":true,"campfire_choices":[{"data":"Armaments","floor":7.0,"key":"SMITH"},{"floor":15.0,"key":"REST"},{"data":"Fiend Fire","floor":23.0,"key":"SMITH"},{"floor":25.0,"key":"REST"},{"floor":32.0,"key":"REST"}],"circlet_count":0,"master_deck":["AscendersBane","Strike_R","Defend_R","Defend_R","Bash","Inflame","Battle Trance+1","Rage","True Grit","Armaments+1","Impervious","Body Slam+1","Seeing Red+1","Fiend Fire+1","Flame Barrier","Battle Trance","Flex+1","Berserk","Double Tap+1","Juggernaut+1","Evolve"],"relics":["Burning Blood","NeowsBlessing","Bottled Lightning","Oddly Smooth Stone","Red Skull","Nunchaku","War Paint","Anchor","Tiny House","Akabeko","MealTicket","Regal Pillow","Matryoshka","Ancient Tea Set","CeramicFish","Tiny Chest","Astrolabe","Strange Spoon"],"acts_visited":["Exordium","TheCity","TheBeyond"],"potions_floor_usage":[33],"damage_taken":[{"damage":0.0,"enemies":"Cultist","floor":1.0,"turns":1.0},{"damage":0.0,"enemies":"2 Louse","floor":2.0,"turns":1.0},{"damage":0.0,"enemies":"Lagavulin","floor":6.0,"turns":1.0},{"damage":24.0,"enemies":"Gremlin Nob","floor":8.0,"turns":4.0},{"damage":21.0,"enemies":"Lagavulin","floor":10.0,"turns":9.0},{"damage":1.0,"enemies":"Jaw Worm","floor":11.0,"turns":4.0},{"damage":7.0,"enemies":"Blue Slaver","floor":12.0,"turns":4.0},{"damage":56.0,"enemies":"Slime Boss","floor":16.0,"turns":14.0},{"damage":6.0,"enemies":"3 Byrds","floor":18.0,"turns":4.0},{"damage":48.0,"enemies":"Slavers","floor":24.0,"turns":6.0},{"damage":0.0,"enemies":"Chosen","floor":27.0,"turns":1.0},{"damage":28.0,"enemies":"Book of Stabbing","floor":30.0,"turns":6.0},{"damage":44,"enemies":"Champ","floor":33,"turns":14},{"damage":40,"enemies":"3 Shapes","floor":35,"turns":8},{"damage":0,"enemies":"Orb Walker","floor":37,"turns":1},{"damage":77,"enemies":"Nemesis","floor":40,"turns":6}],"seed_played":"-5281660148651851719","potions_obtained":[{"floor":4.0,"key":"Ancient Potion"},{"floor":4.0,"key":"DuplicationPotion"},{"floor":6.0,"key":"LiquidBronze"},{"floor":8.0,"key":"EssenceOfSteel"},{"floor":17.0,"key":"Energy Potion"},{"floor":27.0,"key":"Block Potion"},{"floor":30.0,"key":"HeartOfIron"},{"floor":37,"key":"Dexterity Potion"}],"is_trial":false,"path_per_floor":["M","M","?","?","$","E","R","E","T","E","M","M","T","?","R","B",null,"M","?","?","?","$","R","E","R","T","M","$","T","E","T","R","B",null,"M","?","M","$","?","E"],"character_chosen":"IRONCLAD","items_purchased":["Rage","True Grit","Strange Spoon","Evolve"],"campfire_rested":3,"item_purchase_floors":[5,5,38,38],"current_hp_per_floor":[74,75,75,75,75,75,75,57,57,42,47,46,46,35,57,7,63,63,79,79,79,79,79,37,61,61,67,80,80,58,58,80,42,71,37,37,43,58,58,0,0],"gold":358,"neow_bonus":"THREE_ENEMY_KILL","is_daily":false,"chose_seed":false,"campfire_upgraded":2,"win_rate":0.0,"timestamp":1608730723,"path_taken":["M","M","?","?","$","E","R","E","T","E","?","M","?","?","R","BOSS","M","?","?","?","$","R","E","R","T","?","?","?","E","?","R","BOSS","M","?","M","$","?","E"],"items_purchased_type":["Card","Card","Relic","Card"],"build_version":"2020-12-22","purchased_purges":2,"victory":false,"max_hp_per_floor":[75,75,75,75,75,75,75,75,75,75,75,75,75,75,75,75,80,80,80,80,80,80,80,80,80,80,80,80,80,80,80,80,80,80,80,80,80,80,80,80,80],"card_choices":[{"not_picked":["Headbutt","Cleave"],"picked":"Inflame","floor":1.0},{"not_picked":["Iron Wave","Shrug It Off"],"picked":"Battle Trance","floor":2.0},{"not_picked":["Combust","Headbutt"],"picked":"Armaments","floor":6.0},{"not_picked":["Warcry","Cleave"],"picked":"Impervious","floor":8.0},{"not_picked":["Fire Breathing","Armaments"],"picked":"Body Slam","floor":10.0},{"not_picked":["Clothesline","Dropkick","Twin Strike"],"picked":"SKIP","floor":11.0},{"not_picked":["Cleave","Thunderclap"],"picked":"Seeing Red","floor":12.0},{"not_picked":["Immolate","Offering"],"picked":"Fiend Fire","floor":16.0},{"not_picked":["Clash","Thunderclap"],"picked":"Flame Barrier","floor":17.0},{"not_picked":["Heavy Blade","Pummel","Clothesline"],"picked":"SKIP","floor":18.0},{"not_picked":["Whirlwind","Blood for Blood+1"],"picked":"Battle Trance","floor":24.0},{"not_picked":["Battle Trance","Brutality","Dark Embrace"],"picked":"SKIP","floor":27.0},{"not_picked":["Feed","Bloodletting"],"picked":"Flex+1","floor":30.0},{"not_picked":["Feed","Juggernaut"],"picked":"Berserk","floor":33},{"not_picked":["Iron Wave+1","Heavy Blade","Wild Strike"],"picked":"SKIP","floor":35},{"not_picked":["Carnage","Shrug It Off","Combust"],"picked":"SKIP","floor":37}],"player_experience":911318,"relics_obtained":[{"floor":6.0,"key":"Bottled Lightning"},{"floor":8.0,"key":"Oddly Smooth Stone"},{"floor":9.0,"key":"Red Skull"},{"floor":10.0,"key":"Nunchaku"},{"floor":13.0,"key":"War Paint"},{"floor":24.0,"key":"MealTicket"},{"floor":26.0,"key":"Regal Pillow"},{"floor":29.0,"key":"Matryoshka"},{"floor":30.0,"key":"Ancient Tea Set"},{"floor":31.0,"key":"CeramicFish"},{"floor":31.0,"key":"Tiny Chest"}],"event_choices":[{"damage_healed":0.0,"max_hp_gain":0.0,"max_hp_loss":0.0,"gold_gain":0.0,"event_name":"Shining Light","player_choice":"Ignored","floor":3.0,"gold_loss":0.0,"damage_taken":0.0},{"damage_healed":0.0,"max_hp_gain":0.0,"max_hp_loss":0.0,"gold_gain":0.0,"event_name":"Lab","player_choice":"Got Potions","floor":4.0,"gold_loss":0.0,"damage_taken":0.0},{"damage_healed":0.0,"max_hp_gain":0.0,"max_hp_loss":0.0,"gold_gain":0.0,"event_name":"Scrap Ooze","player_choice":"Success","floor":14.0,"gold_loss":0.0,"damage_taken":11.0,"relics_obtained":["Anchor"]},{"damage_healed":16.0,"max_hp_gain":0.0,"max_hp_loss":0.0,"gold_gain":0.0,"event_name":"The Library","player_choice":"Heal","floor":19.0,"gold_loss":0.0,"damage_taken":0.0},{"cards_removed":["Strike_R"],"damage_healed":0.0,"max_hp_gain":0.0,"max_hp_loss":0.0,"gold_gain":0.0,"event_name":"Beggar","player_choice":"Gave Gold","floor":20.0,"gold_loss":75.0,"damage_taken":0.0},{"damage_healed":0.0,"max_hp_gain":0.0,"max_hp_loss":0.0,"gold_gain":0.0,"event_name":"Addict","player_choice":"Obtained Relic","floor":21.0,"gold_loss":85.0,"damage_taken":0.0,"relics_obtained":["Akabeko"]},{"cards_removed":["Blood for Blood"],"damage_healed":0,"gold_gain":0,"player_choice":"Removed Attack","damage_taken":0,"max_hp_gain":0,"max_hp_loss":0,"event_name":"Falling","floor":36,"gold_loss":0},{"damage_healed":0,"gold_gain":300,"player_choice":"Gold","damage_taken":0,"max_hp_gain":0,"max_hp_loss":0,"event_name":"Wheel of Change","floor":39,"gold_loss":0}],"is_beta":false,"boss_relics":[{"not_picked":["Philosopher\u0027s Stone","Cursed Key"],"picked":"Tiny House"},{"not_picked":["Calling Bell","Runic Pyramid"],"picked":"Astrolabe"}],"items_purged_floors":[22,38],"is_endless":false,"potions_floor_spawned":[6,8,10,18,27,30,37],"killed_by":"Nemesis","ascension_level":17}}