{"host":"z9grmtg2w0nmz8n1","time":1608690931,"event":{"mods":["Aspiration","Bard","BaseMod","Beaked The Cultist","Better Altar","Better Match","Better Note","Better Sensory Stone","Better Skull","Better Third Choice","BetterRewards","CCEM","Colored Map","Conspire","Downfall","GifTheSpireLib","Googly Eyes","Halation","Hermit","Highlight Path","Hubris","Hunter ??","Jedi Mod","Jorbs\u0027s Wanderer Trilogy","Mad Scientist","Marisa????????","Minty Spire (QoL Compilation)","Permanent Neow","Replay The Spire","Shade Mod","Shop Mod","Spicy Shops","StSLib","Stuff the Spire","The Bug Knight","The Construct","The Necromancer","The Runesmith","The Witch"],"gold_per_floor":[199,216,230,241,255,282,358,133,133,167,182,182,182,211,224,321,321,321,332,348,348,366,385,385,400,419,419,419,419],"floor_reached":27,"playtime":3164,"items_purged":[],"score":239,"play_id":"823903c9-e91b-4cb0-8b79-deb2552c949a","local_time":"20201223003531","is_ascension_mode":false,"campfire_choices":[{"floor":1,"key":"RECALL"},{"floor":8,"key":"REST"},{"data":"Guardian:FloatingOrbs","floor":18,"key":"SMITH"}],"circlet_count":0,"master_deck":["Guardian:Strike_Guardian","Guardian:Strike_Guardian","Guardian:Strike_Guardian","Guardian:Defend_Guardian+1","Guardian:Defend_Guardian","Guardian:Defend_Guardian","Guardian:Defend_Guardian","Guardian:CurlUp","Guardian:TwinSlam","Guardian:FloatingOrbs+1","Guardian:Reroute","Guardian:TimeSifter","Guardian:SpikerProtocol","Injury","Guardian:BronzeArmor","Guardian:BaubleBeam","ReplayTheSpireMod:Compounding Headache","Delirium","stsjorbsmod:PollutedStrike","Guardian:Repulse+1","Guardian:Gem_Crimson","Guardian:Incinerate","Guardian:ExploitGems","Guardian:PiercingHide"],"relics":["Guardian:ModeShifter","Gremlin Food","downfall:HeartBlessingRed","downfall:HeartBlessingGreen","downfall:HeartBlessingBlue","Replay:Baseball","Frozen Egg 2","hubris:Towel","Replay:Bottled Steam","Replay:Ancient Bell","jedi:cryingmask","jedi:heavyjacket","jedi:gremlinknob","aspiration:Lifesprig"],"acts_visited":["Exordium","TheCity"],"potions_floor_usage":[6,6,23],"damage_taken":[{"damage":12,"enemies":"Cultist","floor":2,"turns":5},{"damage":3,"enemies":"2 Louse","floor":3,"turns":3},{"damage":2,"enemies":"Small Slimes","floor":4,"turns":4},{"damage":10,"enemies":"Exordium Thugs","floor":5,"turns":6},{"damage":17,"enemies":"3 Sentries","floor":6,"turns":7},{"damage":17,"enemies":"Lagavulin","floor":10,"turns":6},{"damage":7,"enemies":"Exordium Wildlife","floor":11,"turns":4},{"damage":13,"enemies":"3 Sentries","floor":14,"turns":6},{"damage":6,"enemies":"Gremlin Gang","floor":15,"turns":5},{"damage":14,"enemies":"downfall:Ironclad","floor":16,"turns":9},{"damage":3,"enemies":"Chosen","floor":19,"turns":5},{"damage":10,"enemies":"Snecko","floor":20,"turns":5},{"damage":15,"enemies":"Snake Plant","floor":22,"turns":5},{"damage":32,"enemies":"Cultist and Chosen","floor":23,"turns":8},{"damage":14,"enemies":"3 Cultists","floor":25,"turns":5},{"damage":12,"enemies":"Centurion and Healer","floor":26,"turns":6},{"damage":9,"enemies":"Gremlin Leader","floor":27,"turns":2}],"seed_played":"1618657932576999812","potions_obtained":[{"floor":2,"key":"CultistPotion"},{"floor":3,"key":"Venom Potion"},{"floor":4,"key":"SteroidPotion"},{"floor":20,"key":"BlessingOfTheForge"}],"is_trial":false,"path_per_floor":["R","M","M","M","M","E","T","R","?","E","M","?","?","E","M","B",null,"R","M","M","?","M","M","T","M","M","E"],"character_chosen":"GUARDIAN","items_purchased":[],"campfire_rested":1,"item_purchase_floors":[],"current_hp_per_floor":[80,68,65,63,53,36,36,73,73,56,49,49,49,36,30,16,90,90,87,77,77,62,30,30,16,4,0,0,0],"gold":419,"neow_bonus":"HUNDRED_GOLD","is_daily":false,"chose_seed":false,"campfire_upgraded":1,"win_rate":0.0,"timestamp":1608690931,"path_taken":["R","M","M","M","?","E","T","R","?","E","M","?","?","E","M","BOSS","R","M","M","?","M","?","T","M","M","E"],"items_purchased_type":[],"build_version":"2020-12-13","purchased_purges":0,"victory":false,"max_hp_per_floor":[80,80,80,80,80,80,80,90,90,90,90,90,90,90,90,90,90,90,90,90,90,90,90,90,90,90,90,90,90],"card_choices":[{"not_picked":["Guardian:Emergency","Guardian:Reroute"],"picked":"Guardian:FloatingOrbs","floor":2},{"not_picked":["Guardian:RefractedBeam","Guardian:TemporalShield"],"picked":"Guardian:Gem_Lightblue","floor":3},{"not_picked":["Guardian:WalkerClaw","Guardian:Suspension"],"picked":"Guardian:Gem_Red","floor":4},{"not_picked":["Guardian:ChargeCore","Guardian:ArmoredProtocol"],"picked":"Guardian:Reroute","floor":5},{"not_picked":["Guardian:BaubleBeam","Guardian:RollAttack","Guardian:Planning"],"picked":"SKIP","floor":6},{"not_picked":["Guardian:RollAttack","Guardian:DecasProtection"],"picked":"Guardian:TimeSifter","floor":10},{"not_picked":["Guardian:Gem_Cyan","Guardian:Gem_Crimson"],"picked":"Guardian:SpikerProtocol","floor":11},{"not_picked":["Guardian:Gem_Green","Guardian:RevengeProtocol+1","Guardian:BronzeArmor"],"picked":"SKIP","floor":14},{"not_picked":["Guardian:Planning","Guardian:TimeBomb"],"picked":"Guardian:BronzeArmor","floor":15},{"not_picked":["Guardian:StasisStrike","Guardian:Gem_Synthetic"],"picked":"Guardian:BaubleBeam","floor":16},{"not_picked":["conspire:Blindness","Sickly"],"picked":"ReplayTheSpireMod:Compounding Headache","floor":17},{"not_picked":["ReplayTheSpireMod:Restless Dread","jedi:frostbite"],"picked":"Delirium","floor":17},{"not_picked":["Parasite","Replay:Sluggish"],"picked":"stsjorbsmod:PollutedStrike","floor":17},{"not_picked":["Guardian:GuardianWhirl","Guardian:DecasProtection","Guardian:ShieldCharger"],"picked":"SKIP","floor":19},{"not_picked":["Guardian:TemporalShield+1","Guardian:RollAttack+1"],"picked":"Guardian:Repulse+1","floor":20},{"not_picked":["Guardian:GuardianWhirl","Guardian:Preprogram"],"picked":"Guardian:Gem_Crimson","floor":22},{"not_picked":["Guardian:PiercingHide","Guardian:Gem_Green"],"picked":"Guardian:Incinerate","floor":23},{"not_picked":["Guardian:ShieldCharger+1","Guardian:Gem_Red"],"picked":"Guardian:ExploitGems","floor":25},{"not_picked":["Guardian:Preprogram","Guardian:RollAttack"],"picked":"Guardian:PiercingHide","floor":26}],"player_experience":629105,"relics_obtained":[{"floor":6,"key":"Gremlin Food"},{"floor":10,"key":"Replay:Baseball"},{"floor":14,"key":"Replay:Bottled Steam"},{"floor":24,"key":"aspiration:Lifesprig"}],"event_choices":[{"cards_removed":["Guardian:Strike_Guardian"],"damage_healed":0,"gold_gain":0,"player_choice":"Give","damage_taken":0,"max_hp_gain":0,"max_hp_loss":0,"event_name":"betterNote:BetterNote","floor":21,"gold_loss":0,"cards_obtained":["Runesmith:Strike_RS"]}],"is_beta":false,"boss_relics":[{"not_picked":["Velvet Choker","Guardian:StasisSlotReductionRelic"],"picked":"Replay:Ancient Bell"},{"not_picked":["CCEMRelics:Barrel","Regal Pillow"],"picked":"jedi:cryingmask"},{"not_picked":["conspire:Flyswatter","InkBottle"],"picked":"jedi:heavyjacket"},{"not_picked":["FossilizedHelix","halation:Trompette"],"picked":"jedi:gremlinknob"}],"items_purged_floors":[],"is_endless":false,"potions_floor_spawned":[2,3,4,5,20],"killed_by":"Gremlin Leader","ascension_level":0}}