{"host":"lh9qfzqeqctr28d2","time":1608695286,"event":{"mods":["BaseMod","Minty Spire (QoL Compilation)","Quick Restart","Relic Stats","Remilia£®¿Ÿ√◊¿Ú—«£©","StSLib"],"gold_per_floor":[111,111,111,111,129,142,172,192,240,297,315,315,315],"floor_reached":12,"playtime":529,"items_purged":[],"score":105,"play_id":"048ead12-2041-4f8e-a6a3-20fa1d91a588","local_time":"20201223114806","is_ascension_mode":false,"campfire_choices":[],"circlet_count":0,"master_deck":["Strike_RM","Strike_RM","Strike_RM+1","Defend_RM","Defend_RM","Defend_RM","RedMoon","ScarletShoot","MastersStateliness","MastersStateliness","BatForm","BloodHunter","LeisurelyOfLord+1","Stigmanizer","BloodAndWine","HunterOfTheNight","TwelveNightmare","ScarletImprint"],"relics":["ScarletHat","NeowsBlessing","Bottled Lightning","Whetstone","Toy Ornithopter"],"acts_visited":["Exordium"],"potions_floor_usage":[10,10],"damage_taken":[{"damage":0,"enemies":"Small Slimes","floor":1,"turns":2},{"damage":0,"enemies":"Jaw Worm","floor":5,"turns":1},{"damage":0,"enemies":"2 Louse","floor":6,"turns":1},{"damage":0,"enemies":"Gremlin Nob","floor":7,"turns":5},{"damage":35,"enemies":"Exordium Thugs","floor":8,"turns":2},{"damage":9,"enemies":"3 Sentries","floor":10,"turns":4},{"damage":11,"enemies":"Exordium Wildlife","floor":11,"turns":6},{"damage":0,"enemies":"3 Sentries","floor":12,"turns":1}],"seed_played":"3846373322752012409","potions_obtained":[{"floor":6,"key":"Strength Potion"},{"floor":8,"key":"FearPotion"}],"is_trial":false,"path_per_floor":["M","?","?","?","M","M","E","M","T","?","M","E"],"character_chosen":"REMILIA","items_purchased":[],"campfire_rested":0,"item_purchase_floors":[],"current_hp_per_floor":[75,68,68,68,68,68,74,42,42,39,28,28,28],"gold":315,"neow_bonus":"THREE_ENEMY_KILL","is_daily":false,"chose_seed":false,"campfire_upgraded":0,"win_rate":0.0,"timestamp":1608695286,"path_taken":["M","?","?","?","?","M","E","M","T","?","M","E"],"items_purchased_type":[],"build_version":"2020-12-13","purchased_purges":0,"victory":false,"max_hp_per_floor":[75,75,75,75,75,75,78,78,78,78,78,78,78],"relic_stats":{"counters":[8,22],"Whetstone":["LeisurelyOfLord","Strike_RM"],"obtain_stats":[{"NeowsBlessing":0,"Bottled Lightning":7,"Whetstone":9,"ScarletHat":0,"Toy Ornithopter":10},{"NeowsBlessing":0,"Bottled Lightning":4,"Whetstone":5,"ScarletHat":0,"Toy Ornithopter":6},{"NeowsBlessing":0,"Bottled Lightning":9,"Whetstone":11,"ScarletHat":0,"Toy Ornithopter":15}],"Toy Ornithopter":0},"card_choices":[{"not_picked":["RedRainbow","CharismaGuard"],"picked":"MastersStateliness","floor":1},{"not_picked":["Stigmanizer","BloodHunter"],"picked":"LeisurelyOfLord","floor":5},{"not_picked":["UnderTheZenith","BlasphemousPunishment"],"picked":"Stigmanizer","floor":6},{"not_picked":["VampirishNight","VampireSweep"],"picked":"BloodAndWine","floor":7},{"not_picked":["FitfulNightmare","Septette"],"picked":"HunterOfTheNight","floor":8},{"not_picked":["BlasphemousPunishment","BloodHunter"],"picked":"TwelveNightmare","floor":10},{"not_picked":["AfternoonTea","MillenniumVampire"],"picked":"ScarletImprint","floor":11}],"player_experience":270909,"relics_obtained":[{"floor":7,"key":"Bottled Lightning"},{"floor":9,"key":"Whetstone"},{"floor":10,"key":"Toy Ornithopter"}],"event_choices":[{"cards_removed":["Strike_RM"],"damage_healed":0,"gold_gain":0,"player_choice":"Card Removal","damage_taken":7,"max_hp_gain":0,"max_hp_loss":0,"event_name":"Golden Wing","floor":2,"gold_loss":0},{"damage_healed":0,"gold_gain":0,"cards_transformed":["Defend_RM"],"player_choice":"Change","damage_taken":0,"max_hp_gain":0,"max_hp_loss":0,"event_name":"Living Wall","floor":3,"gold_loss":0,"cards_obtained":["MastersStateliness"]},{"damage_healed":0,"gold_gain":0,"player_choice":"2 cards matched","damage_taken":0,"max_hp_gain":0,"max_hp_loss":0,"event_name":"Match and Keep!","floor":4,"gold_loss":0,"cards_obtained":["BatForm","BloodHunter"]},{"damage_healed":0,"gold_gain":0,"player_choice":"Searched \u00272\u0027 times","damage_taken":0,"max_hp_gain":0,"max_hp_loss":0,"event_name":"Dead Adventurer","floor":10,"gold_loss":0}],"is_beta":false,"boss_relics":[],"items_purged_floors":[],"is_endless":false,"potions_floor_spawned":[6,8],"killed_by":"3 Sentries","ascension_level":0}}