{"host":"xhamcave7q47vrco","time":1608706753,"event":{"mods":["ATMod(°¢èªMod)","AchievementEnabler","BaseMod","BetterRewards","Card Forge","Colored Powertips","Minty Spire (QoL Compilation)","Permanent Neow","Quick Restart","Remove Card Discount Mod","Shop Mod","StSLib","¡¾ÒÅÎï¿¨ÅÆ¡¿REMEMod"],"gold_per_floor":[362,378,117,117,217,242,242,275,299,309,309,322,322,353,353,453,453,453],"floor_reached":17,"playtime":1106,"items_purged":["REME_WorshipGod"],"score":290,"play_id":"0688c53e-88d7-4334-b0fb-311f36c8192f","local_time":"20201223145913","is_ascension_mode":true,"campfire_choices":[{"data":"Shockwave","floor":7,"key":"SMITH"},{"data":"Pummel","floor":11,"key":"SMITH"},{"data":"REME_ACTH","floor":15,"key":"SMITH"}],"circlet_count":0,"master_deck":["AT_IchimonjiDouble+1","Whirlwind+1","Reaper","AT_CaressingTears","Berserk","Spot Weakness+1","AT_ShrugMaster+1","REME_ACTH+1","Shockwave+1","AT_ChampionKick+1","Scrawl+1","Heavy Blade","Panacea+1","Pummel+1","Barricade"],"relics":["Burning Blood","Hammer of Thor","Seething Fire","Anvil of the Gods","REME_ComplimentaryCards","AT_ATBox","AT_BellowingDragoncrestRing","Strawberry","AT_RedTearstoneRing","AT_ArchangelStaff","Torii","Sozu"],"acts_visited":["Exordium","TheCity"],"potions_floor_usage":[],"damage_taken":[{"damage":0,"enemies":"Small Slimes","floor":1,"turns":3},{"damage":12,"enemies":"Jaw Worm","floor":2,"turns":3},{"damage":6,"enemies":"Gremlin Nob","floor":6,"turns":3},{"damage":0,"enemies":"Lagavulin","floor":8,"turns":3},{"damage":0,"enemies":"Cultist","floor":10,"turns":2},{"damage":15,"enemies":"Exordium Thugs","floor":12,"turns":3},{"damage":0,"enemies":"Gremlin Nob","floor":14,"turns":2},{"damage":19,"enemies":"Hexaghost","floor":16,"turns":3}],"seed_played":"-636405915763260949","potions_obtained":[{"floor":2,"key":"Swift Potion"},{"floor":6,"key":"Explosive Potion"},{"floor":16,"key":"EssenceOfSteel"}],"is_trial":false,"path_per_floor":["M","M","$","?","?","E","R","E","T","M","R","M","$","E","R","B",null],"character_chosen":"IRONCLAD","items_purchased":["AT_BellowingDragoncrestRing"],"campfire_rested":0,"item_purchase_floors":[3],"current_hp_per_floor":[75,77,77,77,77,84,84,87,87,87,87,87,87,87,87,74,84,84],"gold":453,"neow_bonus":"TWO_FIFTY_GOLD","is_daily":false,"chose_seed":false,"campfire_upgraded":3,"win_rate":0.0,"timestamp":1608706753,"path_taken":["M","M","$","?","?","E","R","E","T","M","R","M","$","E","R","BOSS"],"items_purchased_type":["Relic"],"build_version":"2020-12-22","purchased_purges":1,"victory":false,"max_hp_per_floor":[80,80,80,80,80,87,87,87,87,87,87,87,87,87,87,87,87,87],"card_choices":[{"not_picked":["Armaments","Thunderclap","Entrench"],"picked":"SKIP","floor":1},{"not_picked":["Hemokinesis","Dual Wield"],"picked":"Heavy Blade","floor":2},{"not_picked":["Havoc","Iron Wave","AT_IchimonjiDouble"],"picked":"SKIP","floor":6},{"not_picked":["Armaments","Evolve"],"picked":"Pummel","floor":8},{"not_picked":["Twin Strike","Armaments","Clothesline"],"picked":"SKIP","floor":10},{"not_picked":["AT_IchimonjiDouble","AT_BodySlamDance","REME_TheLastStrike"],"picked":"SKIP","floor":12},{"not_picked":["AT_IchimonjiDouble","AT_BodySlamDance","REME_TheLastStrike"],"picked":"SKIP","floor":12},{"not_picked":["Flex","Evolve","Rage"],"picked":"SKIP","floor":14},{"not_picked":["Offering","Immolate"],"picked":"Barricade","floor":16}],"player_experience":56900,"relics_obtained":[{"floor":6,"key":"Strawberry"},{"floor":8,"key":"AT_RedTearstoneRing"},{"floor":9,"key":"AT_ArchangelStaff"},{"floor":14,"key":"Torii"}],"event_choices":[{"damage_healed":0,"gold_gain":0,"player_choice":"Leave","damage_taken":0,"max_hp_gain":0,"max_hp_loss":0,"event_name":"The Cleric","floor":4,"gold_loss":0},{"damage_healed":0,"gold_gain":100,"player_choice":"Gold","damage_taken":0,"max_hp_gain":0,"max_hp_loss":0,"event_name":"Wheel of Change","floor":5,"gold_loss":0}],"is_beta":false,"boss_relics":[{"not_picked":["Fusion Hammer","Runic Pyramid"],"picked":"Sozu"}],"items_purged_floors":[3],"is_endless":false,"potions_floor_spawned":[2,6,16],"ascension_level":6}}