{"host":"27hat5v0dffgaxzm","time":1608705637,"event":{"mods":["BaseMod","Colored Map","Colored Powertips","Highlight Path","Minty Spire (QoL Compilation)","Permanent Neow","Quick Restart"],"gold_per_floor":[362,362,40,57,232,232,262,272,272,21,40,40,16,26,26,129,129,141,141,155,155,172,200,200,217,217,232,247,247,278,278,278,380,380,398,398,415,465,115,148,159,173,218,249,268,268,596,614,614,614],"floor_reached":51,"playtime":2095,"items_purged":["Defend_B","Doubt"],"score":1201,"play_id":"a57df351-0d40-4bb9-bbe7-75d0b306559b","local_time":"20201223154037","is_ascension_mode":true,"campfire_choices":[{"data":"Zap","floor":6.0,"key":"SMITH"},{"data":"Go for the Eyes","floor":12.0,"key":"SMITH"},{"data":"Dualcast","floor":15.0,"key":"SMITH"},{"data":"Genetic Algorithm","floor":24.0,"key":"SMITH"},{"data":"Coolheaded","floor":29.0,"key":"SMITH"},{"data":"White Noise","floor":32.0,"key":"SMITH"},{"data":"Enlightenment","floor":46.0,"key":"SMITH"},{"data":"Buffer","floor":49,"key":"SMITH"}],"circlet_count":0,"master_deck":["Strike_B","Strike_B","Defend_B","Defend_B","Zap+1","Dualcast+1","Scrape","Conserve Battery","Go for the Eyes+1","Genetic Algorithm+1","Self Repair","Streamline","All For One","Electrodynamics","White Noise+1","Hologram+1","Coolheaded+1","Undo","White Noise+1","Hyperbeam","Buffer+1","Gash+1","Enlightenment+1","Purity+1","Coolheaded+1","Consume+1","Gash","Streamline","Chaos","Storm","Beam Cell+1","Echo Form+1","Streamline+1","FTL+1"],"relics":["Cracked Core","Shuriken","Meat on the Bone","Mercury Hourglass","PreservedInsect","Busted Crown","Potion Belt","Pear","Pen Nib","Prayer Wheel","Darkstone Periapt","Black Star","FossilizedHelix","Unceasing Top","War Paint","TungstenRod","Lantern","Frozen Egg 2","Question Card","Old Coin","HornCleat"],"acts_visited":["Exordium","TheCity","TheBeyond"],"potions_floor_usage":[50,50,50],"damage_taken":[{"damage":0.0,"enemies":"2 Louse","floor":1.0,"turns":2.0},{"damage":2.0,"enemies":"Jaw Worm","floor":4.0,"turns":4.0},{"damage":36.0,"enemies":"Gremlin Nob","floor":7.0,"turns":4.0},{"damage":2.0,"enemies":"Small Slimes","floor":8.0,"turns":3.0},{"damage":0.0,"enemies":"2 Fungi Beasts","floor":11.0,"turns":3.0},{"damage":4.0,"enemies":"Looter","floor":14.0,"turns":4.0},{"damage":0.0,"enemies":"Slime Boss","floor":16.0,"turns":5.0},{"damage":15.0,"enemies":"3 Byrds","floor":18.0,"turns":3.0},{"damage":10.0,"enemies":"2 Thieves","floor":20.0,"turns":2.0},{"damage":33.0,"enemies":"Sentry and Sphere","floor":22.0,"turns":5.0},{"damage":29.0,"enemies":"Slavers","floor":23.0,"turns":4.0},{"damage":9.0,"enemies":"Cultist and Chosen","floor":25.0,"turns":5.0},{"damage":7.0,"enemies":"Centurion and Healer","floor":27.0,"turns":5.0},{"damage":19.0,"enemies":"Snake Plant","floor":28.0,"turns":5.0},{"damage":14.0,"enemies":"Book of Stabbing","floor":30.0,"turns":4.0},{"damage":19.0,"enemies":"Collector","floor":33.0,"turns":9.0},{"damage":11.0,"enemies":"Orb Walker","floor":35.0,"turns":4.0},{"damage":22.0,"enemies":"3 Shapes","floor":37.0,"turns":2.0},{"damage":0.0,"enemies":"Mind Bloom Boss Battle","floor":38.0,"turns":5.0},{"damage":0.0,"enemies":"Giant Head","floor":40.0,"turns":6.0},{"damage":0.0,"enemies":"Sphere and 2 Shapes","floor":41.0,"turns":3.0},{"damage":2.0,"enemies":"Transient","floor":42.0,"turns":5.0},{"damage":8.0,"enemies":"Reptomancer","floor":44.0,"turns":3.0},{"damage":14.0,"enemies":"3 Darklings","floor":45.0,"turns":3.0},{"damage":17.0,"enemies":"Giant Head","floor":47.0,"turns":6.0},{"damage":10,"enemies":"4 Shapes","floor":48,"turns":3},{"damage":28,"enemies":"Time Eater","floor":50,"turns":11}],"seed_played":"5490232053142669871","potions_obtained":[{"floor":8.0,"key":"Strength Potion"},{"floor":14.0,"key":"DistilledChaos"},{"floor":18.0,"key":"FairyPotion"},{"floor":22.0,"key":"BlessingOfTheForge"},{"floor":28.0,"key":"Dexterity Potion"},{"floor":30.0,"key":"Explosive Potion"},{"floor":33.0,"key":"PotionOfCapacity"},{"floor":35.0,"key":"Block Potion"},{"floor":47.0,"key":"Ancient Potion"}],"is_trial":false,"path_per_floor":["M","?","$","M","?","R","E","M","T","$","M","R","$","M","R","B",null,"M","?","M","?","M","E","R","M","T","M","M","R","E","?","R","B",null,"M","?","M","?","$","E","M","M","T","E","M","R","E","M","R","B",null],"character_chosen":"DEFECT","items_purchased":["Shuriken","PreservedInsect","Streamline","Unceasing Top","Gash"],"campfire_rested":0,"item_purchase_floors":[3,10,13,39,39],"current_hp_per_floor":[50,43,43,41,41,41,5,15,15,15,27,27,27,42,42,49,69,61,61,51,61,47,37,37,47,47,59,59,59,52,52,52,45,75,71,61,51,51,51,58,58,63,63,62,48,48,50,59,59,43],"gold":614,"neow_bonus":"TWO_FIFTY_GOLD","is_daily":false,"chose_seed":false,"campfire_upgraded":8,"win_rate":0.0,"timestamp":1608705637,"path_taken":["M","?","$","M","?","R","E","M","T","$","M","R","?","M","R","BOSS","M","?","?","?","M","E","R","M","T","M","M","R","E","?","R","BOSS","M","?","M","?","?","E","M","M","T","E","M","R","E","?","R","BOSS"],"items_purchased_type":["Relic","Relic","Card","Relic","Card"],"build_version":"2020-12-22","purchased_purges":2,"victory":true,"max_hp_per_floor":[75,75,75,75,75,75,75,75,75,75,75,75,75,75,75,75,75,75,75,75,85,85,85,85,85,85,85,85,85,85,85,85,85,85,85,85,85,85,85,85,85,85,85,85,85,85,85,85,85,85],"card_choices":[{"not_picked":["Sweeping Beam","Static Discharge"],"picked":"Scrape","floor":1.0},{"not_picked":["Auto Shields","Redo"],"picked":"Conserve Battery","floor":4.0},{"not_picked":["Streamline","Barrage"],"picked":"Go for the Eyes","floor":7.0},{"not_picked":["Leap","Cold Snap"],"picked":"Genetic Algorithm","floor":8.0},{"not_picked":["Doom and Gloom","Rebound"],"picked":"Self Repair","floor":11.0},{"not_picked":["Rip and Tear","Barrage"],"picked":"All For One","floor":14.0},{"not_picked":["Machine Learning","Creative AI"],"picked":"Electrodynamics","floor":16.0},{"not_picked":[],"picked":"White Noise+1","floor":18.0},{"not_picked":["Reprogram"],"picked":"SKIP","floor":20.0},{"not_picked":[],"picked":"Hologram+1","floor":22.0},{"not_picked":["Leap"],"picked":"SKIP","floor":23.0},{"not_picked":[],"picked":"Coolheaded","floor":25.0},{"not_picked":["Sweeping Beam"],"picked":"SKIP","floor":27.0},{"not_picked":["Cold Snap+1"],"picked":"SKIP","floor":27.0},{"not_picked":[],"picked":"Undo","floor":28.0},{"not_picked":["Double Energy"],"picked":"SKIP","floor":28.0},{"not_picked":["Steam"],"picked":"SKIP","floor":30.0},{"not_picked":[],"picked":"Buffer","floor":33.0},{"not_picked":[],"picked":"Gash+1","floor":35.0},{"not_picked":["Rip and Tear"],"picked":"SKIP","floor":35.0},{"not_picked":[],"picked":"Enlightenment","floor":36.0},{"not_picked":[],"picked":"Purity","floor":36.0},{"not_picked":[],"picked":"Coolheaded","floor":37.0},{"not_picked":["Double Energy"],"picked":"SKIP","floor":37.0},{"not_picked":[],"picked":"Consume+1","floor":38.0},{"not_picked":[],"picked":"Streamline","floor":40.0},{"not_picked":[],"picked":"Chaos","floor":41.0},{"not_picked":["Steam"],"picked":"SKIP","floor":41.0},{"not_picked":[],"picked":"Storm","floor":42.0},{"not_picked":["Auto Shields"],"picked":"SKIP","floor":42.0},{"not_picked":["Go for the Eyes"],"picked":"SKIP","floor":44.0},{"not_picked":["Darkness"],"picked":"Beam Cell+1","floor":45.0},{"not_picked":["Ball Lightning+1","Consume"],"picked":"SKIP","floor":45.0},{"not_picked":["Doom and Gloom+1"],"picked":"Echo Form+1","floor":47.0},{"not_picked":["Barrage"],"picked":"Streamline+1","floor":48},{"not_picked":["Go for the Eyes"],"picked":"FTL+1","floor":48}],"player_experience":324061,"relics_obtained":[{"floor":7.0,"key":"Meat on the Bone"},{"floor":9.0,"key":"Mercury Hourglass"},{"floor":23.0,"key":"Pen Nib"},{"floor":26.0,"key":"Prayer Wheel"},{"floor":30.0,"key":"Darkstone Periapt"},{"floor":38.0,"key":"FossilizedHelix"},{"floor":40.0,"key":"War Paint"},{"floor":40.0,"key":"TungstenRod"},{"floor":43.0,"key":"Lantern"},{"floor":44.0,"key":"Frozen Egg 2"},{"floor":44.0,"key":"Question Card"},{"floor":47.0,"key":"Old Coin"},{"floor":47.0,"key":"HornCleat"}],"event_choices":[{"cards_removed":["Strike_B"],"damage_healed":0.0,"max_hp_gain":0.0,"max_hp_loss":0.0,"gold_gain":0.0,"event_name":"Golden Wing","player_choice":"Card Removal","floor":2.0,"gold_loss":0.0,"damage_taken":7.0},{"damage_healed":0.0,"max_hp_gain":0.0,"max_hp_loss":0.0,"gold_gain":175.0,"event_name":"Liars Game","player_choice":"AGREE","floor":5.0,"gold_loss":0.0,"damage_taken":0.0,"cards_obtained":["Doubt"]},{"damage_healed":0.0,"max_hp_gain":0.0,"max_hp_loss":0.0,"gold_gain":0.0,"event_name":"WeMeetAgain","player_choice":"Gave Potion","floor":19.0,"gold_loss":0.0,"damage_taken":0.0,"relics_obtained":["Potion Belt"]},{"damage_healed":0.0,"max_hp_gain":0.0,"max_hp_loss":0.0,"gold_gain":0.0,"event_name":"The Mausoleum","player_choice":"Opened","floor":21.0,"gold_loss":0.0,"damage_taken":0.0,"relics_obtained":["Pear"]},{"damage_healed":0.0,"max_hp_gain":0.0,"max_hp_loss":0.0,"gold_gain":0.0,"cards_transformed":["Strike_B","Defend_B"],"event_name":"Drug Dealer","player_choice":"Became Test Subject","floor":31.0,"gold_loss":0.0,"damage_taken":0.0,"cards_obtained":["White Noise","Hyperbeam"]},{"damage_healed":0.0,"max_hp_gain":0.0,"max_hp_loss":0.0,"gold_gain":0.0,"event_name":"SensoryStone","player_choice":"Memory 3","floor":36.0,"gold_loss":0.0,"damage_taken":10.0},{"damage_healed":0.0,"max_hp_gain":0.0,"max_hp_loss":0.0,"gold_gain":0.0,"event_name":"MindBloom","player_choice":"Fight","floor":38.0,"gold_loss":0.0,"damage_taken":0.0}],"is_beta":false,"boss_relics":[{"not_picked":["Ectoplasm","Snecko Eye"],"picked":"Busted Crown"},{"not_picked":["Fusion Hammer","Astrolabe"],"picked":"Black Star"}],"items_purged_floors":[3,10],"is_endless":false,"potions_floor_spawned":[8,14,18,22,28,30,33,35,38,44,47,48],"ascension_level":8}}