{"host":"nptej036rrbiurf5","time":1608691751,"event":{"mods":["BaseMod","Colored Map","Colored Powertips","DeckTracker","Minty Spire (QoL Compilation)","StSLib","SuperFastMode"],"gold_per_floor":[359,204,204,204,279,279,95,134,134,147,166,166,41,61,61,61,61],"floor_reached":16,"playtime":353,"items_purged":["Strike_P","Defend_P","Strike_P"],"score":196,"play_id":"049a1ff3-9bb4-4280-ac6f-48261bd27271","local_time":"20201223114911","is_ascension_mode":true,"campfire_choices":[{"data":"Eruption","floor":6.0,"key":"SMITH"},{"floor":15.0,"key":"REST"}],"circlet_count":0,"master_deck":["AscendersBane","Strike_P","Defend_P","Defend_P","Defend_P","Eruption+1","Vigilance","EmptyFist","FearNoEvil","SandsOfTime","Halt","CrushJoints"],"relics":["PureWater","Golden Idol","Mercury Hourglass","Yang"],"acts_visited":["Exordium"],"potions_floor_usage":[16],"damage_taken":[{"damage":4.0,"enemies":"Small Slimes","floor":1.0,"turns":5.0},{"damage":15.0,"enemies":"3 Sentries","floor":8.0,"turns":8.0},{"damage":7.0,"enemies":"Jaw Worm","floor":10.0,"turns":2.0},{"damage":5.0,"enemies":"2 Louse","floor":11.0,"turns":2.0},{"damage":0.0,"enemies":"Exordium Wildlife","floor":14.0,"turns":3.0},{"damage":19,"enemies":"The Guardian","floor":16,"turns":7}],"seed_played":"3001523389019776726","potions_obtained":[{"floor":11.0,"key":"StancePotion"},{"floor":14.0,"key":"BottledMiracle"}],"is_trial":false,"path_per_floor":["M","$","?","?","?","R","$","E","T","M","M","?","$","M","R","B"],"character_chosen":"WATCHER","items_purchased":["FearNoEvil","LiquidMemories"],"campfire_rested":1,"item_purchase_floors":[2,7],"current_hp_per_floor":[39,39,39,39,28,28,28,13,13,6,1,1,1,1,19,0,0],"gold":61,"neow_bonus":"TWO_FIFTY_GOLD","is_daily":false,"chose_seed":false,"campfire_upgraded":1,"win_rate":0.0,"timestamp":1608691751,"path_taken":["M","$","?","?","?","R","$","E","T","M","?","?","?","M","R","BOSS"],"items_purchased_type":["Card","Potion"],"build_version":"2020-12-13","purchased_purges":3,"victory":false,"max_hp_per_floor":[68,68,68,62,62,62,62,62,62,62,62,62,62,62,62,62,62],"card_choices":[{"not_picked":["Consecrate","WaveOfTheHand"],"picked":"EmptyFist","floor":1.0},{"not_picked":["SashWhip","Swivel"],"picked":"SandsOfTime","floor":8.0},{"not_picked":["EmptyBody","Consecrate"],"picked":"Halt","floor":10.0},{"not_picked":["ThirdEye","EmptyBody"],"picked":"CrushJoints","floor":11.0},{"not_picked":["WindmillStrike","ThirdEye","CarveReality"],"picked":"SKIP","floor":14.0}],"player_experience":844319,"relics_obtained":[{"floor":8.0,"key":"Mercury Hourglass"},{"floor":9.0,"key":"Yang"}],"event_choices":[{"cards_removed":["Strike_P"],"damage_healed":0.0,"max_hp_gain":0.0,"max_hp_loss":0.0,"gold_gain":0.0,"event_name":"Living Wall","player_choice":"Forget","floor":3.0,"gold_loss":0.0,"damage_taken":0.0},{"damage_healed":0.0,"max_hp_gain":0.0,"max_hp_loss":6.0,"gold_gain":0.0,"event_name":"Golden Idol","player_choice":"Lose Max HP","floor":4.0,"gold_loss":0.0,"damage_taken":0.0,"relics_obtained":["Golden Idol"]},{"damage_healed":0.0,"max_hp_gain":0.0,"max_hp_loss":0.0,"gold_gain":75.0,"event_name":"World of Goop","player_choice":"Gather Gold","floor":5.0,"gold_loss":0.0,"damage_taken":11.0},{"damage_healed":0.0,"max_hp_gain":0.0,"max_hp_loss":0.0,"gold_gain":0.0,"event_name":"Liars Game","player_choice":"Ignored","floor":12.0,"gold_loss":0.0,"damage_taken":0.0}],"is_beta":false,"boss_relics":[],"items_purged_floors":[2,7,13],"is_endless":false,"potions_floor_spawned":[11,14],"killed_by":"The Guardian","ascension_level":20}}