{"host":"tn4vcbjll0ykc2jj","time":1608723506,"event":{"mods":["ATMod(°¢èªMod)","Act Like it!","BaseMod","CapriCore","Colored Powertips","Gensokyo","Lobotomy","LobotomyExtend","Minty Spire (QoL Compilation)","MostiFishMod","Quick Restart","StSLib","TestMod","The Immortal","¡¾ÒÅÎï¿¨ÅÆ¡¿REMEMod"],"gold_per_floor":[114,114,114,114,114,114,130,141,141,160,184,198,198,213,213,308,308,308,326,394,394,408,408,422,822,893,928,928,944,958,736,736,736,736,736],"floor_reached":33,"playtime":2273,"items_purged":["MokouMod:Strike"],"score":282,"play_id":"83f6a715-886f-4542-8424-8afa94940664","local_time":"20201223193826","is_ascension_mode":false,"campfire_choices":[{"data":"HalloweenModCandy","floor":6,"key":"SMITH"},{"data":"HalloweenModGhostCostume","floor":13,"key":"SMITH"},{"data":"Secret Weapon","floor":15,"key":"SMITH"},{"data":"MostiFishMod:WinterMarkForm","floor":23,"key":"SMITH"},{"floor":28,"key":"RECALL"},{"data":"MostiFishMod:FrostNova","floor":32,"key":"SMITH"}],"circlet_count":0,"master_deck":["MokouMod:Strike","MokouMod:Strike","MokouMod:Strike","MokouMod:Defend","MokouMod:Defend","MokouMod:HeatSpark","MostiFishMod:FrostNova+1","MostiFishMod:WinterMarkForm+1","AT_KingSlayer+1","Secret Weapon+1","HalloweenModCandy+1","OSAHOGD","HalloweenModGhostCostume+1","Bloodbath","HalloweenModTrick","Wellcheers","HalloweenModTrick","ShyLook","Variant","QueenOfHatred","PunishingBird","CherryBlossoms","BigBird","Scarecrow","MeatLantern"],"relics":["MokouMod:PhoenixFeather","DaveBox","testmod-TestBox","REME_ComplimentaryCards","HalloweenModHalloween","Blue Candle","FrostBlade","CogitoBucket","LetterFromLob","Pear","testmod-TurbochargingSystem","AdjustmentMirror","NightmareShop","Bottled Lightning","REME_HourglassOfDeath","StrikeDummy","AT_RedTearstoneRing","ResearcherNote","ClockworkSouvenir"],"acts_visited":["Gensokyo:Gensokyo","Gensokyo:Gensokyoer"],"potions_floor_usage":[29,29],"damage_taken":[{"damage":9,"enemies":"Gensokyo:2_Kodama","floor":1,"turns":3},{"damage":0,"enemies":"Gensokyo:3_Fairies","floor":7,"turns":4},{"damage":0,"enemies":"Gensokyo:Python","floor":8,"turns":2},{"damage":1,"enemies":"Gensokyo:Kitsune","floor":10,"turns":3},{"damage":0,"enemies":"Gensokyo:5_Fairies","floor":12,"turns":2},{"damage":32,"enemies":"Gensokyo:Gryphon_and_Rabbit","floor":14,"turns":4},{"damage":14,"enemies":"Gensokyo:Yukari","floor":16,"turns":5},{"damage":0,"enemies":"Gensokyo:2_Gloops","floor":19,"turns":3},{"damage":21,"enemies":"Gensokyo:AngelMirror","floor":22,"turns":3},{"damage":1,"enemies":"Gensokyo:Slime_Group","floor":24,"turns":2},{"damage":18,"enemies":"Gensokyo:Koishi","floor":27,"turns":3},{"damage":12,"enemies":"Gensokyo:Swordslinger","floor":29,"turns":3},{"damage":0,"enemies":"Gensokyo:Wraith","floor":30,"turns":3},{"damage":48,"enemies":"Gensokyo:Eiki","floor":33,"turns":3}],"seed_played":"6994051160740801938","potions_obtained":[{"floor":7,"key":"SkillPotion"},{"floor":10,"key":"Energy Potion"},{"floor":12,"key":"Explosive Potion"},{"floor":30,"key":"Energy Potion"}],"is_trial":false,"path_per_floor":["M","?","?","?","?","R","M","M","T","M","T","M","R","M","R","B",null,"M","M","T","T","M","R","M","?","T","E","R","M","M","$","R","B"],"character_chosen":"MKU","items_purchased":["ClockworkSouvenir"],"campfire_rested":0,"item_purchase_floors":[31],"current_hp_per_floor":[66,66,66,61,27,27,35,40,40,40,40,41,41,13,13,8,85,85,85,85,85,64,64,74,74,74,65,65,74,85,85,85,39,39,39],"gold":736,"neow_bonus":"","is_daily":false,"chose_seed":false,"campfire_upgraded":5,"win_rate":0.0,"timestamp":1608723506,"path_taken":["M","?","?","?","?","R","?","M","T","M","?","M","R","M","R","BOSS","M","M","?","?","?","R","?","?","T","E","R","M","?","$","R","BOSS"],"items_purchased_type":["Relic"],"build_version":"2020-12-22","purchased_purges":1,"victory":false,"max_hp_per_floor":[75,75,75,85,85,85,85,85,85,85,85,85,85,85,85,85,85,85,85,85,85,85,85,85,85,85,85,85,85,85,85,85,85,85,85],"card_choices":[{"not_picked":["HalloweenModTrick","HalloweenModGhostCostume"],"picked":"HalloweenModCandy","floor":1},{"not_picked":["MeatLantern","Funeral"],"picked":"OSAHOGD","floor":1},{"not_picked":["HalloweenModCandy","HalloweenModTrick"],"picked":"HalloweenModGhostCostume","floor":7},{"not_picked":["VoidDream","BeautyBeast"],"picked":"Bloodbath","floor":7},{"not_picked":["HalloweenModCandy","HalloweenModGhostCostume"],"picked":"HalloweenModTrick","floor":8},{"not_picked":["WallGazer","LaLuna"],"picked":"Wellcheers","floor":8},{"not_picked":["HalloweenModGhostCostume","HalloweenModCandy"],"picked":"HalloweenModTrick","floor":10},{"not_picked":["QueenOfHatred","GalaxyChild"],"picked":"ShyLook","floor":10},{"not_picked":["HalloweenModTrick","HalloweenModGhostCostume","HalloweenModCandy"],"picked":"SKIP","floor":12},{"not_picked":["SpiderBud","BigBadWolf"],"picked":"Variant","floor":14},{"not_picked":["HalloweenModGhostCostume","HalloweenModTrick","HalloweenModCandy"],"picked":"SKIP","floor":14},{"not_picked":["Mercenary","UniverseFragment"],"picked":"QueenOfHatred","floor":16},{"not_picked":["WallGazer","RedShoes"],"picked":"PunishingBird","floor":19},{"not_picked":["HalloweenModCandy+1","HalloweenModTrick","HalloweenModGhostCostume"],"picked":"SKIP","floor":19},{"not_picked":["MHz","Murderer"],"picked":"CherryBlossoms","floor":22},{"not_picked":["HalloweenModCandy","HalloweenModGhostCostume","HalloweenModTrick"],"picked":"SKIP","floor":22},{"not_picked":["FieryBird","DreamingCurrent"],"picked":"BigBird","floor":24},{"not_picked":["HalloweenModGhostCostume","HalloweenModTrick+1","HalloweenModCandy+1"],"picked":"SKIP","floor":24},{"not_picked":["Woodsman","CrumblingArmor"],"picked":"Scarecrow","floor":27},{"not_picked":["HalloweenModTrick","HalloweenModGhostCostume+1","HalloweenModCandy"],"picked":"SKIP","floor":27},{"not_picked":["HalloweenModCandy","HalloweenModTrick","HalloweenModGhostCostume+1"],"picked":"SKIP","floor":29},{"not_picked":["WallGazer","WhitesApple"],"picked":"MeatLantern","floor":30},{"not_picked":["HalloweenModTrick","HalloweenModCandy","HalloweenModGhostCostume+1"],"picked":"SKIP","floor":30}],"player_experience":110955,"relics_obtained":[{"floor":1,"key":"LetterFromLob"},{"floor":9,"key":"testmod-TurbochargingSystem"},{"floor":20,"key":"Bottled Lightning"},{"floor":21,"key":"REME_HourglassOfDeath"},{"floor":26,"key":"StrikeDummy"},{"floor":27,"key":"AT_RedTearstoneRing"}],"event_choices":[{"damage_healed":0,"gold_gain":400,"player_choice":"Sell","damage_taken":0,"max_hp_gain":0,"max_hp_loss":0,"event_name":"¶÷ÂåË¹µÄÅÌ×Ó","floor":25,"relics_lost":["AT_ATBox"],"gold_loss":0}],"is_beta":false,"boss_relics":[{"not_picked":["REME_DemonsWealth","testmod-IncinerationGenerator"],"picked":"NightmareShop"}],"items_purged_floors":[31],"is_endless":false,"potions_floor_spawned":[7,10,12,14,19,22,30],"killed_by":"Gensokyo:Eiki","ascension_level":0}}