{"host":"08nxni9rwzvm98vp","time":1608722293,"event":{"mods":["AchievementEnabler","BaseMod","Better Third Choice","Card Forge","Colored Powertips","Gold Saver","Googly Eyes","Highlight Path","Marisa£¨Ùöéë¡¡Øª×âÞÞ£©","Minty Spire (QoL Compilation)","Quick Restart","Rare Cards Sparkle","Shop Mod","StSLib","SuperFastMode"],"gold_per_floor":[1105,1124,894,894,894,920,934,968,992,1019,1019,1019,1033,1064,1064,1165,1165,1176,1176,1193,1193,1118,1151,1171,541,541,556,585,604,621,656,656,761,761,773,469,523,543,593,624,652,652,652,681,715,730,758,774,774,774,774,774,470,502,502],"floor_reached":56,"playtime":2202,"items_purged":["Brutality+1"],"score":2486,"play_id":"fffdfefb-facc-4d4c-a0bb-48ad75332af5","local_time":"20201223201813","is_ascension_mode":true,"campfire_choices":[{"floor":11,"key":"RECALL"},{"floor":15,"key":"REST"},{"floor":32,"key":"REST"},{"floor":42,"key":"REST"},{"floor":49,"key":"REST"},{"floor":52,"key":"REST"}],"circlet_count":0,"master_deck":["Fire Breathing+1","Fire Breathing+1","Impervious+1","Power Through+1","Power Through+1","Evolve+1","Entrench+1"],"relics":["Hammer of Thor","Seething Fire","Anvil of the Gods","Cursed Key","Unceasing Top","Calipers","Omamori","Lantern","Anchor","Centennial Puzzle","Ancient Tea Set","MealTicket","Dream Catcher","Oddly Smooth Stone","Fusion Hammer","WarpedTongs","InkBottle","Orichalcum","Frozen Eye","Molten Egg 2","Happy Flower","White Beast Statue","Sozu","Medical Kit","PreservedInsect","Champion Belt","WingedGreaves","CeramicFish","Regal Pillow","Blood Vial","StrikeDummy","Incense Burner","Membership Card","CaptainsWheel"],"acts_visited":["Exordium","TheCity","TheBeyond","TheEnding"],"potions_floor_usage":[13],"damage_taken":[{"damage":12,"enemies":"Jaw Worm","floor":1,"turns":2},{"damage":2,"enemies":"Small Slimes","floor":2,"turns":1},{"damage":14,"enemies":"3 Sentries","floor":6,"turns":3},{"damage":6,"enemies":"2 Louse","floor":7,"turns":3},{"damage":0,"enemies":"Lagavulin","floor":8,"turns":6},{"damage":8,"enemies":"Gremlin Nob","floor":10,"turns":3},{"damage":0,"enemies":"Lots of Slimes","floor":13,"turns":1},{"damage":20,"enemies":"Lagavulin","floor":14,"turns":3},{"damage":35,"enemies":"Hexaghost","floor":16,"turns":5},{"damage":2,"enemies":"Shell Parasite","floor":18,"turns":4},{"damage":11,"enemies":"Spheric Guardian","floor":20,"turns":3},{"damage":0,"enemies":"Gremlin Leader","floor":23,"turns":5},{"damage":0,"enemies":"3 Cultists","floor":24,"turns":3},{"damage":0,"enemies":"Snake Plant","floor":27,"turns":3},{"damage":0,"enemies":"Slavers","floor":28,"turns":3},{"damage":0,"enemies":"Centurion and Healer","floor":29,"turns":3},{"damage":0,"enemies":"3 Cultists","floor":30,"turns":3},{"damage":0,"enemies":"Book of Stabbing","floor":31,"turns":4},{"damage":0,"enemies":"Collector","floor":33,"turns":4},{"damage":0,"enemies":"3 Darklings","floor":35,"turns":2},{"damage":0,"enemies":"2 Orb Walkers","floor":37,"turns":3},{"damage":0,"enemies":"Orb Walker","floor":38,"turns":3},{"damage":0,"enemies":"Mind Bloom Boss Battle","floor":39,"turns":4},{"damage":0,"enemies":"Reptomancer","floor":40,"turns":3},{"damage":0,"enemies":"Nemesis","floor":41,"turns":3},{"damage":0,"enemies":"Giant Head","floor":44,"turns":5},{"damage":0,"enemies":"Nemesis","floor":45,"turns":5},{"damage":0,"enemies":"4 Shapes","floor":46,"turns":2},{"damage":0,"enemies":"Reptomancer","floor":47,"turns":3},{"damage":0,"enemies":"3 Darklings","floor":48,"turns":3},{"damage":0,"enemies":"Donu and Deca","floor":50,"turns":4},{"damage":0,"enemies":"Shield and Spear","floor":54,"turns":3},{"damage":0,"enemies":"The Heart","floor":55,"turns":6}],"seed_played":"-835003787118484441","potions_obtained":[{"floor":1,"key":"Swift Potion"},{"floor":2,"key":"Strength Potion"},{"floor":10,"key":"GamblersBrew"},{"floor":13,"key":"BloodPotion"},{"floor":23,"key":"EntropicBrew"},{"floor":29,"key":"CultistPotion"},{"floor":30,"key":"CultistPotion"}],"is_trial":false,"path_per_floor":["M","M","$","?","?","E","M","E","T","E","R","?","M","E","R","B",null,"M","?","M","$","?","E","M","$","T","M","E","M","M","E","R","B",null,"M","$","?","M","?","E","E","R","T","E","E","M","E","M","R","B",null,"R","$","E","B",null],"character_chosen":"IRONCLAD","items_purchased":["Lantern","Orichalcum","Frozen Eye","Molten Egg 2","Evolve","Medical Kit","PreservedInsect","Membership Card","CaptainsWheel"],"campfire_rested":5,"item_purchase_floors":[3,25,25,25,25,36,36,53,53],"current_hp_per_floor":[60,58,58,58,51,41,55,55,55,52,52,52,92,76,92,62,85,92,92,90,96,96,96,96,96,96,96,96,96,96,96,96,96,96,96,96,96,96,96,96,96,96,96,96,96,96,96,96,96,96,96,96,96,96,96],"gold":502,"neow_bonus":"BOSS_RELIC","is_daily":false,"chose_seed":false,"campfire_upgraded":0,"win_rate":0.0,"timestamp":1608722293,"path_taken":["M","M","$","?","?","E","M","E","T","E","R","?","M","E","R","BOSS","M","?","?","$","?","E","M","?","T","M","E","M","M","E","R","BOSS","M","$","?","M","?","E","E","R","T","E","E","M","E","M","R","BOSS","R","$","E","BOSS"],"items_purchased_type":["Relic","Relic","Relic","Relic","Card","Relic","Relic","Relic","Relic"],"build_version":"2020-12-22","purchased_purges":1,"victory":true,"max_hp_per_floor":[80,80,80,80,80,84,88,88,88,88,88,88,92,92,92,92,92,92,92,96,96,96,96,96,96,96,96,96,96,96,96,96,96,96,96,96,96,96,96,96,96,96,96,96,96,96,96,96,96,96,96,96,96,96,96],"card_choices":[{"not_picked":["Evolve","Ghostly Armor","True Grit"],"picked":"SKIP","floor":1},{"not_picked":["Cleave","Perfected Strike","Rampage"],"picked":"SKIP","floor":2},{"not_picked":["Perfected Strike","Disarm"],"picked":"Spot Weakness","floor":6},{"not_picked":["Sword Boomerang","Disarm","Pommel Strike"],"picked":"SKIP","floor":7},{"not_picked":["Anger","Perfected Strike"],"picked":"Fire Breathing","floor":8},{"not_picked":["Clothesline","Sword Boomerang","Bludgeon"],"picked":"SKIP","floor":10},{"not_picked":["Power Through","Anger","Perfected Strike"],"picked":"SKIP","floor":13},{"not_picked":["Shockwave","Headbutt","Havoc"],"picked":"SKIP","floor":14},{"not_picked":["Perfected Strike","Twin Strike","Dual Wield+1"],"picked":"SKIP","floor":18},{"not_picked":["True Grit","Clothesline+1","Iron Wave"],"picked":"SKIP","floor":20},{"not_picked":["Body Slam","Dark Embrace","Sentinel"],"picked":"SKIP","floor":23},{"not_picked":["Sword Boomerang","Warcry","Clothesline"],"picked":"SKIP","floor":24},{"not_picked":["Clash+1","Thunderclap+1","Infernal Blade"],"picked":"SKIP","floor":27},{"not_picked":["Sever Soul+1","Dark Embrace"],"picked":"Entrench","floor":28},{"not_picked":["True Grit","Anger+1","Exhume"],"picked":"SKIP","floor":29},{"not_picked":["Twin Strike+1","Clash+1","Uppercut+1"],"picked":"SKIP","floor":30},{"not_picked":["Twin Strike+1","Feel No Pain","Havoc"],"picked":"SKIP","floor":31},{"not_picked":["Battle Trance","Shrug It Off","Body Slam+1"],"picked":"SKIP","floor":35},{"not_picked":["Shrug It Off+1","Reckless Charge+1","Pommel Strike+1"],"picked":"SKIP","floor":38},{"not_picked":["Havoc","Armaments","Brutality"],"picked":"SKIP","floor":40},{"not_picked":["Anger+1","Flex+1","Flame Barrier+1"],"picked":"SKIP","floor":41},{"not_picked":["Wild Strike+1","Pommel Strike+1","Perfected Strike+1"],"picked":"SKIP","floor":44},{"not_picked":["Armaments","Seeing Red","Shrug It Off+1"],"picked":"SKIP","floor":45},{"not_picked":["Twin Strike+1","Cleave+1","Flex+1"],"picked":"SKIP","floor":46},{"not_picked":["Perfected Strike+1","Berserk","Armaments+1"],"picked":"SKIP","floor":47},{"not_picked":["Pummel+1","Intimidate","Bloodletting+1"],"picked":"SKIP","floor":48},{"not_picked":["Limit Break","Iron Wave+1","Clothesline+1"],"picked":"SKIP","floor":54}],"player_experience":624513,"relics_obtained":[{"floor":6,"key":"Centennial Puzzle"},{"floor":8,"key":"Ancient Tea Set"},{"floor":9,"key":"MealTicket"},{"floor":10,"key":"Dream Catcher"},{"floor":14,"key":"Oddly Smooth Stone"},{"floor":23,"key":"InkBottle"},{"floor":28,"key":"Happy Flower"},{"floor":31,"key":"White Beast Statue"},{"floor":37,"key":"Champion Belt"},{"floor":39,"key":"WingedGreaves"},{"floor":40,"key":"CeramicFish"},{"floor":41,"key":"Regal Pillow"},{"floor":44,"key":"Blood Vial"},{"floor":45,"key":"StrikeDummy"},{"floor":47,"key":"Incense Burner"}],"event_choices":[{"damage_healed":58,"gold_gain":0,"player_choice":"Embrace","damage_taken":0,"max_hp_gain":0,"max_hp_loss":80,"event_name":"betterThird:BetterShining","floor":4,"gold_loss":0},{"damage_healed":0,"gold_gain":0,"player_choice":"Relic ","damage_taken":7,"max_hp_gain":0,"max_hp_loss":0,"event_name":"betterThird:BetterScrap","floor":5,"gold_loss":0,"cards_obtained":["WaveOfTheHand"]},{"damage_healed":0,"gold_gain":0,"player_choice":"Ignored","damage_taken":1019,"max_hp_gain":0,"max_hp_loss":0,"event_name":"betterThird:BetterSerpent","floor":12,"gold_loss":0},{"damage_healed":0,"gold_gain":0,"player_choice":"Rummage","damage_taken":0,"relics_obtained":["WarpedTongs"],"max_hp_gain":0,"max_hp_loss":0,"event_name":"Accursed Blacksmith","floor":19,"gold_loss":0,"cards_obtained":["Pain"]},{"cards_removed":["Immolate"],"damage_healed":0,"gold_gain":0,"player_choice":"Gave Gold","damage_taken":0,"max_hp_gain":0,"max_hp_loss":0,"event_name":"Beggar","floor":22,"gold_loss":75},{"damage_healed":0,"gold_gain":0,"player_choice":"Fight","damage_taken":0,"max_hp_gain":0,"max_hp_loss":0,"event_name":"Mysterious Sphere","floor":37,"gold_loss":0},{"damage_healed":0,"gold_gain":0,"player_choice":"Fight","damage_taken":0,"max_hp_gain":0,"max_hp_loss":0,"event_name":"MindBloom","floor":39,"gold_loss":0}],"is_beta":false,"boss_relics":[{"not_picked":["Snecko Eye","Black Star"],"picked":"Fusion Hammer"},{"not_picked":["Tiny House","Busted Crown"],"picked":"Sozu"}],"items_purged_floors":[3],"is_endless":false,"potions_floor_spawned":[1,2,10,13,18,23,28,29,30,31,33,35,37,38,39,40,41,44,45,46,47,48,54],"ascension_level":8}}