{"host":"xepm4vdq3mgbriir","time":1608688580,"event":{"mods":["AchievementEnabler","BaseMod","Bestiary","Block Reminder","DeckTracker","Minty Spire (QoL Compilation)","Rare Cards Sparkle","Relic Stats","Spire Birthday Party","StSLib","Unceasing Turn Reminder","everything is the same but u backflip on backflip","slay the spire mod where everything is the same but ironclad has a cowboy hat"],"gold_per_floor":[164,164,164,164,11,11,186,221,221,233,233,259,272,304,304,402,402,421,436,450,70,81,81,81,81],"floor_reached":24,"playtime":2104,"items_purged":[],"score":357,"play_id":"a7d06043-994d-4f60-a5ef-3adde71ec4f4","local_time":"20201222205620","is_ascension_mode":true,"campfire_choices":[{"data":"Sunder","floor":6,"key":"SMITH"},{"data":"Echo Form","floor":11,"key":"SMITH"},{"floor":15,"key":"REST"},{"floor":23,"key":"REST"}],"circlet_count":0,"master_deck":["AscendersBane","Strike_B","Strike_B","Strike_B+1","Strike_B","Defend_B","Defend_B","Defend_B","Zap","Dualcast","Conserve Battery","Cold Snap","Sunder+1","Core Surge","Doubt","Echo Form+1","Conserve Battery","Multi-Cast","Cold Snap","Steam","Thunder Strike","Beam Cell","Cold Snap","Go for the Eyes","FTL","Double Energy"],"relics":["Tiny House","MealTicket","Blood Vial","Kunai","Bag of Preparation","Strawberry","Fusion Hammer","Medical Kit","Anchor"],"acts_visited":["Exordium","TheCity"],"potions_floor_usage":[8,14,14,16,16,22,24],"damage_taken":[{"damage":0,"enemies":"2 Louse","floor":1,"turns":3},{"damage":21,"enemies":"Lagavulin","floor":8,"turns":4},{"damage":5,"enemies":"Jaw Worm","floor":10,"turns":2},{"damage":21,"enemies":"3 Sentries","floor":12,"turns":7},{"damage":1,"enemies":"Cultist","floor":13,"turns":3},{"damage":24,"enemies":"Gremlin Nob","floor":14,"turns":4},{"damage":28,"enemies":"The Guardian","floor":16,"turns":10},{"damage":15,"enemies":"Shell Parasite","floor":18,"turns":5},{"damage":33,"enemies":"3 Byrds","floor":19,"turns":9},{"damage":29,"enemies":"Cultist and Chosen","floor":20,"turns":7},{"damage":27,"enemies":"Snake Plant","floor":22,"turns":6},{"damage":47,"enemies":"Book of Stabbing","floor":24,"turns":4}],"seed_played":"-47112341922975714","potions_obtained":[{"floor":0,"key":"AttackPotion"},{"floor":1,"key":"EssenceOfDarkness"},{"floor":10,"key":"EntropicBrew"},{"floor":20,"key":"Regen Potion"},{"floor":22,"key":"PotionOfCapacity"}],"is_trial":false,"path_per_floor":["M","?","?","?","$","R","?","E","T","M","R","E","M","E","R","B",null,"M","M","M","$","M","R","E"],"character_chosen":"DEFECT","items_purchased":["Core Surge","Strength Potion","Medical Kit","Anchor","FTL"],"campfire_rested":2,"item_purchase_floors":[5,21,21,21,21],"current_hp_per_floor":[73,73,78,71,85,85,85,64,64,61,61,42,43,28,55,29,76,63,32,5,20,10,37,0,0],"gold":81,"neow_bonus":"BOSS_RELIC","is_daily":false,"chose_seed":false,"campfire_upgraded":2,"win_rate":0.0,"timestamp":1608688580,"path_taken":["M","?","?","?","$","R","?","E","T","M","R","E","?","E","R","BOSS","M","M","M","$","M","R","E"],"items_purchased_type":["Card","Potion","Relic","Relic","Card"],"build_version":"2020-12-13","purchased_purges":0,"victory":false,"max_hp_per_floor":[80,80,85,85,85,85,85,85,85,85,85,85,85,92,92,92,92,92,92,92,92,92,92,92,92],"relic_stats":{"Blood Vial":20,"counters":[12,64],"MealTicket":29,"Bag of Preparation":[16],"Kunai":[14],"Medical Kit":[0],"obtain_stats":[{"Blood Vial":8,"Anchor":21,"Tiny House":0,"Strawberry":14,"MealTicket":4,"Fusion Hammer":17,"Bag of Preparation":12,"Kunai":9,"Cracked Core":0,"Medical Kit":21},{"Blood Vial":2,"Anchor":10,"Tiny House":0,"Strawberry":6,"MealTicket":1,"Fusion Hammer":7,"Bag of Preparation":4,"Kunai":2,"Cracked Core":0,"Medical Kit":10},{"Blood Vial":7,"Anchor":54,"Tiny House":0,"Strawberry":23,"MealTicket":3,"Fusion Hammer":33,"Bag of Preparation":16,"Kunai":7,"Cracked Core":0,"Medical Kit":54}]},"card_choices":[{"not_picked":["Recycle","Lockon"],"picked":"Conserve Battery","floor":0},{"not_picked":["Rebound","Turbo"],"picked":"Cold Snap","floor":1},{"not_picked":["Conserve Battery","Coolheaded"],"picked":"Echo Form","floor":8},{"not_picked":["Coolheaded","Rip and Tear"],"picked":"Conserve Battery","floor":10},{"not_picked":["Rebound","Compile Driver"],"picked":"Multi-Cast","floor":12},{"not_picked":["Redo","Gash"],"picked":"Cold Snap","floor":13},{"not_picked":["Streamline","Cold Snap"],"picked":"Steam","floor":14},{"not_picked":["Meteor Strike","Rainbow"],"picked":"Thunder Strike","floor":16},{"not_picked":["Redo","Turbo"],"picked":"Beam Cell","floor":18},{"not_picked":["Turbo","Undo"],"picked":"Cold Snap","floor":19},{"not_picked":["Redo","Hologram"],"picked":"Go for the Eyes","floor":20},{"not_picked":["Loop","Lockon"],"picked":"Double Energy","floor":22}],"player_experience":466709,"relics_obtained":[{"floor":8,"key":"Blood Vial"},{"floor":9,"key":"Kunai"},{"floor":12,"key":"Bag of Preparation"},{"floor":14,"key":"Strawberry"}],"event_choices":[{"damage_healed":0,"gold_gain":0,"cards_transformed":["Defend_B"],"player_choice":"Change","damage_taken":0,"max_hp_gain":0,"max_hp_loss":0,"event_name":"Living Wall","floor":2,"gold_loss":0,"cards_obtained":["Sunder"]},{"damage_healed":0,"gold_gain":0,"player_choice":"Donut","damage_taken":0,"max_hp_gain":5,"max_hp_loss":0,"event_name":"Big Fish","floor":3,"gold_loss":0},{"damage_healed":0,"gold_gain":0,"player_choice":"Success","damage_taken":7,"relics_obtained":["MealTicket"],"max_hp_gain":0,"max_hp_loss":0,"event_name":"Scrap Ooze","floor":4,"gold_loss":0},{"damage_healed":0,"gold_gain":175,"player_choice":"AGREE","damage_taken":0,"max_hp_gain":0,"max_hp_loss":0,"event_name":"Liars Game","floor":7,"gold_loss":0,"cards_obtained":["Doubt"]}],"is_beta":false,"boss_relics":[{"not_picked":["Runic Pyramid","Philosopher\u0027s Stone"],"picked":"Fusion Hammer"}],"items_purged_floors":[],"is_endless":false,"potions_floor_spawned":[1,10,12,20,22],"killed_by":"Book of Stabbing","ascension_level":11}}