{"host":"fhq3k2nq5elnbks3","time":1608723613,"event":{"mods":["2.2 Compatiblity","AchievementEnabler","Act Like it!","AlwaysNeverKeys","Aspiration","Astrologer","Bard","BaseMod","Better Altar","Better Vampires","Better-Laid Plans","Block Reminder","CCEM","CapriCore","Card Filter","Colored Powertips","Conspire","Displayed Cursed Tome","Downfall","Ekko","Eldritch Tears","Energized Spire","Fiend Mod","Fireblade Mod","Friendly Minions","FutureSeer","GifTheSpireLib","Gremlin Mod","Gremlin Skip","GungeonMod","Halation","Hermit","HololiveMod","Hubris","Hunter ??","Infinite Spire","Ironclad Rager","JesterMod","Koishi","Mad Scientist","Magitek Elite","Marisa????????","Mathemortician","Minty Spire (QoL Compilation)","Onozuka Komachi Mod","Pale of the Ancients","Permanent Neow","Potionbrewer","Prisma Mod","QueenMod","Quick Restart","Reimu??????","Relic Filter","Remilia??????","Replay The Spire","Robot Space Explorer","Ruin Mod","Shop Mod","Somnambulant","Spikes Relics","StSLib","Stuff the Spire","SuperFastMode","Td1madao Mod","The Blackbeard","The Cursed","The Death Knight","The Druid","The Exordian Avenger","The Factory","The Fake Hero","The Florist","The Gatherer","The Hierophant","The Jungle","The Marked","The Necromancer","The Runesmith","The Servant 0.9.4","The Trickster","The Valiant","The Wild Card","The Witch","TheBandit","Trackpad","Transform Curses","Uncapped","Unknown Chances","Wandering Minibosses","Yuri Mod","thorton","vexMod"],"gold_per_floor":[117,117,117,117,117,117,117,117,143,172,198,198],"floor_reached":11,"playtime":373,"items_purged":[],"score":127,"play_id":"3d839874-2f0a-47f6-ab4a-e6d7ea84b90f","local_time":"20201223054013","daily_mods":["Vintage","Heirloom","Time Dilation","Flight"],"is_ascension_mode":false,"campfire_choices":[{"data":"ScarletShoot","floor":6,"key":"SMITH"},{"data":"Strike_RM","floor":7,"key":"SMITH"}],"circlet_count":0,"master_deck":["Strike_RM","Strike_RM","Strike_RM+1","Strike_RM","Defend_RM","Defend_RM","Defend_RM","Defend_RM","RedMoon+1","ScarletShoot+1"],"relics":["ScarletHat","Ice Cream","DemoMod:GlassGuonStoneRelic","hubris:TenFootPole","halation:PinkSoulGem","aspiration:BabyByrd","vexMod:MemoryStick","halation:BlackBeret","DemoMod:LamentConfigurum"],"acts_visited":["Exordium"],"potions_floor_usage":[],"damage_taken":[{"damage":0,"enemies":"Jaw Worm","floor":1,"turns":3},{"damage":0,"enemies":"3 Sentries","floor":10,"turns":9},{"damage":0,"enemies":"Lagavulin","floor":11,"turns":7}],"seed_played":"8994949215442683119","potions_obtained":[{"floor":1,"key":"GamblersBrew"},{"floor":10,"key":"champ:CounterPotion"}],"is_trial":true,"path_per_floor":["M","?","?","$","?","R","R","?","T","E","E"],"character_chosen":"REMILIA","items_purchased":[],"campfire_rested":0,"item_purchase_floors":[],"current_hp_per_floor":[75,75,75,75,75,75,75,75,75,75,75,75],"gold":198,"neow_bonus":"","is_daily":false,"chose_seed":false,"campfire_upgraded":2,"win_rate":0.0,"timestamp":1608723613,"path_taken":["M","?","?","?","?","R","R","?","T","E","E"],"items_purchased_type":[],"build_version":"2020-12-22","purchased_purges":0,"victory":false,"max_hp_per_floor":[75,75,75,75,75,75,75,75,75,75,75,75],"card_choices":[{"not_picked":["TransientEternity","BadLadyScramble","SuperhumanBloodyKnife"],"picked":"SKIP","floor":10}],"player_experience":530605,"relics_obtained":[{"floor":1,"key":"hubris:TenFootPole"},{"floor":9,"key":"vexMod:MemoryStick"},{"floor":10,"key":"halation:BlackBeret"},{"floor":11,"key":"DemoMod:LamentConfigurum"}],"event_choices":[],"is_beta":false,"boss_relics":[],"items_purged_floors":[],"is_endless":false,"potions_floor_spawned":[1,10],"killed_by":"Lagavulin","ascension_level":0}}