{"host":"0vd2boh2oi7jm085","time":1608729444,"event":{"mods":["BaseMod","Colored Map","Colored Powertips","Highlight Path","Minty Spire (QoL Compilation)","Quick Restart","StSLib","The IronCluck"],"gold_per_floor":[118,118,136,151,151,151,301,311,311,311,311,329,351,351,351,428,428,446,446,446],"floor_reached":19,"playtime":303,"items_purged":[],"score":393,"play_id":"6e546f52-e399-4ebb-974f-9cac9bc662a1","local_time":"20201223051724","is_ascension_mode":true,"campfire_choices":[{"data":"Heavy Blade","floor":6.0,"key":"SMITH"},{"data":"Heavy Blade","floor":10.0,"key":"SMITH"},{"floor":15.0,"key":"REST"}],"circlet_count":0,"master_deck":["AscendersBane","Strike_R","Strike_R","Strike_R","Strike_R","Strike_R","Defend_R","Defend_R","Defend_R","Defend_R","Bash","Anger","Heavy Blade+1","Doubt","Heavy Blade+1","Demon Form","Limit Break","Thunderclap+1"],"relics":["Black Blood","Vajra","Eternal Feather","Odd Mushroom","Torii"],"acts_visited":["Exordium","TheCity"],"potions_floor_usage":[],"damage_taken":[{"damage":12.0,"enemies":"Jaw Worm","floor":1.0,"turns":2.0},{"damage":5.0,"enemies":"Small Slimes","floor":3.0,"turns":4.0},{"damage":1.0,"enemies":"2 Louse","floor":4.0,"turns":2.0},{"damage":6.0,"enemies":"Looter","floor":8.0,"turns":4.0},{"damage":15.0,"enemies":"Large Slime","floor":12.0,"turns":4.0},{"damage":29.0,"enemies":"The Mushroom Lair","floor":13.0,"turns":4.0},{"damage":0.0,"enemies":"Slime Boss","floor":16.0,"turns":5.0},{"damage":50.0,"enemies":"Spheric Guardian","floor":18.0,"turns":6.0},{"damage":0,"enemies":"3 Byrds","floor":19,"turns":1}],"seed_played":"-8210646376024411023","potions_obtained":[{"floor":1.0,"key":"Energy Potion"},{"floor":12.0,"key":"LiquidBronze"}],"is_trial":false,"path_per_floor":["M","?","M","M","?","R","?","M","T","R","?","M","?","T","R","B",null,"M","M"],"character_chosen":"IRONCLAD","items_purchased":[],"campfire_rested":1,"item_purchase_floors":[],"current_hp_per_floor":[62,62,63,68,73,73,73,73,73,80,80,71,48,48,80,80,80,42,42,42],"gold":446,"neow_bonus":"RANDOM_COMMON_RELIC","is_daily":false,"chose_seed":false,"campfire_upgraded":2,"win_rate":0.0,"timestamp":1608729444,"path_taken":["M","?","M","M","?","R","?","M","T","R","?","?","?","?","R","BOSS","M","M"],"items_purchased_type":[],"build_version":"2020-12-22","purchased_purges":0,"victory":false,"max_hp_per_floor":[75,75,75,75,80,80,80,80,80,80,80,80,80,80,80,80,80,80,80,80],"card_choices":[{"not_picked":["Rampage","Clothesline"],"picked":"Anger","floor":1.0},{"not_picked":["Body Slam","Pommel Strike"],"picked":"Heavy Blade","floor":3.0},{"not_picked":["Battle Trance","Twin Strike","True Grit"],"picked":"SKIP","floor":4.0},{"not_picked":["Twin Strike","Reckless Charge"],"picked":"Heavy Blade","floor":8.0},{"not_picked":["Fire Breathing","Dual Wield","Heavy Blade"],"picked":"SKIP","floor":12.0},{"not_picked":["Iron Wave","Rage"],"picked":"Demon Form","floor":13.0},{"not_picked":["Reaper","Juggernaut"],"picked":"Limit Break","floor":16.0},{"not_picked":["Armaments+1","Warcry"],"picked":"Thunderclap+1","floor":18.0}],"player_experience":102254,"relics_obtained":[{"floor":9.0,"key":"Eternal Feather"},{"floor":13.0,"key":"Odd Mushroom"},{"floor":14.0,"key":"Torii"}],"event_choices":[{"damage_healed":0.0,"max_hp_gain":0.0,"max_hp_loss":0.0,"gold_gain":0.0,"event_name":"Shining Light","player_choice":"Ignored","floor":2.0,"gold_loss":0.0,"damage_taken":0.0},{"damage_healed":0.0,"max_hp_gain":5.0,"max_hp_loss":0.0,"gold_gain":0.0,"event_name":"Big Fish","player_choice":"Donut","floor":5.0,"gold_loss":0.0,"damage_taken":0.0},{"damage_healed":0.0,"max_hp_gain":0.0,"max_hp_loss":0.0,"gold_gain":150.0,"event_name":"Liars Game","player_choice":"AGREE","floor":7.0,"gold_loss":0.0,"damage_taken":0.0,"cards_obtained":["Doubt"]},{"damage_healed":0.0,"max_hp_gain":0.0,"max_hp_loss":0.0,"gold_gain":0.0,"event_name":"The Cleric","player_choice":"Leave","floor":11.0,"gold_loss":0.0,"damage_taken":0.0},{"damage_healed":0.0,"max_hp_gain":0.0,"max_hp_loss":0.0,"gold_gain":0.0,"event_name":"Mushrooms","player_choice":"Fought Mushrooms","floor":13.0,"gold_loss":0.0,"damage_taken":0.0}],"is_beta":false,"boss_relics":[{"not_picked":["Cursed Key","SacredBark"],"picked":"Black Blood"}],"items_purged_floors":[],"is_endless":false,"potions_floor_spawned":[1,12,13],"killed_by":"3 Byrds","ascension_level":18}}