{"host":"vfg9szunmpjwj08o","time":1608761241,"event":{"mods":["Act Like it!","BaseMod","Challenge The Spire","Colored Map","Colored Powertips","Minty Spire (QoL Compilation)","StSLib","Waifu the Spire"],"gold_per_floor":[116,0,28,40,52,97,109,156,192,217,229,253,290,302,314,326,326],"floor_reached":16,"playtime":408,"items_purged":[],"score":279,"play_id":"eff13667-337e-47c3-b699-4ec8c4da3c67","local_time":"20201223230721","is_ascension_mode":true,"campfire_choices":[{"data":"Dualcast","floor":7,"key":"SMITH"},{"data":"Chaos","floor":11,"key":"SMITH"},{"data":"Chaos","floor":15,"key":"SMITH"}],"circlet_count":0,"master_deck":["AscendersBane","Strike_B","Strike_B","Strike_B","Strike_B","Defend_B","Defend_B","Defend_B","Defend_B","Zap+1","Dualcast+1","Gash","Machine Learning","Chaos+1","Chaos+1","Lockon"],"relics":["Cracked Core","NeowsBlessing","MawBank","Mango","Centennial Puzzle","Lantern","Dream Catcher","Golden Idol"],"acts_visited":["Exordium"],"potions_floor_usage":[8,12],"damage_taken":[{"damage":0,"enemies":"Jaw Worm","floor":1,"turns":1},{"damage":0,"enemies":"Cultist","floor":3,"turns":1},{"damage":0,"enemies":"Gremlin Nob","floor":6,"turns":1},{"damage":15,"enemies":"Lagavulin","floor":8,"turns":5},{"damage":2,"enemies":"2 Louse","floor":10,"turns":3},{"damage":14,"enemies":"Exordium Thugs","floor":12,"turns":3},{"damage":32,"enemies":"3 Sentries","floor":13,"turns":9},{"damage":17,"enemies":"The Guardian","floor":16,"turns":4}],"seed_played":"-4187377426312111851","potions_obtained":[{"floor":6,"key":"Weak Potion"},{"floor":10,"key":"FearPotion"},{"floor":12,"key":"DuplicationPotion"}],"is_trial":false,"path_per_floor":["M","?","M","$","?","E","R","E","T","M","R","M","E","?","R","B"],"character_chosen":"DEFECT","items_purchased":[],"campfire_rested":0,"item_purchase_floors":[],"current_hp_per_floor":[64,64,64,64,64,78,78,63,63,61,61,47,15,15,15,0,0],"gold":326,"neow_bonus":"THREE_ENEMY_KILL","is_daily":false,"chose_seed":false,"campfire_upgraded":3,"win_rate":0.0,"timestamp":1608761241,"path_taken":["M","?","M","?","?","E","R","E","T","?","R","M","E","?","R","BOSS"],"items_purchased_type":[],"build_version":"2020-12-22","purchased_purges":0,"victory":false,"max_hp_per_floor":[71,71,71,71,71,85,85,85,85,85,85,85,85,77,77,77,77],"card_choices":[{"not_picked":["Conserve Battery","White Noise","Reprogram"],"picked":"SKIP","floor":1},{"not_picked":["Fusion","Undo"],"picked":"Gash","floor":3},{"not_picked":["Beam Cell","Recycle"],"picked":"Machine Learning","floor":6},{"not_picked":["Loop","Coolheaded"],"picked":"Chaos","floor":8},{"not_picked":["Hologram","Sweeping Beam"],"picked":"Chaos","floor":10},{"not_picked":["Conserve Battery","Blizzard"],"picked":"Lockon","floor":12},{"not_picked":["Sunder","Melter","Redo"],"picked":"SKIP","floor":13}],"player_experience":1008215,"relics_obtained":[{"floor":6,"key":"Mango"},{"floor":8,"key":"Centennial Puzzle"},{"floor":9,"key":"Lantern"},{"floor":13,"key":"Dream Catcher"}],"event_choices":[{"damage_healed":0,"gold_gain":0,"player_choice":"Paid Gold","damage_taken":0,"relics_obtained":["MawBank"],"max_hp_gain":0,"max_hp_loss":0,"event_name":"WeMeetAgain","floor":2,"gold_loss":116},{"damage_healed":0,"gold_gain":0,"player_choice":"Upgraded","damage_taken":0,"max_hp_gain":0,"max_hp_loss":0,"event_name":"Upgrade Shrine","floor":5,"gold_loss":0,"cards_upgraded":["Zap"]},{"damage_healed":0,"gold_gain":0,"player_choice":"Lose Max HP","damage_taken":0,"relics_obtained":["Golden Idol"],"max_hp_gain":0,"max_hp_loss":8,"event_name":"Golden Idol","floor":14,"gold_loss":0}],"is_beta":false,"boss_relics":[],"items_purged_floors":[],"is_endless":false,"potions_floor_spawned":[6,10,12],"killed_by":"The Guardian","ascension_level":19}}