{"host":"3jpwrwmmgyabjceh","time":1608725531,"event":{"mods":["AchievementEnabler","BaseMod","Colored Map","Colored Powertips","Highlight Path","Minty Spire (QoL Compilation)","Quick Restart","StSLib"],"gold_per_floor":[110,128,147,159,159,159,176,190,214,225,225,225,225,238,238,338,338,357,357,340,355,355,355],"floor_reached":22,"playtime":702,"items_purged":[],"score":228,"play_id":"ad124187-e53d-415f-ac07-b14f353dd3b2","local_time":"20201223151211","is_ascension_mode":true,"campfire_choices":[{"data":"Juggernaut","floor":6,"key":"SMITH"},{"floor":12,"key":"REST"},{"data":"Flame Barrier","floor":15,"key":"SMITH"}],"circlet_count":0,"master_deck":["Strike_R","Strike_R","Strike_R","Strike_R","Defend_R+1","Defend_R","Defend_R","Defend_R","Bash","Juggernaut+1","Flame Barrier+1","Cleave","Body Slam+1","True Grit"],"relics":["Burning Blood","Boot","Mark of Pain","Regal Pillow"],"acts_visited":["Exordium","TheCity"],"potions_floor_usage":[4,16,16,18],"damage_taken":[{"damage":6,"enemies":"Cultist","floor":1,"turns":3},{"damage":4,"enemies":"Small Slimes","floor":2,"turns":4},{"damage":3,"enemies":"2 Louse","floor":3,"turns":3},{"damage":12,"enemies":"Red Slaver","floor":4,"turns":4},{"damage":14,"enemies":"3 Louse","floor":7,"turns":4},{"damage":15,"enemies":"2 Fungi Beasts","floor":8,"turns":4},{"damage":12,"enemies":"Exordium Wildlife","floor":10,"turns":4},{"damage":1,"enemies":"Exordium Thugs","floor":14,"turns":4},{"damage":22,"enemies":"The Guardian","floor":16,"turns":13},{"damage":18,"enemies":"Shell Parasite","floor":18,"turns":8},{"damage":24,"enemies":"2 Thieves","floor":20,"turns":4},{"damage":26,"enemies":"Shelled Parasite and Fungi","floor":21,"turns":5},{"damage":18,"enemies":"Cultist and Chosen","floor":22,"turns":4}],"seed_played":"-6146246614894681931","potions_obtained":[{"floor":3,"key":"Regen Potion"},{"floor":4,"key":"Ancient Potion"},{"floor":8,"key":"EssenceOfSteel"},{"floor":10,"key":"ColorlessPotion"},{"floor":16,"key":"ColorlessPotion"},{"floor":21,"key":"Strength Potion"}],"is_trial":false,"path_per_floor":["M","M","M","M","?","R","M","M","T","M","?","R","?","M","R","B",null,"M","?","M","M","M"],"character_chosen":"IRONCLAD","items_purchased":[],"campfire_rested":1,"item_purchase_floors":[],"current_hp_per_floor":[80,80,80,79,61,61,53,44,44,38,31,55,39,44,44,28,67,55,55,37,17,0,0],"gold":355,"neow_bonus":"ONE_RANDOM_RARE_CARD","is_daily":false,"chose_seed":false,"campfire_upgraded":2,"win_rate":0.0,"timestamp":1608725531,"path_taken":["M","M","M","M","?","R","M","M","T","M","?","R","?","M","R","BOSS","M","?","M","M","M"],"items_purchased_type":[],"build_version":"2020-12-22","purchased_purges":0,"victory":false,"max_hp_per_floor":[80,80,80,80,80,80,80,80,80,80,80,80,80,80,80,80,80,80,80,80,80,80,80],"card_choices":[{"not_picked":["Headbutt","Uppercut"],"picked":"Flame Barrier","floor":1},{"not_picked":["Thunderclap","Perfected Strike","Uppercut"],"picked":"SKIP","floor":2},{"not_picked":["Sever Soul","True Grit","Thunderclap"],"picked":"SKIP","floor":3},{"not_picked":["Burning Pact","Anger","Perfected Strike"],"picked":"SKIP","floor":4},{"not_picked":["Immolate","Havoc"],"picked":"Cleave","floor":7},{"not_picked":["Heavy Blade","Uppercut"],"picked":"Body Slam","floor":8},{"not_picked":["Flex","Havoc","Second Wind"],"picked":"SKIP","floor":10},{"not_picked":["Warcry","Wild Strike","Berserk"],"picked":"SKIP","floor":14},{"not_picked":["Havoc","Sever Soul","Whirlwind"],"picked":"SKIP","floor":18},{"not_picked":["Perfected Strike","Pommel Strike","Twin Strike"],"picked":"SKIP","floor":20},{"not_picked":["Burning Pact","Inflame+1"],"picked":"True Grit","floor":21}],"player_experience":253837,"relics_obtained":[],"event_choices":[{"damage_healed":0,"gold_gain":0,"player_choice":"Success","damage_taken":18,"relics_obtained":["Boot"],"max_hp_gain":0,"max_hp_loss":0,"event_name":"Scrap Ooze","floor":5,"gold_loss":0},{"cards_removed":["Strike_R"],"damage_healed":0,"gold_gain":0,"player_choice":"Card Removal","damage_taken":7,"max_hp_gain":0,"max_hp_loss":0,"event_name":"Golden Wing","floor":11,"gold_loss":0},{"damage_healed":0,"gold_gain":0,"player_choice":"Entered Light","damage_taken":16,"max_hp_gain":0,"max_hp_loss":0,"event_name":"Shining Light","floor":13,"gold_loss":0,"cards_upgraded":["Defend_R","Body Slam"]},{"damage_healed":0,"gold_gain":0,"player_choice":"Gave Potion","damage_taken":0,"relics_obtained":["Regal Pillow"],"max_hp_gain":0,"max_hp_loss":0,"event_name":"WeMeetAgain","floor":19,"gold_loss":0}],"is_beta":false,"boss_relics":[{"not_picked":["Pandora\u0027s Box","Black Star"],"picked":"Mark of Pain"}],"items_purged_floors":[],"is_endless":false,"potions_floor_spawned":[3,4,8,10,16,21],"killed_by":"Cultist and Chosen","ascension_level":5}}