{"host":"ymw71f7rc9ndansy","time":1608738542,"event":{"mods":["ATMod(°¢èªMod)","Act Like it!","Aspiration","BaseMod","DeckTracker","Hubris","Library of Ruina","Library of Ruina Extra","Minty Spire (QoL Compilation)","MostiFishMod","Remove Card Discount Mod","Replay The Spire","StSLib","TestMod","¡¾ÒÅÎï¿¨ÅÆ¡¿REMEMod","²ÐÁôÖ®Îï"],"gold_per_floor":[148,148,161,209,224,224,224],"floor_reached":6,"playtime":93,"items_purged":[],"score":101,"play_id":"6b9451dd-328c-40e4-9319-01f0a52e63f3","local_time":"20201223234902","is_ascension_mode":true,"campfire_choices":[],"circlet_count":0,"master_deck":["AscendersBane","Dodge","LightDefense","LightAttack","LightAttack","LightAttack","LightDefense","LightDefense","LightDefense","ChargeAndCover","FocusedStrikes","AT_BodySlamDance","DevaForm","Delirium","GutHarvesting","RushDown"],"relics":["PageOfLibrarian","testmod-TestBox","DaveBox","REME_ComplimentaryCards","AT_ATBox","FeatherPendant","testmod-Maize","hubris:Towel"],"acts_visited":["Exordium"],"potions_floor_usage":[],"damage_taken":[{"damage":0,"enemies":"2 Louse","floor":1,"turns":2},{"damage":0,"enemies":"Jaw Worm","floor":3,"turns":1},{"damage":0,"enemies":"Cultist","floor":4,"turns":1},{"damage":5,"enemies":"Looter","floor":5,"turns":2},{"damage":0,"enemies":"3 Sentries","floor":6,"turns":1}],"seed_played":"5500099364221166089","potions_obtained":[{"floor":1,"key":"Explosive Potion"},{"floor":5,"key":"PowerPotion"}],"is_trial":false,"path_per_floor":["M","?","M","M","M","E"],"character_chosen":"Librarian","items_purchased":[],"campfire_rested":0,"item_purchase_floors":[],"current_hp_per_floor":[54,54,54,54,49,49,49],"gold":224,"neow_bonus":"THREE_RARE_CARDS","is_daily":false,"chose_seed":false,"campfire_upgraded":0,"win_rate":0.0,"timestamp":1608738542,"path_taken":["M","?","M","M","M","E"],"items_purchased_type":[],"build_version":"2020-12-22","purchased_purges":0,"victory":false,"max_hp_per_floor":[60,60,76,76,76,76,76],"card_choices":[{"not_picked":["DaringDecision","ChargeUp"],"picked":"GutHarvesting","floor":0.0},{"not_picked":["Unlock1","FleetFootsteps","DriedUp","SilentNight","DesperateStruggle","AutonomousRush","Parry","RulesOfTheBackstreets","ExtractFuel"],"picked":"SKIP","floor":1},{"not_picked":["Unlock1","SetFire","PreemptiveStrike","Multislash","EnergyConversion","Outburst","Slice_lor","DriedUp"],"picked":"RushDown","floor":3},{"not_picked":["Outburst","HighKick","Endure","SummaryJudgment","UpbeatPerformance","Leap_lor","GuardingStance","Unlock1","DarkCloud"],"picked":"SKIP","floor":4},{"not_picked":["Track","Eject","SharpSwipe","IngredientHunt","Leap_lor","TendonChords","StartinOutLightly","UpbeatPerformance","ProselytesBlade"],"picked":"SKIP","floor":5}],"player_experience":987550,"relics_obtained":[],"event_choices":[],"is_beta":false,"boss_relics":[],"items_purged_floors":[],"is_endless":false,"potions_floor_spawned":[1,5],"killed_by":"3 Sentries","ascension_level":20}}