{"host":"7khtwbkyze7y134w","time":1608729861,"event":{"mods":["AchievementEnabler","BaseMod","Bestiary","Colored Map","Colored Powertips","Highlight Path","Minty Spire (QoL Compilation)","Quick Restart","Relic Stats","StSLib","SuperFastMode"],"gold_per_floor":[366,380,69,82,102,102,102,102,102,136,136,156,331,371,371,501,501,516,541,541,561,133,169,19,93,93,93,41,41,60,159,159,285,285,305,328,106,124,0,33,33,72,72,92,116,116,141,474,474,474,474,474,83,115,115,115],"floor_reached":55,"playtime":2406,"items_purged":["Doubt","Clumsy"],"score":778,"play_id":"2ebd852c-5980-4215-93da-9e7cd75a1a04","local_time":"20201223132421","is_ascension_mode":false,"campfire_choices":[{"data":"FlurryOfBlows","floor":6.0,"key":"SMITH"},{"data":"Eruption","floor":8.0,"key":"SMITH"},{"floor":11.0,"key":"REST"},{"floor":15.0,"key":"REST"},{"data":"Adaptation","floor":27,"key":"SMITH"},{"floor":29,"key":"REST"},{"floor":32,"key":"RECALL"},{"floor":41,"key":"REST"},{"floor":46,"key":"REST"},{"floor":49,"key":"REST"},{"data":"Parasite","floor":52,"key":"PURGE"}],"circlet_count":0,"master_deck":["Strike_P+1","Strike_P+1","Strike_P+1","Strike_P+1","Defend_P+1","Defend_P+1","Defend_P+1","Defend_P+1","Eruption+1","Vigilance","EmptyFist+1","Adaptation+1","InnerPeace","FlurryOfBlows+1","Indignation","FlurryOfBlows+1","Crescendo","EmptyBody","EmptyBody","EmptyFist+1","CurseOfTheBell","InnerPeace+1","InnerPeace","EmptyFist","TalkToTheHand+1","FearNoEvil","Halt"],"relics":["PureWater","Gremlin Horn","Tiny Chest","Mummified Hand","StoneCalendar","Busted Crown","Happy Flower","Regal Pillow","Incense Burner","Pear","Calling Bell","Nunchaku","Ornamental Fan","Peace Pipe","Whetstone","Red Mask","Calipers","Pantograph","Kunai","Juzu Bracelet","Strange Spoon","Bottled Tornado"],"acts_visited":["Exordium","TheCity","TheBeyond","TheEnding"],"potions_floor_usage":[23,23,36,40,44,54,55],"damage_taken":[{"damage":0.0,"enemies":"Cultist","floor":1.0,"turns":3.0},{"damage":0.0,"enemies":"Small Slimes","floor":2.0,"turns":3.0},{"damage":1.0,"enemies":"Jaw Worm","floor":4.0,"turns":3.0},{"damage":11.0,"enemies":"Gremlin Gang","floor":5.0,"turns":5.0},{"damage":16.0,"enemies":"3 Sentries","floor":10.0,"turns":7.0},{"damage":7.0,"enemies":"Blue Slaver","floor":12.0,"turns":3.0},{"damage":37.0,"enemies":"Gremlin Nob","floor":14.0,"turns":5.0},{"damage":13.0,"enemies":"Hexaghost","floor":16.0,"turns":7.0},{"damage":5.0,"enemies":"Spheric Guardian","floor":18.0,"turns":3.0},{"damage":26.0,"enemies":"Shell Parasite","floor":19.0,"turns":5.0},{"damage":10.0,"enemies":"3 Cultists","floor":21.0,"turns":5.0},{"damage":0,"enemies":"Slavers","floor":23,"turns":3},{"damage":21,"enemies":"Shelled Parasite and Fungi","floor":30,"turns":4},{"damage":49,"enemies":"Champ","floor":33,"turns":9},{"damage":9,"enemies":"3 Darklings","floor":35,"turns":4},{"damage":5,"enemies":"Orb Walker","floor":36,"turns":3},{"damage":27,"enemies":"4 Shapes","floor":38,"turns":5},{"damage":9,"enemies":"Giant Head","floor":40,"turns":7},{"damage":51,"enemies":"Nemesis","floor":42,"turns":7},{"damage":0,"enemies":"Writhing Mass","floor":44,"turns":3},{"damage":5,"enemies":"Jaw Worm Horde","floor":45,"turns":2},{"damage":18,"enemies":"Awakened One","floor":50,"turns":18},{"damage":25,"enemies":"Shield and Spear","floor":54,"turns":7},{"damage":82,"enemies":"The Heart","floor":55,"turns":5}],"seed_played":"-3948867799089537709","potions_obtained":[{"floor":1.0,"key":"Fire Potion"},{"floor":14.0,"key":"DuplicationPotion"},{"floor":16.0,"key":"GamblersBrew"},{"floor":19.0,"key":"SpeedPotion"},{"floor":21.0,"key":"Regen Potion"},{"floor":33,"key":"ColorlessPotion"},{"floor":36,"key":"Block Potion"},{"floor":42,"key":"Ambrosia"}],"is_trial":false,"path_per_floor":["M","M","$","M","M","R","?","R","T","E","R","M","?","E","R","B",null,"M","M","?","M","$","E","$","T","T","R","$","R","M","?","R","B",null,"M","M","$","M","?","E","R","E","T","M","M","R","T","?","R","B",null,"R","$","E","B"],"character_chosen":"WATCHER","items_purchased":["Gremlin Horn","Adaptation","Crescendo","Happy Flower","Regal Pillow","EmptyBody","EmptyFist","InnerPeace","Whetstone","FearNoEvil","BlessingOfTheForge","Fire Potion","Energy Potion","Strange Spoon","Halt"],"campfire_rested":6,"item_purchase_floors":[3,3,22,22,22,24,28,37,37,53,53,53,53,53,53],"current_hp_per_floor":[72,72,72,71,60,60,42,42,42,26,47,40,40,3,24,11,72,67,41,41,31,31,40,40,50,50,50,50,82,61,61,61,12,82,73,68,68,41,41,32,71,20,20,20,15,54,54,54,82,64,82,79,79,54,0,0],"gold":115,"neow_bonus":"TWO_FIFTY_GOLD","is_daily":false,"chose_seed":false,"campfire_upgraded":3,"win_rate":0.0,"timestamp":1608729861,"path_taken":["M","M","$","M","M","R","?","R","T","E","R","M","?","E","R","BOSS","M","M","?","M","?","E","$","?","T","R","$","R","?","?","R","BOSS","M","M","$","M","?","E","R","E","T","M","M","R","?","?","R","BOSS","R","$","E","BOSS"],"items_purchased_type":["Relic","Card","Card","Relic","Relic","Card","Card","Card","Relic","Card","Potion","Potion","Potion","Relic","Card"],"build_version":"2020-12-22","purchased_purges":2,"victory":false,"max_hp_per_floor":[72,72,72,72,72,72,72,72,72,72,72,72,72,72,72,72,72,72,72,72,72,72,72,72,82,82,82,82,82,82,82,82,82,82,82,82,82,82,82,82,82,82,82,82,82,82,82,82,82,82,82,79,79,79,79,79],"relic_stats":{"Regal Pillow":42,"Gremlin Horn":[22,22],"Happy Flower":[25],"counters":[24,126],"StoneCalendar":[136],"Juzu Bracelet":1,"Whetstone":["EmptyFist","EmptyFist"],"Peace Pipe":1,"Strange Spoon":[5],"Nunchaku":[28],"Busted Crown":30,"Mummified Hand":[20],"Ornamental Fan":[288],"Pantograph":25,"Tiny Chest":2,"Kunai":[45],"obtain_stats":[{"Regal Pillow":22,"Pear":25,"Calipers":40,"Gremlin Horn":3,"Happy Flower":22,"Golden Idol":7,"StoneCalendar":14,"Incense Burner":23,"Juzu Bracelet":47,"Whetstone":37,"Bottled Tornado":54,"Calling Bell":34,"Peace Pipe":34,"Strange Spoon":53,"Nunchaku":34,"Busted Crown":17,"Mummified Hand":10,"Ornamental Fan":34,"Pantograph":42,"Tiny Chest":9,"Red Mask":39,"Kunai":43,"PureWater":0},{"Regal Pillow":11,"Pear":12,"Calipers":18,"Gremlin Horn":2,"Happy Flower":11,"Golden Idol":4,"StoneCalendar":7,"Incense Burner":12,"Juzu Bracelet":21,"Whetstone":16,"Bottled Tornado":23,"Calling Bell":14,"Peace Pipe":14,"Strange Spoon":22,"Nunchaku":14,"Busted Crown":8,"Mummified Hand":5,"Ornamental Fan":14,"Pantograph":19,"Tiny Chest":4,"Red Mask":17,"Kunai":19,"PureWater":0},{"Regal Pillow":49,"Pear":52,"Calipers":84,"Gremlin Horn":6,"Happy Flower":49,"Golden Idol":14,"StoneCalendar":29,"Incense Burner":52,"Juzu Bracelet":96,"Whetstone":72,"Bottled Tornado":121,"Calling Bell":65,"Peace Pipe":65,"Strange Spoon":114,"Nunchaku":65,"Busted Crown":36,"Mummified Hand":21,"Ornamental Fan":65,"Pantograph":91,"Tiny Chest":14,"Red Mask":77,"Kunai":91,"PureWater":0}]},"card_choices":[{"not_picked":["WheelKick","FlyingSleeves"],"picked":"EmptyFist","floor":1.0},{"not_picked":["Consecrate","ForeignInfluence","SignatureMove"],"picked":"SKIP","floor":2.0},{"not_picked":["SpiritShield","JustLucky"],"picked":"InnerPeace","floor":4.0},{"not_picked":["Wireheading","Meditate"],"picked":"FlurryOfBlows","floor":5.0},{"not_picked":["Protect","Evaluate","SashWhip"],"picked":"SKIP","floor":10.0},{"not_picked":["BowlingBash","FlyingSleeves","Halt"],"picked":"SKIP","floor":12.0},{"not_picked":["Protect","FlyingSleeves"],"picked":"Indignation","floor":14.0},{"not_picked":["Evaluate"],"picked":"SKIP","floor":18.0},{"not_picked":["LikeWater+1"],"picked":"SKIP","floor":19.0},{"not_picked":[],"picked":"FlurryOfBlows+1","floor":21.0},{"not_picked":[],"picked":"EmptyBody","floor":23},{"not_picked":["SashWhip"],"picked":"SKIP","floor":30},{"not_picked":["Protect+1"],"picked":"SKIP","floor":35},{"not_picked":[],"picked":"InnerPeace+1","floor":36},{"not_picked":[],"picked":"EmptyFist","floor":38},{"not_picked":["ReachHeaven+1"],"picked":"SKIP","floor":40},{"not_picked":["ReachHeaven+1"],"picked":"SKIP","floor":40},{"not_picked":["ThirdEye+1"],"picked":"SKIP","floor":42},{"not_picked":["Meditate+1"],"picked":"SKIP","floor":44},{"not_picked":["Meditate+1"],"picked":"SKIP","floor":44},{"not_picked":[],"picked":"TalkToTheHand+1","floor":45},{"not_picked":["Protect+1"],"picked":"SKIP","floor":54},{"not_picked":["Protect+1"],"picked":"SKIP","floor":54}],"player_experience":40951,"relics_obtained":[{"floor":9.0,"key":"Tiny Chest"},{"floor":10.0,"key":"Mummified Hand"},{"floor":14.0,"key":"StoneCalendar"},{"floor":23,"key":"Incense Burner"},{"floor":25,"key":"Pear"},{"floor":34,"key":"Nunchaku"},{"floor":34,"key":"Ornamental Fan"},{"floor":34,"key":"Peace Pipe"},{"floor":40,"key":"Calipers"},{"floor":42,"key":"Pantograph"},{"floor":43,"key":"Kunai"},{"floor":47,"key":"Juzu Bracelet"},{"floor":54,"key":"Bottled Tornado"}],"event_choices":[{"damage_healed":0.0,"max_hp_gain":0.0,"max_hp_loss":0.0,"gold_gain":0.0,"event_name":"Golden Idol","player_choice":"Take Damage","floor":7.0,"gold_loss":0.0,"damage_taken":18.0,"relics_obtained":["Golden Idol"]},{"damage_healed":0.0,"max_hp_gain":0.0,"max_hp_loss":0.0,"gold_gain":175.0,"event_name":"Liars Game","player_choice":"AGREE","floor":13.0,"gold_loss":0.0,"damage_taken":0.0,"cards_obtained":["Doubt"]},{"damage_healed":0.0,"max_hp_gain":0.0,"max_hp_loss":0.0,"gold_gain":0.0,"event_name":"Back to Basics","player_choice":"Simplicity","floor":20.0,"gold_loss":0.0,"damage_taken":0.0,"cards_upgraded":["Strike_P","Strike_P","Strike_P","Strike_P","Defend_P","Defend_P","Defend_P","Defend_P"]},{"damage_healed":0,"gold_gain":99,"player_choice":"Stole From Cult","damage_taken":0,"max_hp_gain":0,"max_hp_loss":0,"event_name":"Nest","floor":31,"gold_loss":0},{"damage_healed":0,"gold_gain":0,"player_choice":"Paid","damage_taken":0,"relics_obtained":["Red Mask"],"max_hp_gain":0,"max_hp_loss":0,"event_name":"Tomb of Lord Red Mask","floor":39,"gold_loss":124},{"damage_healed":0,"gold_gain":333,"player_choice":"Gave Idol","damage_taken":0,"max_hp_gain":0,"max_hp_loss":0,"event_name":"The Moai Head","floor":48,"relics_lost":["Golden Idol"],"gold_loss":0}],"is_beta":false,"boss_relics":[{"not_picked":["Velvet Choker","Ectoplasm"],"picked":"Busted Crown"},{"not_picked":["Astrolabe","Empty Cage"],"picked":"Calling Bell"}],"items_purged_floors":[22,24],"is_endless":false,"potions_floor_spawned":[1,14,16,19,21,33,36,42],"killed_by":"The Heart","ascension_level":0}}