{"host":"na09lpbrez4gbfiz","time":1608718063,"event":{"mods":["Act Like it!","BaseMod","BetterRewards","Colored Map","Colored Powertips","DeckTracker","Googly Eyes","Highlight Path","Minty Spire (QoL Compilation)","Quick Restart","Spicy Shops","StSLib","SuperFastMode","Synergy Search"],"gold_per_floor":[115,127,127,127,143,175,175,193,262,262,294,294,323,333,333,333,333],"floor_reached":16,"playtime":395,"items_purged":[],"score":180,"play_id":"0a9aad02-398e-4a87-9e4e-1857265b9379","local_time":"20201223110743","is_ascension_mode":true,"campfire_choices":[{"data":"Bash","floor":7.0,"key":"SMITH"},{"floor":10.0,"key":"REST"},{"floor":12,"key":"REST"},{"data":"Infernal Blade","floor":15,"key":"SMITH"}],"circlet_count":0,"master_deck":["AscendersBane","Strike_R","Strike_R","Strike_R","Strike_R","Strike_R","Defend_R","Defend_R","Defend_R","Defend_R","Bash+1","Cleave","Shockwave","Second Wind","Flex","Blood for Blood","Infernal Blade+1"],"relics":["Burning Blood","Centennial Puzzle","Bird Faced Urn","Pen Nib","Gremlin Horn","Letter Opener","Happy Flower"],"acts_visited":["Exordium"],"potions_floor_usage":[11,14,14,16],"damage_taken":[{"damage":6.0,"enemies":"Cultist","floor":1.0,"turns":4.0},{"damage":7.0,"enemies":"Jaw Worm","floor":2.0,"turns":3.0},{"damage":6.0,"enemies":"2 Louse","floor":5.0,"turns":2.0},{"damage":28.0,"enemies":"Gremlin Nob","floor":6.0,"turns":5.0},{"damage":18.0,"enemies":"Lots of Slimes","floor":8.0,"turns":3.0},{"damage":5,"enemies":"3 Sentries","floor":11,"turns":3},{"damage":29,"enemies":"Gremlin Nob","floor":13,"turns":4},{"damage":11,"enemies":"Looter","floor":14,"turns":2},{"damage":52,"enemies":"The Guardian","floor":16,"turns":7}],"seed_played":"-5151163548137085015","potions_obtained":[{"floor":1.0,"key":"GamblersBrew"},{"floor":8.0,"key":"SteroidPotion"},{"floor":11,"key":"Explosive Potion"},{"floor":13,"key":"Swift Potion"}],"is_trial":false,"path_per_floor":["M","M","?","?","M","E","R","M","T","R","E","R","E","M","R","B"],"character_chosen":"IRONCLAD","items_purchased":[],"campfire_rested":2,"item_purchase_floors":[],"current_hp_per_floor":[72,71,68,68,68,46,46,34,34,58,59,80,57,52,52,0,0],"gold":333,"neow_bonus":"RANDOM_COMMON_RELIC","is_daily":false,"chose_seed":false,"campfire_upgraded":2,"win_rate":0.0,"timestamp":1608718063,"path_taken":["M","?","?","?","M","E","R","M","T","R","E","R","E","?","R","BOSS"],"items_purchased_type":[],"build_version":"2020-12-22","purchased_purges":0,"victory":false,"max_hp_per_floor":[80,80,80,80,80,80,80,80,80,80,80,80,80,80,80,80,80],"card_choices":[{"not_picked":["Clothesline","Havoc"],"picked":"Cleave","floor":1.0},{"not_picked":["Perfected Strike","Thunderclap"],"picked":"Shockwave","floor":2.0},{"not_picked":["Heavy Blade","Sword Boomerang"],"picked":"Second Wind","floor":5.0},{"not_picked":["Cleave","Clash","Sword Boomerang"],"picked":"SKIP","floor":6.0},{"not_picked":["Heavy Blade","Pummel"],"picked":"Flex","floor":8.0},{"not_picked":["Evolve","Sword Boomerang","Perfected Strike"],"picked":"SKIP","floor":11},{"not_picked":["Twin Strike","Thunderclap"],"picked":"Blood for Blood","floor":13},{"not_picked":["Pummel","Flame Barrier"],"picked":"Infernal Blade","floor":14}],"player_experience":241325,"relics_obtained":[{"floor":6.0,"key":"Pen Nib"},{"floor":9.0,"key":"Gremlin Horn"},{"floor":11,"key":"Letter Opener"},{"floor":13,"key":"Happy Flower"}],"event_choices":[{"damage_healed":0.0,"max_hp_gain":0.0,"max_hp_loss":0.0,"gold_gain":0.0,"event_name":"Scrap Ooze","player_choice":"Success","floor":3.0,"gold_loss":0.0,"damage_taken":3.0,"relics_obtained":["Bird Faced Urn"]},{"damage_healed":0.0,"max_hp_gain":0.0,"max_hp_loss":0.0,"gold_gain":0.0,"event_name":"Match and Keep!","player_choice":"0 cards matched","floor":4.0,"gold_loss":0.0,"damage_taken":0.0,"cards_obtained":[]}],"is_beta":false,"boss_relics":[],"items_purged_floors":[],"is_endless":false,"potions_floor_spawned":[1,8,11,13],"killed_by":"The Guardian","ascension_level":10}}