{"host":"52jmisti11ysmja4","time":1608756040,"event":{"mods":["Aspiration","BaseMod","Better Third Choice","Hermit","Koishi","Minty Spire (QoL Compilation)","Remove Card Discount Mod","Shade Mod","StSLib","The Cursed","The Servant 0.9.4","The Vixen"],"gold_per_floor":[111,129,279,294,294,294,294,294],"floor_reached":7,"playtime":221,"items_purged":[],"score":82,"play_id":"02c11ca5-7405-40fc-a961-6ba8c68c9d6b","local_time":"20201223124040","is_ascension_mode":true,"campfire_choices":[{"data":"Infernal Blade","floor":6,"key":"SMITH"}],"circlet_count":0,"master_deck":["AscendersBane","Strike_R","Strike_R","Strike_R","Strike_R","Strike_R","Defend_R","Defend_R","Defend_R","Defend_R","Bash","Cleave","Headbutt","Doubt","Shrug It Off","Writhe","Infernal Blade+1"],"relics":["Burning Blood","NeowsBlessing"],"acts_visited":["Exordium"],"potions_floor_usage":[7,7],"damage_taken":[{"damage":0,"enemies":"Jaw Worm","floor":1,"turns":1},{"damage":0,"enemies":"Small Slimes","floor":2,"turns":1},{"damage":0,"enemies":"Cultist","floor":4,"turns":1},{"damage":28,"enemies":"Lagavulin","floor":7,"turns":7}],"seed_played":"-51992115473779778","potions_obtained":[{"floor":1,"key":"BlessingOfTheForge"},{"floor":2,"key":"PowerPotion"}],"is_trial":false,"path_per_floor":["M","M","?","M","?","R","E"],"character_chosen":"IRONCLAD","items_purchased":[],"campfire_rested":0,"item_purchase_floors":[],"current_hp_per_floor":[74,75,75,75,75,75,47,47],"gold":294,"neow_bonus":"THREE_ENEMY_KILL","is_daily":false,"chose_seed":false,"campfire_upgraded":1,"win_rate":0.0,"timestamp":1608756040,"path_taken":["M","M","?","M","?","R","E"],"items_purchased_type":[],"build_version":"2020-12-22","purchased_purges":0,"victory":false,"max_hp_per_floor":[75,75,75,75,75,75,75,75],"card_choices":[{"not_picked":["Blood for Blood","Thunderclap"],"picked":"Cleave","floor":1},{"not_picked":["Shockwave","Intimidate"],"picked":"Headbutt","floor":2},{"not_picked":["Wild Strike","Metallicize"],"picked":"Shrug It Off","floor":4}],"player_experience":605555,"relics_obtained":[],"event_choices":[{"damage_healed":0,"gold_gain":150,"player_choice":"AGREE","damage_taken":129,"max_hp_gain":0,"max_hp_loss":0,"event_name":"betterThird:BetterSerpent","floor":3,"gold_loss":0},{"damage_healed":0,"gold_gain":0,"player_choice":"2 cards matched","damage_taken":0,"max_hp_gain":0,"max_hp_loss":0,"event_name":"Match and Keep!","floor":5,"gold_loss":0,"cards_obtained":["Writhe","Infernal Blade"]}],"is_beta":false,"boss_relics":[],"items_purged_floors":[],"is_endless":false,"potions_floor_spawned":[1,2,4],"killed_by":"Lagavulin","ascension_level":20}}