{"host":"qdfumeom6htv8yxl","time":1608743652,"event":{"mods":["AchievementEnabler","BaseMod","Block Reminder","Minty Spire (QoL Compilation)","Quick Restart","Relic Stats"],"gold_per_floor":[219,50,50,225,225,225,235,235,262,295,308,308,308,351,351,474,474,474,474,399,399,399,399,399,399,399,399,399,20,20,20,20,20,20,20,0,0,0,0,0,0,0,0,0,0,0,0,0,0,0],"floor_reached":51,"playtime":14327,"items_purged":["Decay"],"score":1104,"play_id":"5c801e1d-7d2f-44b0-b419-9cd28e00b087","local_time":"20201223111412","is_ascension_mode":true,"campfire_choices":[{"data":"Apotheosis","floor":6.0,"key":"SMITH"},{"data":"Zap","floor":8.0,"key":"SMITH"},{"data":"Genetic Algorithm","floor":12.0,"key":"SMITH"},{"data":"Gash","floor":15.0,"key":"SMITH"},{"floor":24.0,"key":"REST"},{"floor":30.0,"key":"REST"},{"floor":32.0,"key":"REST"},{"floor":40.0,"key":"REST"},{"data":"Reboot","floor":47,"key":"SMITH"},{"data":"Defragment","floor":49,"key":"SMITH"}],"circlet_count":0,"master_deck":["AscendersBane","Strike_B","Strike_B","Strike_B","Defend_B","Defend_B","Defend_B","Defend_B","Zap+1","Dualcast","Gash+1","Apotheosis+1","Auto Shields","Cold Snap","Genetic Algorithm+1","Gash","All For One","Gash","Skim","Beam Cell","Self Repair+1","BootSequence","Defragment+1","Rebound","Reboot+1","Streamline","Beam Cell","Hologram"],"relics":["Cracked Core","Bag of Preparation","Art of War","Golden Idol","Bird Faced Urn","Ectoplasm","Mummified Hand","Cables","Sundial","Oddly Smooth Stone","Black Star","Red Mask","CaptainsWheel","PreservedInsect","MealTicket","Pen Nib","Ancient Tea Set","Unceasing Top"],"acts_visited":["Exordium","TheCity","TheBeyond"],"potions_floor_usage":[50,50],"damage_taken":[{"damage":3.0,"enemies":"Jaw Worm","floor":1.0,"turns":4.0},{"damage":0.0,"enemies":"2 Louse","floor":7.0,"turns":2.0},{"damage":9.0,"enemies":"Lagavulin","floor":10.0,"turns":7.0},{"damage":8.0,"enemies":"Small Slimes","floor":11.0,"turns":3.0},{"damage":3.0,"enemies":"Gremlin Nob","floor":14.0,"turns":3.0},{"damage":30.0,"enemies":"Hexaghost","floor":16.0,"turns":11.0},{"damage":19.0,"enemies":"3 Byrds","floor":18.0,"turns":5.0},{"damage":5.0,"enemies":"Shell Parasite","floor":19.0,"turns":5.0},{"damage":25.0,"enemies":"Snecko","floor":22.0,"turns":6.0},{"damage":6.0,"enemies":"Snake Plant","floor":23.0,"turns":3.0},{"damage":5.0,"enemies":"Cultist and Chosen","floor":25.0,"turns":4.0},{"damage":8.0,"enemies":"Sentry and Sphere","floor":31.0,"turns":5.0},{"damage":33.0,"enemies":"Collector","floor":33.0,"turns":8.0},{"damage":0.0,"enemies":"Orb Walker","floor":35.0,"turns":2.0},{"damage":12.0,"enemies":"3 Darklings","floor":37.0,"turns":4.0},{"damage":34.0,"enemies":"Sphere and 2 Shapes","floor":38.0,"turns":5.0},{"damage":25.0,"enemies":"2 Orb Walkers","floor":39.0,"turns":5.0},{"damage":0.0,"enemies":"Giant Head","floor":41.0,"turns":5.0},{"damage":27.0,"enemies":"Reptomancer","floor":44.0,"turns":4.0},{"damage":11.0,"enemies":"4 Shapes","floor":45.0,"turns":4.0},{"damage":3,"enemies":"Writhing Mass","floor":46,"turns":5},{"damage":0,"enemies":"Transient","floor":48,"turns":5},{"damage":51,"enemies":"Time Eater","floor":50,"turns":10}],"seed_played":"3009690028833870700","potions_obtained":[{"floor":1.0,"key":"AttackPotion"},{"floor":10.0,"key":"DuplicationPotion"},{"floor":16.0,"key":"Strength Potion"},{"floor":18.0,"key":"Block Potion"},{"floor":22.0,"key":"Weak Potion"},{"floor":23.0,"key":"LiquidBronze"},{"floor":25.0,"key":"SkillPotion"},{"floor":37.0,"key":"Energy Potion"},{"floor":41.0,"key":"Explosive Potion"},{"floor":44.0,"key":"Dexterity Potion"}],"is_trial":false,"path_per_floor":["M","$","?","?","?","R","M","R","T","E","M","R","?","E","R","B",null,"M","M","?","T","M","M","R","M","T","T","?","$","R","M","R","B",null,"M","?","M","M","?","R","E","$","T","E","M","M","R","M","R","B",null],"character_chosen":"DEFECT","items_purchased":["Apotheosis","Oddly Smooth Stone","BootSequence","Defragment"],"campfire_rested":4,"item_purchase_floors":[2,29,29,29],"current_hp_per_floor":[65,65,70,70,70,70,70,70,70,61,53,53,53,50,50,20,61,42,37,37,37,12,6,28,23,23,23,23,23,45,49,71,52,69,74,74,74,50,39,61,74,74,74,57,60,71,71,74,74,35],"gold":0,"neow_bonus":"HUNDRED_GOLD","is_daily":false,"chose_seed":false,"campfire_upgraded":6,"win_rate":0.0,"timestamp":1608743652,"path_taken":["M","$","?","?","?","R","M","R","T","E","M","R","?","E","R","BOSS","M","M","?","?","M","?","R","M","T","?","?","$","R","M","R","BOSS","BOSS","M","?","M","M","?","R","E","?","T","E","M","M","R","?","R","BOSS"],"items_purchased_type":["Card","Relic","Card","Card"],"build_version":"2020-12-22","purchased_purges":1,"victory":true,"max_hp_per_floor":[75,75,80,80,80,80,80,80,80,80,80,80,74,74,74,74,74,74,74,74,74,74,74,74,74,74,74,74,74,74,74,74,74,74,74,74,74,74,74,74,74,74,74,74,74,74,74,74,74,74],"relic_stats":{"counters":[23,115],"Golden Idol":190,"PreservedInsect":63,"Pen Nib":[9],"Bag of Preparation":[42],"Cables":[47,31,16,0,0],"Mummified Hand":[26],"Sundial":[10],"Bird Faced Urn":[33],"MealTicket":0,"Ectoplasm":509,"Art of War":[2],"Black Star":2,"obtain_stats":[{"Golden Idol":13,"Oddly Smooth Stone":29,"PreservedInsect":41,"Pen Nib":43,"Bag of Preparation":9,"Ancient Tea Set":44,"Cables":26,"CaptainsWheel":39,"Mummified Hand":21,"Sundial":27,"Bird Faced Urn":14,"MealTicket":41,"Ectoplasm":17,"Art of War":10,"Black Star":34,"Red Mask":36,"Cracked Core":0,"Unceasing Top":44},{"Golden Idol":4,"Oddly Smooth Stone":11,"PreservedInsect":18,"Pen Nib":18,"Bag of Preparation":2,"Ancient Tea Set":19,"Cables":11,"CaptainsWheel":17,"Mummified Hand":8,"Sundial":11,"Bird Faced Urn":5,"MealTicket":18,"Ectoplasm":6,"Art of War":3,"Black Star":13,"Red Mask":14,"Cracked Core":0,"Unceasing Top":19},{"Golden Idol":16,"Oddly Smooth Stone":53,"PreservedInsect":87,"Pen Nib":87,"Bag of Preparation":6,"Ancient Tea Set":91,"Cables":53,"CaptainsWheel":82,"Mummified Hand":40,"Sundial":53,"Bird Faced Urn":19,"MealTicket":87,"Ectoplasm":30,"Art of War":13,"Black Star":66,"Red Mask":68,"Cracked Core":0,"Unceasing Top":91}],"Unceasing Top":[27]},"card_choices":[{"not_picked":["Lockon","Storm"],"picked":"Gash","floor":1.0},{"not_picked":["Barrage","Hello World"],"picked":"Auto Shields","floor":7.0},{"not_picked":["Undo","Go for the Eyes"],"picked":"Cold Snap","floor":10.0},{"not_picked":["Conserve Battery","Consume"],"picked":"Genetic Algorithm","floor":11.0},{"not_picked":["Barrage","Conserve Battery"],"picked":"Gash","floor":14.0},{"not_picked":["Seek","Multi-Cast"],"picked":"All For One","floor":16.0},{"not_picked":["Stack","Undo"],"picked":"Gash","floor":18.0},{"not_picked":["Doom and Gloom","Chaos"],"picked":"Skim","floor":19.0},{"not_picked":["Rip and Tear","Hello World"],"picked":"Beam Cell","floor":22.0},{"not_picked":["Stack","Ball Lightning","Hello World"],"picked":"SKIP","floor":23.0},{"not_picked":["Barrage+1","Redo"],"picked":"Self Repair+1","floor":25.0},{"not_picked":["Streamline","Steam"],"picked":"Rebound","floor":31.0},{"not_picked":["Biased Cognition","Meteor Strike"],"picked":"Reboot","floor":33.0},{"not_picked":["Steam Power+1","Rebound"],"picked":"Streamline","floor":35.0},{"not_picked":["Auto Shields+1","Self Repair","Leap"],"picked":"SKIP","floor":37.0},{"not_picked":["Glacier","Turbo"],"picked":"Beam Cell","floor":38.0},{"not_picked":["Coolheaded","Streamline"],"picked":"Hologram","floor":39.0},{"not_picked":["Leap","Turbo","Rip and Tear"],"picked":"SKIP","floor":41.0},{"not_picked":["Reinforced Body","Steam Power+1","Double Energy"],"picked":"SKIP","floor":44.0},{"not_picked":["Streamline","Ball Lightning","Heatsinks"],"picked":"SKIP","floor":45.0},{"not_picked":["Coolheaded","Reboot","Stack+1"],"picked":"SKIP","floor":46},{"not_picked":["Melter","Streamline","Stack"],"picked":"SKIP","floor":48}],"player_experience":1483415,"relics_obtained":[{"floor":9.0,"key":"Bag of Preparation"},{"floor":10.0,"key":"Art of War"},{"floor":14.0,"key":"Bird Faced Urn"},{"floor":21.0,"key":"Mummified Hand"},{"floor":26.0,"key":"Cables"},{"floor":27.0,"key":"Sundial"},{"floor":39.0,"key":"CaptainsWheel"},{"floor":41.0,"key":"PreservedInsect"},{"floor":41.0,"key":"MealTicket"},{"floor":43.0,"key":"Pen Nib"},{"floor":44.0,"key":"Ancient Tea Set"},{"floor":44.0,"key":"Unceasing Top"}],"event_choices":[{"damage_healed":0.0,"max_hp_gain":5.0,"max_hp_loss":0.0,"gold_gain":0.0,"event_name":"Big Fish","player_choice":"Donut","floor":3.0,"gold_loss":0.0,"damage_taken":0.0},{"damage_healed":0.0,"max_hp_gain":0.0,"max_hp_loss":0.0,"gold_gain":175.0,"event_name":"Liars Game","player_choice":"AGREE","floor":4.0,"gold_loss":0.0,"damage_taken":0.0,"cards_obtained":["Doubt"]},{"cards_removed":["Doubt"],"damage_healed":0.0,"max_hp_gain":0.0,"max_hp_loss":0.0,"gold_gain":0.0,"event_name":"Living Wall","player_choice":"Forget","floor":5.0,"gold_loss":0.0,"damage_taken":0.0},{"damage_healed":0.0,"max_hp_gain":0.0,"max_hp_loss":6.0,"gold_gain":0.0,"event_name":"Golden Idol","player_choice":"Lose Max HP","floor":13.0,"gold_loss":0.0,"damage_taken":0.0,"relics_obtained":["Golden Idol"]},{"cards_removed":["Strike_B"],"damage_healed":0.0,"max_hp_gain":0.0,"max_hp_loss":0.0,"gold_gain":0.0,"event_name":"Beggar","player_choice":"Gave Gold","floor":20.0,"gold_loss":75.0,"damage_taken":0.0},{"damage_healed":0.0,"max_hp_gain":0.0,"max_hp_loss":0.0,"gold_gain":0.0,"event_name":"Wheel of Change","player_choice":"Cursed","floor":28.0,"gold_loss":0.0,"damage_taken":0.0,"cards_obtained":["Decay"]},{"damage_healed":0.0,"max_hp_gain":0.0,"max_hp_loss":0.0,"gold_gain":0.0,"event_name":"Tomb of Lord Red Mask","player_choice":"Paid","floor":36.0,"gold_loss":20.0,"damage_taken":0.0,"relics_obtained":["Red Mask"]},{"damage_healed":0.0,"max_hp_gain":0.0,"max_hp_loss":0.0,"gold_gain":0.0,"event_name":"Mysterious Sphere","player_choice":"Fight","floor":39.0,"gold_loss":0.0,"damage_taken":0.0}],"is_beta":false,"boss_relics":[{"not_picked":["Fusion Hammer","SacredBark"],"picked":"Ectoplasm"},{"not_picked":["Cursed Key","Velvet Choker"],"picked":"Black Star"}],"items_purged_floors":[29],"is_endless":false,"potions_floor_spawned":[1,10,16,18,22,23,25,37,41,44,45],"ascension_level":12}}