{"host":"w4b7hmige5bnqipq","time":1608730778,"event":{"mods":["BaseMod","Minty Spire (QoL Compilation)","Rare Cards Sparkle","SuperFastMode","everything is the same but u backflip on backflip","slay the spire mod where everything is the same but ironclad has a cowboy hat"],"gold_per_floor":[119,119,130,130,205,235,253,253,253,278,289,289,321,336,336,413,413,426,261,461,476,169,169,169,169],"floor_reached":24,"playtime":615,"items_purged":["Strike_R","Strike_R"],"score":435,"play_id":"e436d9dc-0779-44d8-ac2a-0f892fa77e46","local_time":"20201223223938","is_ascension_mode":true,"campfire_choices":[{"data":"Seeing Red","floor":12.0,"key":"SMITH"},{"data":"Hemokinesis","floor":15.0,"key":"SMITH"},{"data":"Corruption","floor":23.0,"key":"SMITH"}],"circlet_count":0,"master_deck":["AscendersBane","Strike_R","Strike_R","Strike_R","Defend_R","Defend_R","Defend_R","Defend_R","Bash","Uppercut+1","Cleave","Seeing Red+1","Power Through","Hemokinesis+1","Carnage","Corruption+1","Rupture","Bloodletting","Master of Strategy"],"relics":["Black Blood","NeowsBlessing","Art of War","Kunai","Pantograph","Odd Mushroom","Red Skull"],"acts_visited":["TheCity"],"potions_floor_usage":[],"damage_taken":[{"damage":0.0,"enemies":"Jaw Worm","floor":1.0,"turns":1.0},{"damage":0.0,"enemies":"2 Louse","floor":3.0,"turns":1.0},{"damage":0.0,"enemies":"3 Sentries","floor":6.0,"turns":1.0},{"damage":14.0,"enemies":"Small Slimes","floor":7.0,"turns":4.0},{"damage":15.0,"enemies":"The Mushroom Lair","floor":10.0,"turns":4.0},{"damage":8.0,"enemies":"Looter","floor":11.0,"turns":3.0},{"damage":14.0,"enemies":"Gremlin Nob","floor":13.0,"turns":4.0},{"damage":7.0,"enemies":"2 Fungi Beasts","floor":14.0,"turns":2.0},{"damage":51.0,"enemies":"The Guardian","floor":16.0,"turns":11.0},{"damage":30.0,"enemies":"Spheric Guardian","floor":18.0,"turns":5.0},{"damage":26.0,"enemies":"Chosen","floor":21.0,"turns":6.0},{"damage":36,"enemies":"Gremlin Leader","floor":24,"turns":5}],"seed_played":"-1358445920621678442","potions_obtained":[{"floor":1.0,"key":"FearPotion"},{"floor":6.0,"key":"DuplicationPotion"},{"floor":13.0,"key":"ElixirPotion"},{"floor":21.0,"key":"ElixirPotion"}],"is_trial":false,"path_per_floor":["M","?","M","?","?","E","M","T","T","?","M","R","E","M","R","B",null,"M","$","?","M","$","R","E"],"character_chosen":"IRONCLAD","items_purchased":["Bloodletting","Master of Strategy"],"campfire_rested":0,"item_purchase_floors":[19,22],"current_hp_per_floor":[74,79,80,80,69,75,67,67,67,58,56,56,48,47,47,27,67,49,49,49,35,35,35,0,0],"gold":169,"neow_bonus":"THREE_ENEMY_KILL","is_daily":false,"chose_seed":false,"campfire_upgraded":3,"win_rate":0.0,"timestamp":1608730778,"path_taken":["M","?","M","?","?","E","M","?","T","?","M","R","E","M","R","BOSS","M","$","?","M","$","R","E"],"items_purchased_type":["Card","Card"],"build_version":"2020-12-22","purchased_purges":2,"victory":false,"max_hp_per_floor":[75,80,80,80,80,80,80,80,80,80,80,80,80,80,80,80,80,80,80,80,80,80,80,80,80],"card_choices":[{"not_picked":["Heavy Blade","Cleave"],"picked":"Uppercut","floor":1.0},{"not_picked":["Anger","Ghostly Armor"],"picked":"Cleave","floor":3.0},{"not_picked":["Burning Pact","Juggernaut"],"picked":"Seeing Red","floor":6.0},{"not_picked":["Headbutt","Heavy Blade"],"picked":"Power Through","floor":7.0},{"not_picked":["Anger","Cleave"],"picked":"Hemokinesis","floor":10.0},{"not_picked":["True Grit","Warcry","Headbutt"],"picked":"SKIP","floor":11.0},{"not_picked":["Clothesline","Bloodletting"],"picked":"Carnage","floor":13.0},{"not_picked":["Sword Boomerang","Fire Breathing","Iron Wave"],"picked":"SKIP","floor":14.0},{"not_picked":["Fiend Fire","Brutality"],"picked":"Corruption","floor":16.0},{"not_picked":["Cleave","Pommel Strike"],"picked":"Rupture","floor":18.0},{"not_picked":["Perfected Strike","Berserk","Metallicize"],"picked":"SKIP","floor":21.0}],"player_experience":418927,"relics_obtained":[{"floor":6.0,"key":"Art of War"},{"floor":8.0,"key":"Kunai"},{"floor":9.0,"key":"Pantograph"},{"floor":10.0,"key":"Odd Mushroom"},{"floor":13.0,"key":"Red Skull"}],"event_choices":[{"damage_healed":0.0,"max_hp_gain":5.0,"max_hp_loss":0.0,"gold_gain":0.0,"event_name":"Big Fish","player_choice":"Donut","floor":2.0,"gold_loss":0.0,"damage_taken":0.0},{"damage_healed":0.0,"max_hp_gain":0.0,"max_hp_loss":0.0,"gold_gain":0.0,"event_name":"Living Wall","player_choice":"Grow","floor":4.0,"gold_loss":0.0,"damage_taken":0.0,"cards_upgraded":["Uppercut"]},{"damage_healed":0.0,"max_hp_gain":0.0,"max_hp_loss":0.0,"gold_gain":75.0,"event_name":"World of Goop","player_choice":"Gather Gold","floor":5.0,"gold_loss":0.0,"damage_taken":11.0},{"damage_healed":0.0,"max_hp_gain":0.0,"max_hp_loss":0.0,"gold_gain":0.0,"event_name":"Mushrooms","player_choice":"Fought Mushrooms","floor":10.0,"gold_loss":0.0,"damage_taken":0.0},{"damage_healed":0.0,"max_hp_gain":0.0,"max_hp_loss":0.0,"gold_gain":250.0,"event_name":"The Joust","player_choice":"Bet on Owner","floor":20.0,"gold_loss":50.0,"damage_taken":0.0}],"is_beta":false,"boss_relics":[{"not_picked":["Tiny House","Pandora\u0027s Box"],"picked":"Black Blood"}],"items_purged_floors":[19,22],"is_endless":false,"potions_floor_spawned":[1,6,11,13,21],"killed_by":"Gremlin Leader","ascension_level":18}}