{"host":"qzpuxnheibnu7155","time":1608708504,"event":{"mods":["Act Like it!","BaseMod","Displayed Cursed Tome","Minty Spire (QoL Compilation)","MostiFishMod","Pale of the Ancients","Remilia（蕾米莉亚）","RumiaBox-露米娅的神秘盒子","StSLib","TestMod","Waifu the Spire","【功能Mod】Neow奖励","【遗物卡牌】REMEMod","没有小屋子和绿帽子啦"],"gold_per_floor":[16,32,47,47,47,47,47],"floor_reached":6,"playtime":330,"items_purged":[],"score":122,"play_id":"eff75fb3-3f34-47ec-8624-5034bd9ef86a","local_time":"20201223152824","is_ascension_mode":true,"campfire_choices":[],"circlet_count":0,"master_deck":["AscendersBane","Strike_RM","Strike_RM","Strike_RM","Strike_RM","Defend_RM","Defend_RM","Defend_RM","Defend_RM","RedMoon","ScarletShoot","ScarletCoffin","Violence","ScarletImprint","ScarletDevil","RedNightlessCastle"],"relics":["ScarletHat","DaveBox","testmod-TestBox","REME_ComplimentaryCards","testmod-Justice","DianDianMeat","testmod-OneHitWonder","Baka","Strawberry"],"acts_visited":["Exordium"],"potions_floor_usage":[],"damage_taken":[{"damage":13,"enemies":"Jaw Worm","floor":1,"turns":9},{"damage":5,"enemies":"2 Louse","floor":2,"turns":3},{"damage":0,"enemies":"Cultist","floor":3,"turns":3},{"damage":0,"enemies":"3 Sentries","floor":6,"turns":1}],"seed_played":"-4382482914727909779","potions_obtained":[{"floor":2,"key":"AttackPotion"},{"floor":3,"key":"BlessingOfTheForge"}],"is_trial":false,"path_per_floor":["M","M","M","$","?","E"],"character_chosen":"REMILIA","items_purchased":[],"campfire_rested":0,"item_purchase_floors":[],"current_hp_per_floor":[59,64,69,69,69,69,69],"gold":47,"neow_bonus":"THREE_RARE_CARDS","is_daily":false,"chose_seed":false,"campfire_upgraded":0,"win_rate":0.0,"timestamp":1608708504,"path_taken":["M","M","M","$","?","E"],"items_purchased_type":[],"build_version":"2020-12-22","purchased_purges":0,"victory":false,"max_hp_per_floor":[73,113,117,117,117,117,117],"card_choices":[{"not_picked":["EquivalentExchange","BloodRain"],"picked":"ScarletCoffin","floor":0},{"not_picked":["ScarletNetherworld","BloodHunter"],"picked":"ScarletImprint","floor":1},{"not_picked":["VampireClaw","CharismaGuard"],"picked":"ScarletDevil","floor":2},{"not_picked":["DiffusionOfMisfortune","UnstableMagic"],"picked":"RedNightlessCastle","floor":3}],"player_experience":555390,"relics_obtained":[{"floor":1,"key":"testmod-OneHitWonder"},{"floor":1,"key":"Baka"},{"floor":2,"key":"Strawberry"}],"event_choices":[{"damage_healed":0,"gold_gain":0,"player_choice":"Ignored","damage_taken":0,"max_hp_gain":0,"max_hp_loss":0,"event_name":"Liars Game","floor":5,"gold_loss":0}],"is_beta":false,"boss_relics":[],"items_purged_floors":[],"is_endless":false,"potions_floor_spawned":[2,3],"killed_by":"3 Sentries","ascension_level":20}}