{"host":"soyfmymeou4emntr","time":1608698063,"event":{"mods":["BaseMod","Minty Spire (QoL Compilation)","Relic Sorter","Relic Stats","StSLib"],"gold_per_floor":[118,118,143,143,143,143,1,35,58,58,73,117,117,31,31,124,124,144,158,158,158,158,158],"floor_reached":22,"playtime":779,"items_purged":[],"score":430,"play_id":"172c2018-6825-452f-9f7e-c611717ba2f2","local_time":"20201222213423","is_ascension_mode":true,"campfire_choices":[{"data":"Zap","floor":6,"key":"SMITH"},{"data":"Loop","floor":13,"key":"SMITH"},{"data":"Defragment","floor":15,"key":"SMITH"}],"circlet_count":0,"master_deck":["AscendersBane","Strike_B","Strike_B","Strike_B","Strike_B","Defend_B","Defend_B","Defend_B","Defend_B","Zap+1","Dualcast","Gash+1","Self Repair","Go for the Eyes+1","Reinforced Body","Loop+1","All For One","Defragment+1","Buffer","Capacitor"],"relics":["Cracked Core","NeowsBlessing","Golden Idol","Toy Ornithopter","Whetstone","Juzu Bracelet","Coffee Dripper","Enchiridion"],"acts_visited":["Exordium","TheCity"],"potions_floor_usage":[16,22],"damage_taken":[{"damage":0,"enemies":"2 Louse","floor":1,"turns":1},{"damage":0,"enemies":"Small Slimes","floor":3,"turns":1},{"damage":0,"enemies":"3 Sentries","floor":8,"turns":1},{"damage":0,"enemies":"Cultist","floor":11,"turns":3},{"damage":25,"enemies":"Lagavulin","floor":12,"turns":6},{"damage":32,"enemies":"Slime Boss","floor":16,"turns":7},{"damage":36,"enemies":"3 Byrds","floor":18,"turns":5},{"damage":0,"enemies":"Spheric Guardian","floor":19,"turns":2},{"damage":56,"enemies":"Masked Bandits","floor":22,"turns":3}],"seed_played":"-2264375735674661884","potions_obtained":[{"floor":8,"key":"FocusPotion"},{"floor":18,"key":"Dexterity Potion"}],"is_trial":false,"path_per_floor":["M","?","M","?","?","R","$","E","T","?","M","E","R","$","R","B",null,"M","M","?","?","?"],"character_chosen":"DEFECT","items_purchased":["Melter","Go for the Eyes","Defragment"],"campfire_rested":0,"item_purchase_floors":[7,7,14],"current_hp_per_floor":[64,64,64,64,69,69,69,69,69,69,69,51,51,51,51,31,60,24,24,69,48,0,0],"gold":158,"neow_bonus":"THREE_ENEMY_KILL","is_daily":false,"chose_seed":false,"campfire_upgraded":3,"win_rate":0.0,"timestamp":1608698063,"path_taken":["M","?","M","?","?","R","$","E","T","?","M","E","R","$","R","BOSS","M","M","?","?","?"],"items_purchased_type":["Card","Card","Card"],"build_version":"2020-12-13","purchased_purges":0,"victory":false,"max_hp_per_floor":[71,64,64,64,69,69,69,69,69,69,69,69,69,69,69,69,69,69,69,69,69,69,69],"relic_stats":{"counters":[9,28],"Golden Idol":59,"Juzu Bracelet":1,"Whetstone":["Melter","Go for the Eyes"],"obtain_stats":[{"NeowsBlessing":0,"Golden Idol":2,"Enchiridion":21,"Juzu Bracelet":12,"Coffee Dripper":17,"Whetstone":9,"Cracked Core":0,"Toy Ornithopter":8},{"NeowsBlessing":0,"Golden Idol":1,"Enchiridion":8,"Juzu Bracelet":5,"Coffee Dripper":6,"Whetstone":3,"Cracked Core":0,"Toy Ornithopter":3},{"NeowsBlessing":0,"Golden Idol":1,"Enchiridion":25,"Juzu Bracelet":12,"Coffee Dripper":18,"Whetstone":3,"Cracked Core":0,"Toy Ornithopter":3}],"Toy Ornithopter":10},"card_choices":[{"not_picked":["Leap","Steam"],"picked":"Gash","floor":1},{"not_picked":["Go for the Eyes","Hologram"],"picked":"Self Repair","floor":3},{"not_picked":["Compile Driver","Turbo"],"picked":"Reinforced Body","floor":8},{"not_picked":["Rebound","Compile Driver"],"picked":"Loop","floor":11},{"not_picked":["Hologram","Conserve Battery"],"picked":"All For One","floor":12},{"not_picked":["Multi-Cast","Hyperbeam"],"picked":"Buffer","floor":16},{"not_picked":["Lockon","BootSequence"],"picked":"Capacitor","floor":18},{"not_picked":["Go for the Eyes","Redo","Hologram"],"picked":"SKIP","floor":19}],"player_experience":2618752,"relics_obtained":[{"floor":8,"key":"Toy Ornithopter"},{"floor":9,"key":"Whetstone"},{"floor":12,"key":"Juzu Bracelet"},{"floor":21,"key":"Enchiridion"}],"event_choices":[{"damage_healed":0,"gold_gain":0,"player_choice":"Lose Max HP","damage_taken":0,"relics_obtained":["Golden Idol"],"max_hp_gain":0,"max_hp_loss":7,"event_name":"Golden Idol","floor":2,"gold_loss":0},{"damage_healed":0,"gold_gain":0,"player_choice":"Grow","damage_taken":0,"max_hp_gain":0,"max_hp_loss":0,"event_name":"Living Wall","floor":4,"gold_loss":0,"cards_upgraded":["Gash"]},{"damage_healed":0,"gold_gain":0,"player_choice":"Donut","damage_taken":0,"max_hp_gain":5,"max_hp_loss":0,"event_name":"Big Fish","floor":5,"gold_loss":0},{"damage_healed":0,"gold_gain":0,"player_choice":"Ignored","damage_taken":0,"max_hp_gain":0,"max_hp_loss":0,"event_name":"Liars Game","floor":10,"gold_loss":0},{"cards_removed":["Melter"],"damage_healed":45,"gold_gain":0,"player_choice":"Offered Uncommon","damage_taken":0,"max_hp_gain":0,"max_hp_loss":0,"event_name":"Bonfire Elementals","floor":20,"gold_loss":0},{"damage_healed":0,"gold_gain":0,"player_choice":"Obtained Book","damage_taken":21,"max_hp_gain":0,"max_hp_loss":0,"event_name":"Cursed Tome","floor":21,"gold_loss":0},{"damage_healed":0,"gold_gain":0,"player_choice":"Fought Bandits","damage_taken":0,"max_hp_gain":0,"max_hp_loss":0,"event_name":"Masked Bandits","floor":22,"gold_loss":0}],"is_beta":false,"boss_relics":[{"not_picked":["Inserter","Ectoplasm"],"picked":"Coffee Dripper"}],"items_purged_floors":[],"is_endless":false,"potions_floor_spawned":[8,18],"killed_by":"Masked Bandits","ascension_level":20}}