{"host":"avq773cl9g5msfol","time":1608709811,"event":{"mods":["AchievementEnabler","Act Like it!","Ascension Unlocker","Aspiration","Astrologer","Bard","Bartender","BaseMod","Better Altar","Better Match","Better Note","Better Sensory Stone","Better Skull","Better Third Choice","BetterRewards","CapriCore","Colored Map","Colored Powertips","Conspire","Dio Mod","Elementarium","Energized Spire","Gensokyo","GifTheSpireLib","GungeonMod","Hallownest","Hermit","Highlight Path","Hubris","Humility","Infinite Spire","Koishi","Magitek Elite","Marisa????????","Marked Mod","Menagerie","Minty Spire (QoL Compilation)","Pale of the Ancients","Potionbrewer","Quarter Circle Forward PUNCH!","Rare Cards Sparkle","Reimu??????","Relic Stats","Remilia??????","Replay The Spire","SacredBarkPlus","Shade Mod","Somnambulant","Spicy Shops","StSLib","Synergy Search","The Bladedancer","The Blue Laboratory","The Bug Knight","The Construct","The Cursed","The Exalted","The Hayseed","The Hierophant","The Immortal","The Judge","The Mystic","The Problem Sleuth","The Runesmith","The Senshi","The Vixen","The Wild Card","TheArtist","TheFirefly","TheVacant","Wandering Minibosses","vexMod"],"gold_per_floor":[116,116,116,203,243,243,270,286,310,343,358,358,391,300,300,377,377,397,397,411,411,193,222,222,257,257,132,132,132,143,177,177,251,251,269,269,269,287,287,313,344,126,126,157,157,83,83,113,113,113,113],"floor_reached":52,"playtime":4471,"items_purged":["HollowMod:LordofShades+1"],"score":2537,"play_id":"cccf910b-478e-4e3f-8e3c-faf7f03ad553","local_time":"20201223145011","is_ascension_mode":true,"campfire_choices":[{"floor":6,"key":"REST"},{"data":"HollowMod:DungDefenderAura","floor":15,"key":"SMITH"},{"data":"HollowMod:HuntersJournal","floor":24,"key":"SMITH"},{"data":"Gensokyo:LittleGreenMen","floor":28,"key":"SMITH"},{"floor":32,"key":"REST"},{"data":"Gensokyo:SpontaneousHumanCombustion","floor":47,"key":"SMITH"},{"floor":49,"key":"REST"}],"circlet_count":0,"master_deck":["AscendersBane","HollowMod:FocusHealStart","HollowMod:PogoStrike","HollowMod:CycloneSlash+1","HollowMod:HuntersJournal+1","HollowMod:MantisMark+1","HollowMod:InfectedCysts+1","HollowMod:NewInfectedGuardian+1","HollowMod:LifebloodCore+1","HollowMod:CrystalDash+1","HollowMod:InfectedAttack+1","HollowMod:InfectionAssault+1","Master of Strategy+1","HollowMod:MothsMistake+1","HollowMod:DoubleDash+1","HollowMod:MothsMistake+1","Specialist+1","HollowMod:InfectedAttack+1","HollowMod:TaintedHusks+1","Sadistic Nature+1","HollowMod:DungDefenderAura+1","HollowMod:DoubleDash+1","HollowMod:HuntersJournal+1","Gensokyo:SpontaneousHumanCombustion+1","HollowMod:ZotesMagnificence+1","HollowMod:CloakDash+1","Gensokyo:LittleGreenMen+1","HollowMod:Hiveblood+1","HollowMod:DoubleDash+1","HollowMod:SlysStrikes+1","HollowMod:GoodIntentions","HollowMod:TaintedHusks"],"relics":["HollowMod:VesselMask","Quantum Egg","Golden Egg","Genji_Glove","conspire:TreasureMap","RuthlessExorcism:ReiMu","qcfpunch:Black_Training_Shirt","Juzu Bracelet","infinitespire:EmpoweringShard","OrangePellets","Membership Card","Thread and Needle","hubris:CuriousFeather","Gensokyo:CelestialsFlawlessClothing","Gensokyo:Bombinomicon","aspiration:FetidBarrel","aspiration:SneckoTail","Bromod:ArcaneTempo","infinitespire:Cupcake","infinitespire:Satchel","Tiny Chest","potionbrewer:MortarAndPestle","Regal Pillow","Empty Cage","WingedGreaves","vexMod:Dragonfruit","HollowMod:QueensCombRelic","Replay:Rubber Ducky","Gremlin Food","theSenshi:SuperSailorFukuRelic","qcfpunch:Chain_With_Nametags","vexMod:FocusSash","Strawberry"],"acts_visited":["Gensokyo:Gensokyo","Gensokyo:Gensokyoer","Gensokyo:Gensokyoest"],"potions_floor_usage":[20,20,30,33,50,50],"damage_taken":[{"damage":2,"enemies":"Gensokyo:3_Fairies","floor":1,"turns":3},{"damage":1,"enemies":"Gensokyo:Aya","floor":7,"turns":3},{"damage":0,"enemies":"Gensokyo:2_Kodama","floor":8,"turns":2},{"damage":0,"enemies":"Gensokyo:Mamizou","floor":10,"turns":3},{"damage":0,"enemies":"Gensokyo:Python","floor":11,"turns":1},{"damage":0,"enemies":"Gensokyo:Cirno","floor":13,"turns":4},{"damage":2,"enemies":"Gensokyo:Reimu","floor":16,"turns":4},{"damage":2,"enemies":"Gensokyo:CosmicMonolith","floor":18,"turns":2},{"damage":0,"enemies":"Gensokyo:3_Dogs","floor":20,"turns":1},{"damage":17,"enemies":"Gensokyo:Tenshi","floor":23,"turns":2},{"damage":0,"enemies":"Gensokyo:Koishi","floor":25,"turns":2},{"damage":0,"enemies":"Gensokyo:Chomper_and_Gloop","floor":30,"turns":3},{"damage":22,"enemies":"Gensokyo:Tenshi","floor":31,"turns":3},{"damage":45,"enemies":"Gensokyo:Eternal_Rivals","floor":33,"turns":5},{"damage":0,"enemies":"Gensokyo:3_Bats","floor":35,"turns":1},{"damage":0,"enemies":"Gensokyo:3_Boulders","floor":38,"turns":1},{"damage":6,"enemies":"Gensokyo:Doremy","floor":40,"turns":3},{"damage":2,"enemies":"Gensokyo:Kasen","floor":41,"turns":3},{"damage":9,"enemies":"Gensokyo:Doremy","floor":44,"turns":4},{"damage":20,"enemies":"Gensokyo:Marisa","floor":48,"turns":4},{"damage":6,"enemies":"Gensokyo:Shinki","floor":50,"turns":10},{"damage":19,"enemies":"Gensokyo:Yuyuko","floor":51,"turns":5}],"seed_played":"2873234388632593599","potions_obtained":[{"floor":16,"key":"Weak Potion"},{"floor":25,"key":"blueLaboratory:FruitPunch"},{"floor":31,"key":"Explosive Potion"},{"floor":33,"key":"potionbrewer:AcidPotion"},{"floor":44,"key":"blueLaboratory:CorrosionFlask"}],"is_trial":false,"path_per_floor":["M","?","?","?","?","R","E","M","T","E","M","?","E","COS","R","B",null,"M","?","M","?","COS","E","R","E","T","?","R","?","M","E","R","B",null,"M","?","T","M","?","E","E","$","T","E","?","COS","R","E","R","B","B",null],"character_chosen":"THE_BUGKNIGHT","items_purchased":["HollowMod:CycloneSlash","HollowMod:HuntersJournal","Genji_Glove","conspire:TreasureMap","HollowMod:CrystalDash","RuthlessExorcism:ReiMu","HollowMod:NewGlowingWomb","HollowMod:InfectedAttack","HollowMod:InfectionAssault","Master of Strategy","qcfpunch:Black_Training_Shirt","Juzu Bracelet","HollowMod:MothsMistake","HollowMod:DoubleDash","infinitespire:EmpoweringShard","HollowMod:MothsMistake","OrangePellets","Specialist","Membership Card","Swift Potion","Thread and Needle","HollowMod:InfectedAttack+1","potionbrewer:DiscountPotion","HollowMod:TaintedHusks","hubris:CuriousFeather","Sadistic Nature","theSenshi:SuperSailorFukuRelic","blueLaboratory:HeartbeatPotion"],"campfire_rested":3,"item_purchase_floors":[0,0,0,0,0,0,0,0,0,0,0,0,0,0,0,0,0,0,0,0,0,0,0,0,0,0,42,42],"current_hp_per_floor":[66,44,44,35,35,57,56,56,56,56,56,56,56,56,56,54,70,68,70,70,74,74,57,57,57,57,57,57,57,59,37,75,30,65,65,67,72,72,72,48,50,50,50,50,50,50,50,41,61,55,55],"gold":113,"neow_bonus":"","is_daily":false,"chose_seed":false,"campfire_upgraded":4,"win_rate":0.0,"timestamp":1608709811,"path_taken":["M","?","?","?","?","R","E","M","T","E","M","?","E","COS","R","BOSS","M","?","M","?","COS","E","R","E","T","?","R","?","M","E","R","BOSS","M","?","?","M","?","E","E","?","T","E","?","COS","R","E","R","BOSS","BOSS"],"items_purchased_type":["Card","Card","Relic","Relic","Card","Relic","Card","Card","Card","Card","Relic","Relic","Card","Card","Relic","Card","Relic","Card","Relic","Potion","Relic","Card","Potion","Card","Relic","Card","Relic","Potion"],"build_version":"2020-12-22","purchased_purges":1,"victory":true,"max_hp_per_floor":[75,75,75,75,75,75,75,75,75,75,75,75,75,75,75,75,75,75,75,75,75,75,75,75,75,75,75,75,75,77,77,77,77,77,77,77,82,82,82,54,54,54,54,54,54,54,54,61,61,61,61],"relic_stats":{"OrangePellets":[64],"Regal Pillow":17,"counters":[70,249],"Tiny Chest":1,"Juzu Bracelet":8,"obtain_stats":[{"Golden Egg":0,"infinitespire:BottledMercury":43,"Mark of the Bloom":38,"aspiration:SneckoTail":10,"Menagerie:HuntersKnife":3,"HollowMod:VesselMask":0,"DemoMod:GlassGuonStoneRelic":11,"wanderingMiniBosses:OtherGremlinHorn":11,"DemoMod:RiddleOfLead":36,"Replay:Wanted Poster":34,"DemoMod:SuperHotWatch":0,"Replay:Ringing Soul":26,"conspire:GlowingRock":6,"DemoMod:MonsterBlood":11,"DollysMirror":36,"vexMod:EndlessSickness":17,"Strawberry":48,"vexMod:RetaliationKit":31,"qcfpunch:Chain_With_Nametags":43,"Girya":9,"HollowMod:QueensCombRelic":40,"conspire:TreasureMap":0,"Happy Flower":0,"Choco_Feather":8,"Gensokyo:Bombinomicon":5,"wanderingMiniBosses:MasterThiefsPresence":22,"potionbrewer:MortarAndPestle":26,"War Paint":29,"aspiration:FrozenJewel":45,"OrangePellets":0,"Bird Faced Urn":0,"Bromod:ArcaneEnergize":34,"Pandora\u0027s Box":0,"ReplayTheSpireMod:TigerMarble":9,"infinitespire:EmpoweringShard":0,"artistmod:BlueBrush":0,"hermit:Momento":0,"infinitespire:Cupcake":17,"ReplayFunnel":4,"hubris:Metronome":8,"Regal Pillow":31,"theSenshi:SuperSailorFukuRelic":42,"StoneCalendar":40,"Juzu Bracelet":0,"Hallownest:DreamNailRelic":3,"Mythril_Glove":38,"DemoMod:WhiteGuonStone":25,"Empty Cage":34,"hubris:EvacipatedBox":4,"qcfpunch:Wild_Herbs_Ointment":23,"Replay:Rubber Ducky":40,"DemoMod:SevenLeafClover":0,"Frozen Eye":29,"Bromod:ArcaneTempo":13,"AntiCross":6,"Genji_Glove":0,"Tiny Chest":25,"hubris:CuriousFeather":0,"WingedGreaves":34,"Gremlin Food":54,"Hallownest:SalubrasBlessingRelic":10,"qcfpunch:Mixed_Paint_Bucket":0,"infinitespire:CursedDice":43,"aspiration:FetidBarrel":7,"aspiration:RunicSpoon":0,"Quantum Egg":2,"qcfpunch:Black_Training_Shirt":0,"Gensokyo:MosesMiracle":23,"Circlet":34,"vexMod:BerryBomb":28,"Thread and Needle":53,"infinitespire:FocusingShard":0,"DemoMod:PinkGuonStone":48,"aspiration:SecretTechniqueScroll":17,"vexMod:FocusSash":44,"Frozen Egg 2":13,"Gensokyo:CelestialsFlawlessClothing":2,"vexMod:Dragonfruit":37,"PureWhite:ReiMu":26,"Pondfish Scales":0,"vexMod:HeadHunter":0,"Gensokyo:DayTheSeaSplit":19,"infinitespire:Satchel":23,"Bottled Lightning":43,"Membership Card":0,"DemoMod:VorpalBullet":24,"RuthlessExorcism:ReiMu":0},{"Golden Egg":0,"infinitespire:BottledMercury":21,"Mark of the Bloom":42,"aspiration:SneckoTail":52,"Menagerie:HuntersKnife":26,"HollowMod:VesselMask":48,"DemoMod:GlassGuonStoneRelic":4,"wanderingMiniBosses:OtherGremlinHorn":30,"DemoMod:RiddleOfLead":42,"Replay:Wanted Poster":17,"DemoMod:SuperHotWatch":24,"Replay:Ringing Soul":11,"conspire:GlowingRock":2,"DemoMod:MonsterBlood":30,"DollysMirror":42,"vexMod:EndlessSickness":33,"Strawberry":68,"vexMod:RetaliationKit":16,"qcfpunch:Chain_With_Nametags":66,"Girya":3,"HollowMod:QueensCombRelic":65,"conspire:TreasureMap":48,"Happy Flower":24,"Choco_Feather":3,"Gensokyo:Bombinomicon":49,"wanderingMiniBosses:MasterThiefsPresence":10,"potionbrewer:MortarAndPestle":59,"War Paint":14,"aspiration:FrozenJewel":42,"OrangePellets":48,"Bird Faced Urn":24,"Bromod:ArcaneEnergize":41,"Pandora\u0027s Box":48,"ReplayTheSpireMod:TigerMarble":28,"infinitespire:EmpoweringShard":48,"artistmod:BlueBrush":0,"hermit:Momento":0,"infinitespire:Cupcake":55,"ReplayFunnel":26,"hubris:Metronome":28,"Regal Pillow":61,"theSenshi:SuperSailorFukuRelic":66,"StoneCalendar":20,"Juzu Bracelet":0,"Hallownest:DreamNailRelic":1,"Mythril_Glove":19,"DemoMod:WhiteGuonStone":39,"Empty Cage":62,"hubris:EvacipatedBox":26,"qcfpunch:Wild_Herbs_Ointment":37,"Replay:Rubber Ducky":65,"DemoMod:SevenLeafClover":0,"Frozen Eye":13,"Bromod:ArcaneTempo":54,"AntiCross":2,"Genji_Glove":24,"Tiny Chest":59,"hubris:CuriousFeather":48,"WingedGreaves":62,"Gremlin Food":47,"Hallownest:SalubrasBlessingRelic":3,"qcfpunch:Mixed_Paint_Bucket":24,"infinitespire:CursedDice":21,"aspiration:FetidBarrel":50,"aspiration:RunicSpoon":0,"Quantum Egg":1,"qcfpunch:Black_Training_Shirt":48,"Gensokyo:MosesMiracle":37,"Circlet":62,"vexMod:BerryBomb":39,"Thread and Needle":46,"infinitespire:FocusingShard":24,"DemoMod:PinkGuonStone":45,"aspiration:SecretTechniqueScroll":6,"vexMod:FocusSash":67,"Frozen Egg 2":31,"Gensokyo:CelestialsFlawlessClothing":49,"vexMod:Dragonfruit":63,"PureWhite:ReiMu":11,"Pondfish Scales":24,"vexMod:HeadHunter":0,"Gensokyo:DayTheSeaSplit":34,"infinitespire:Satchel":58,"Bottled Lightning":42,"Membership Card":48,"DemoMod:VorpalBullet":11,"RuthlessExorcism:ReiMu":48},{"Golden Egg":0,"infinitespire:BottledMercury":74,"Mark of the Bloom":163,"aspiration:SneckoTail":191,"Menagerie:HuntersKnife":89,"HollowMod:VesselMask":180,"DemoMod:GlassGuonStoneRelic":10,"wanderingMiniBosses:OtherGremlinHorn":106,"DemoMod:RiddleOfLead":163,"Replay:Wanted Poster":52,"DemoMod:SuperHotWatch":83,"Replay:Ringing Soul":34,"conspire:GlowingRock":6,"DemoMod:MonsterBlood":106,"DollysMirror":163,"vexMod:EndlessSickness":116,"Strawberry":234,"vexMod:RetaliationKit":45,"qcfpunch:Chain_With_Nametags":226,"Girya":9,"HollowMod:QueensCombRelic":221,"conspire:TreasureMap":180,"Happy Flower":83,"Choco_Feather":9,"Gensokyo:Bombinomicon":183,"wanderingMiniBosses:MasterThiefsPresence":29,"potionbrewer:MortarAndPestle":207,"War Paint":39,"aspiration:FrozenJewel":163,"OrangePellets":180,"Bird Faced Urn":83,"Bromod:ArcaneEnergize":160,"Pandora\u0027s Box":180,"ReplayTheSpireMod:TigerMarble":96,"infinitespire:EmpoweringShard":180,"artistmod:BlueBrush":0,"hermit:Momento":0,"infinitespire:Cupcake":200,"ReplayFunnel":89,"hubris:Metronome":96,"Regal Pillow":213,"theSenshi:SuperSailorFukuRelic":226,"StoneCalendar":71,"Juzu Bracelet":0,"Hallownest:DreamNailRelic":1,"Mythril_Glove":60,"DemoMod:WhiteGuonStone":147,"Empty Cage":218,"hubris:EvacipatedBox":89,"qcfpunch:Wild_Herbs_Ointment":139,"Replay:Rubber Ducky":223,"DemoMod:SevenLeafClover":0,"Frozen Eye":37,"Bromod:ArcaneTempo":196,"AntiCross":6,"Genji_Glove":83,"Tiny Chest":207,"hubris:CuriousFeather":180,"WingedGreaves":218,"Gremlin Food":171,"Hallownest:SalubrasBlessingRelic":9,"qcfpunch:Mixed_Paint_Bucket":83,"infinitespire:CursedDice":74,"aspiration:FetidBarrel":186,"aspiration:RunicSpoon":0,"Quantum Egg":1,"qcfpunch:Black_Training_Shirt":180,"Gensokyo:MosesMiracle":139,"Circlet":218,"vexMod:BerryBomb":147,"Thread and Needle":170,"infinitespire:FocusingShard":83,"DemoMod:PinkGuonStone":169,"aspiration:SecretTechniqueScroll":16,"vexMod:FocusSash":230,"Frozen Egg 2":110,"Gensokyo:CelestialsFlawlessClothing":183,"vexMod:Dragonfruit":219,"PureWhite:ReiMu":34,"Pondfish Scales":83,"vexMod:HeadHunter":0,"Gensokyo:DayTheSeaSplit":121,"infinitespire:Satchel":205,"Bottled Lightning":163,"Membership Card":180,"DemoMod:VorpalBullet":34,"RuthlessExorcism:ReiMu":180}]},"card_choices":[{"not_picked":["HollowMod:MonomonsArchive","HollowMod:SoulSplash","HollowMod:BaldurShell"],"picked":"SKIP","floor":1},{"not_picked":["HollowMod:ChannelNail","HollowMod:InfectedCysts","HollowMod:ShadowDash"],"picked":"SKIP","floor":7},{"not_picked":["HollowMod:GoodIntentions","HollowMod:SiblingsSouls"],"picked":"HollowMod:DungDefenderAura","floor":8},{"not_picked":["HollowMod:Grubsong","HollowMod:SoulStrike","HollowMod:RecoilStrike"],"picked":"SKIP","floor":10},{"not_picked":["HollowMod:SiblingsSouls","HollowMod:NewLittleFool"],"picked":"HollowMod:DoubleDash","floor":11},{"not_picked":["HollowMod:BrokenVessel","HollowMod:HowlingWraiths"],"picked":"HollowMod:HuntersJournal","floor":13},{"not_picked":["HollowMod:PureVessel","HollowMod:SoulMaster"],"picked":"HollowMod:ZotesMagnificence","floor":16},{"not_picked":["HollowMod:SharpenedNail","HollowMod:BaldurShell"],"picked":"HollowMod:CloakDash+1","floor":18},{"not_picked":["HollowMod:SharpenedShadows","HollowMod:WraithStrike","HollowMod:HowlingWraiths"],"picked":"SKIP","floor":20},{"not_picked":["HollowMod:SoulStrike","HollowMod:NewGlowingWomb","HollowMod:NewLittleFool"],"picked":"SKIP","floor":23},{"not_picked":["HollowMod:InfectionAssault+1","HollowMod:BrokenVessel"],"picked":"HollowMod:Hiveblood","floor":25},{"not_picked":["HollowMod:ShadowDash+1","HollowMod:VengefulVoid+1"],"picked":"HollowMod:DoubleDash+1","floor":27},{"not_picked":["HollowMod:VengefulVoid","HollowMod:CycloneSlash","HollowMod:InfectedCysts"],"picked":"SKIP","floor":30},{"not_picked":["HollowMod:Grubsong","HollowMod:ShapeofUnn","HollowMod:BaldurShell"],"picked":"SKIP","floor":31},{"not_picked":["HollowMod:Weaversong","HollowMod:LordofShades"],"picked":"HollowMod:SlysStrikes","floor":33},{"not_picked":["HollowMod:HeavyBlow+1","HollowMod:NewGlowingWomb","HollowMod:BrokenVessel"],"picked":"SKIP","floor":35},{"not_picked":["HollowMod:LifebloodCocoon","HollowMod:SiblingsShadow"],"picked":"HollowMod:GoodIntentions","floor":38},{"not_picked":["HollowMod:ElderbugsWisdom","HollowMod:InfectionAssault+1"],"picked":"HollowMod:TaintedHusks","floor":40},{"not_picked":["HollowMod:HowlingWraiths","HollowMod:InfectionAssault","HollowMod:InfectedAttack"],"picked":"SKIP","floor":41},{"not_picked":["HollowMod:FallenFury","HollowMod:CornifersMapStart","HollowMod:DreamGate"],"picked":"SKIP","floor":44},{"not_picked":["HollowMod:SharpenedNail","HollowMod:MonarchWings","HollowMod:SoulVessel"],"picked":"SKIP","floor":48}],"player_experience":1121937,"relics_obtained":[{"floor":7,"key":"aspiration:FetidBarrel"},{"floor":10,"key":"aspiration:SneckoTail"},{"floor":13,"key":"Bromod:ArcaneTempo"},{"floor":23,"key":"infinitespire:Satchel"},{"floor":25,"key":"Tiny Chest"},{"floor":26,"key":"potionbrewer:MortarAndPestle"},{"floor":31,"key":"Regal Pillow"},{"floor":37,"key":"vexMod:Dragonfruit"},{"floor":40,"key":"Replay:Rubber Ducky"},{"floor":41,"key":"Gremlin Food"},{"floor":43,"key":"qcfpunch:Chain_With_Nametags"},{"floor":44,"key":"vexMod:FocusSash"},{"floor":48,"key":"Strawberry"}],"event_choices":[{"damage_healed":0,"gold_gain":87,"player_choice":"GO ","damage_taken":10,"relics_obtained":[],"max_hp_gain":0,"max_hp_loss":0,"event_name":"betterSkull:BetterSkull","floor":4,"gold_loss":0,"cards_upgraded":[]},{"damage_healed":2,"gold_gain":0,"player_choice":"LEAVE ","damage_taken":0,"relics_obtained":[],"max_hp_gain":0,"max_hp_loss":0,"event_name":"betterSkull:BetterSkull","floor":19,"gold_loss":0,"cards_upgraded":[]},{"damage_healed":0,"gold_gain":0,"player_choice":"2","damage_taken":0,"max_hp_gain":0,"max_hp_loss":0,"event_name":"betterMatch:BetterMatch","floor":27,"gold_loss":0,"cards_obtained":["betterMatch:CommonCard"]},{"damage_healed":2,"gold_gain":0,"player_choice":"LEAVE ","damage_taken":0,"relics_obtained":[],"max_hp_gain":0,"max_hp_loss":0,"event_name":"betterSkull:BetterSkull","floor":36,"gold_loss":0,"cards_upgraded":[]}],"is_beta":false,"boss_relics":[{"not_picked":["vexMod:FluxCapacitor","HollowMod:VoidIdolRelic"],"picked":"infinitespire:Cupcake"},{"not_picked":["theSenshi:MoonKaleidoScopeRelic","Replay:Drink Me"],"picked":"Empty Cage"}],"items_purged_floors":[0],"is_endless":false,"potions_floor_spawned":[7,8,16,25,31,33,44,48],"ascension_level":20}}