{"host":"y76clbnovzmw9ubx","time":1608744194,"event":{"mods":["AchievementEnabler","BaseMod","Minty Spire (QoL Compilation)","Permanent Neow","Relic Stats"],"gold_per_floor":[113,137,157,177,147,183,183,183,183],"floor_reached":8,"playtime":972,"items_purged":[],"score":116,"play_id":"8648d035-7b45-4feb-9cc5-5d5d68b53670","local_time":"20201223122314","is_ascension_mode":true,"campfire_choices":[{"floor":7,"key":"REST"}],"circlet_count":0,"master_deck":["AscendersBane","Strike_G","Strike_G","Strike_G","Strike_G","Strike_G","Defend_G","Defend_G","Defend_G","Defend_G","Defend_G","Survivor","Neutralize","Flying Knee","Blur","Sucker Punch","Cloak And Dagger"],"relics":["Ring of the Snake","CeramicFish","MealTicket"],"acts_visited":["Exordium"],"potions_floor_usage":[6,8],"damage_taken":[{"damage":9,"enemies":"Jaw Worm","floor":1,"turns":8},{"damage":5,"enemies":"Cultist","floor":2,"turns":6},{"damage":0,"enemies":"2 Louse","floor":3,"turns":4},{"damage":2,"enemies":"Blue Slaver","floor":4,"turns":8},{"damage":35,"enemies":"3 Sentries","floor":6,"turns":19},{"damage":18,"enemies":"Lagavulin","floor":8,"turns":6}],"seed_played":"2025582792661397586","potions_obtained":[{"floor":4,"key":"Dexterity Potion"},{"floor":5,"key":"FearPotion"}],"is_trial":false,"path_per_floor":["M","M","M","M","?","E","R","E"],"character_chosen":"THE_SILENT","items_purchased":[],"campfire_rested":1,"item_purchase_floors":[],"current_hp_per_floor":[50,45,45,43,43,8,27,9,9],"gold":183,"neow_bonus":"RANDOM_COMMON_RELIC","is_daily":false,"chose_seed":false,"campfire_upgraded":0,"win_rate":0.0,"timestamp":1608744194,"path_taken":["M","M","M","M","?","E","R","E"],"items_purchased_type":[],"build_version":"2020-12-22","purchased_purges":0,"victory":false,"max_hp_per_floor":[66,66,66,66,66,66,66,66,66],"relic_stats":{"counters":[6,51],"CeramicFish":36,"MealTicket":0,"obtain_stats":[{"CeramicFish":0,"MealTicket":6,"Ring of the Snake":0},{"CeramicFish":0,"MealTicket":5,"Ring of the Snake":0},{"CeramicFish":0,"MealTicket":45,"Ring of the Snake":0}],"Ring of the Snake":[12]},"card_choices":[{"not_picked":["Acrobatics","Outmaneuver","Backflip"],"picked":"SKIP","floor":1},{"not_picked":["Bane","Dodge and Roll"],"picked":"Flying Knee","floor":2},{"not_picked":["Grand Finale","Expertise"],"picked":"Blur","floor":3},{"not_picked":["Underhanded Strike","Bouncing Flask"],"picked":"Sucker Punch","floor":4},{"not_picked":["Accuracy","Sucker Punch"],"picked":"Cloak And Dagger","floor":6}],"player_experience":2958473,"relics_obtained":[{"floor":6,"key":"MealTicket"}],"event_choices":[{"damage_healed":0,"gold_gain":0,"player_choice":"Bought 2 Potions","damage_taken":0,"max_hp_gain":0,"max_hp_loss":0,"event_name":"The Woman in Blue","floor":5,"gold_loss":0}],"is_beta":false,"boss_relics":[],"items_purged_floors":[],"is_endless":false,"potions_floor_spawned":[4],"killed_by":"Lagavulin","ascension_level":20}}