{"host":"qxtzqh2wotmxx3mc","time":1608699840,"event":{"mods":["AchievementEnabler","BaseMod","Better Altar","Better Note","Better Sensory Stone","Better Skull","Better Synergies","Better Third Choice","Better Vampires","Block Reminder","Displayed Cursed Tome","Minty Spire (QoL Compilation)","Quick Restart","Relic Stats","Replay The Spire","StSLib","The Marked","Trackpad","Wandering Minibosses"],"gold_per_floor":[116,134,88,107,107,138,138,138,190,209,209,209,209,226,226,323,323,339,339,101,101,176,176,6,6,6,19,19,19,30,47,47,147,147,157,157,207,226,245,245,278,278,352,352,402,402,74,85,85,85],"floor_reached":51,"playtime":2526,"items_purged":["Regret"],"score":796,"play_id":"09c25630-ec97-4a6b-bc0e-e95f78a7f0a6","local_time":"20201222210400","is_ascension_mode":false,"campfire_choices":[{"floor":7,"key":"REST"},{"data":"theMarked:BanishingWave","floor":11,"key":"SMITH"},{"floor":15,"key":"REST"},{"data":"theMarked:Defy","floor":23,"key":"SMITH"},{"data":"theMarked:RogueSparks","floor":25,"key":"SMITH"},{"data":"1","floor":29,"key":"LIFT"},{"data":"2","floor":32,"key":"LIFT"},{"floor":40,"key":"REST"},{"floor":42,"key":"REST"},{"floor":44,"key":"REST"},{"data":"theMarked:Parkour","floor":46,"key":"SMITH"},{"data":"3","floor":49,"key":"LIFT"}],"circlet_count":0,"master_deck":["theMarked:SoldierOfQuellstein","theMarked:Aftermath+1","theMarked:BanishingWave+1","theMarked:LightningStrikesTwice","theMarked:Frustration","theMarked:ResourceFulStrike","ConjureBlade+1","theMarked:WardOff","theMarked:ResourceFulStrike","theMarked:EnhancedHearing","theMarked:Defy+1","theMarked:KeepCalmAndFightOn","theMarked:FavorableWinds","theMarked:Levitate","theMarked:Challenge","theMarked:RogueSparks+1","theMarked:ComboAttacks","theMarked:TurnInvisible","theMarked:TakeCover","CurseOfTheBell","theMarked:SelfDefenseTraining+1","theMarked:SuspiciousRaven","theMarked:Electrocute","Pain","theMarked:BanishingStrike","Languid","theMarked:ChainLightning","theMarked:Aftermath+1","theMarked:ThrowWeapon","Voices","ReplayTheSpireMod:Doomed","Doubt","theMarked:Parkour","Madness","Madness","theMarked:Parkour+1","theMarked:Opportunist+1","theMarked:WardOff","theMarked:HeightenedSenses+1","Hallucinations","theMarked:WardOff+1"],"relics":["Tiny Chest","Akabeko","Darkstone Periapt","Replay:Grab Bag","ChewingGum","Cursed Key","Pandora\u0027s Box","Calling Bell","Centennial Puzzle","Ornamental Fan","trackpad:ToughGloves","Replay:Bottled Flurry","Replay:Baseball","Girya","Pear","Replay:Ancient Bell","Oddly Smooth Stone","Kunai","theMarked:KettuFlask","Mango","wanderingMiniBosses:ThiefScarf","theMarked:ArtifactOfAir","Replay:Mystery Machine","Chameleon Ring","trackpad:AdjectivePendant","Eternal Feather"],"acts_visited":["Exordium","TheCity","TheBeyond"],"potions_floor_usage":[6,30],"damage_taken":[{"damage":1,"enemies":"Cultist","floor":1,"turns":4},{"damage":1,"enemies":"Jaw Worm","floor":2,"turns":3},{"damage":12,"enemies":"Small Slimes","floor":4,"turns":3},{"damage":21,"enemies":"Lagavulin","floor":6,"turns":4},{"damage":1,"enemies":"Exordium Wildlife","floor":10,"turns":3},{"damage":8,"enemies":"Lots of Slimes","floor":14,"turns":3},{"damage":23,"enemies":"Fading Forest","floor":16,"turns":11},{"damage":14,"enemies":"3 Byrds","floor":18,"turns":4},{"damage":10,"enemies":"Chosen","floor":27,"turns":6},{"damage":0,"enemies":"Centurion and Healer","floor":30,"turns":3},{"damage":4,"enemies":"3 Cultists","floor":31,"turns":3},{"damage":43,"enemies":"Champ","floor":33,"turns":10},{"damage":30,"enemies":"3 Darklings","floor":35,"turns":4},{"damage":35,"enemies":"Mind Bloom Boss Battle","floor":37,"turns":4},{"damage":6,"enemies":"3 Shapes","floor":38,"turns":3},{"damage":4,"enemies":"Sphere and 2 Shapes","floor":39,"turns":3},{"damage":69,"enemies":"Nemesis","floor":41,"turns":7},{"damage":3,"enemies":"4 Shapes","floor":48,"turns":1},{"damage":42,"enemies":"Replay:Hell Engine","floor":50,"turns":11}],"seed_played":"2357995992132530181","potions_obtained":[{"floor":2,"key":"AttackPotion"},{"floor":6,"key":"Strength Potion"},{"floor":14,"key":"SteroidPotion"},{"floor":19,"key":"Cursed Concoction"},{"floor":19,"key":"Block Potion"},{"floor":33,"key":"Doom Potion"}],"is_trial":false,"path_per_floor":["M","M","$","M","?","E","R","?","T","M","R","?","T","M","R","B",null,"M","?","$","?","?","R","$","R","T","M","T","R","M","M","R","B",null,"M","?","?","M","M","R","E","R","T","R","T","R","$","M","R","B",null],"character_chosen":"THE_DEFAULT","items_purchased":["theMarked:Frustration","Replay:Bottled Flurry","Replay:Baseball","theMarked:Electrocute","Eternal Feather"],"campfire_rested":5,"item_purchase_floors":[3,20,24,24,47],"current_hp_per_floor":[69,68,68,56,42,21,42,42,42,41,41,41,41,33,54,41,76,62,62,62,62,55,55,55,55,61,51,67,67,67,63,63,20,116,86,71,50,44,40,79,10,49,55,95,101,101,101,101,125,86],"gold":85,"neow_bonus":"THREE_CARDS","is_daily":false,"chose_seed":false,"campfire_upgraded":4,"win_rate":0.0,"timestamp":1608699840,"path_taken":["M","M","?","M","?","E","R","?","T","?","R","?","?","M","R","BOSS","M","?","$","?","?","R","$","R","T","M","?","R","?","M","R","BOSS","M","?","?","M","M","R","E","R","T","R","?","R","?","M","R","BOSS"],"items_purchased_type":["Card","Relic","Relic","Card","Relic"],"build_version":"2020-12-13","purchased_purges":1,"victory":true,"max_hp_per_floor":[70,70,70,70,70,70,70,70,70,70,70,70,70,70,70,70,76,76,76,76,76,76,76,76,76,82,82,98,98,98,98,98,98,116,116,116,130,130,130,130,130,130,136,136,142,142,142,142,142,142],"relic_stats":{"Darkstone Periapt":48,"Centennial Puzzle":[35],"counters":[19,89],"Ornamental Fan":[76],"Tiny Chest":3,"Pandora\u0027s Box":["theMarked:KeepCalmAndFightOn","theMarked:FavorableWinds","theMarked:Levitate","theMarked:Challenge","theMarked:RogueSparks","theMarked:ComboAttacks","theMarked:TurnInvisible","theMarked:TakeCover"],"Eternal Feather":24,"Kunai":[12],"Cursed Key":4,"obtain_stats":[{"Darkstone Periapt":13,"Mango":37,"Replay:Mystery Machine":41,"Cursed Key":17,"theMarked:KettuFlask":34,"trackpad:ToughGloves":17,"Centennial Puzzle":17,"Chameleon Ring":43,"Tiny Chest":6,"Replay:Bottled Flurry":20,"Kunai":34,"Chemical X":41,"trackpad:AdjectivePendant":45,"InkBottle":50,"Girya":26,"theMarked:DemonDagger":50,"Pear":28,"wanderingMiniBosses:ThiefScarf":39,"Replay:Grab Bag":17,"Oddly Smooth Stone":34,"Eternal Feather":47,"Replay:WaspNest":48,"Replay:Ancient Bell":34,"Akabeko":9,"Calling Bell":17,"theMarked:ArtifactOfAir":0,"Replay:Baseball":24,"ReplayTheSpireMod:Shallot":41,"Ornamental Fan":17,"ChewingGum":17,"Pandora\u0027s Box":17,"Onion Ring":48},{"Darkstone Periapt":5,"Mango":14,"Replay:Mystery Machine":17,"Cursed Key":7,"theMarked:KettuFlask":12,"trackpad:ToughGloves":7,"Centennial Puzzle":7,"Chameleon Ring":17,"Tiny Chest":4,"Replay:Bottled Flurry":8,"Kunai":12,"Chemical X":16,"trackpad:AdjectivePendant":17,"InkBottle":18,"Girya":8,"theMarked:DemonDagger":18,"Pear":9,"wanderingMiniBosses:ThiefScarf":16,"Replay:Grab Bag":7,"Oddly Smooth Stone":12,"Eternal Feather":17,"Replay:WaspNest":17,"Replay:Ancient Bell":12,"Akabeko":4,"Calling Bell":7,"theMarked:ArtifactOfAir":0,"Replay:Baseball":8,"ReplayTheSpireMod:Shallot":16,"Ornamental Fan":7,"ChewingGum":7,"Pandora\u0027s Box":7,"Onion Ring":17},{"Darkstone Periapt":16,"Mango":64,"Replay:Mystery Machine":77,"Cursed Key":30,"theMarked:KettuFlask":56,"trackpad:ToughGloves":30,"Centennial Puzzle":30,"Chameleon Ring":77,"Tiny Chest":13,"Replay:Bottled Flurry":34,"Kunai":56,"Chemical X":70,"trackpad:AdjectivePendant":77,"InkBottle":78,"Girya":34,"theMarked:DemonDagger":78,"Pear":40,"wanderingMiniBosses:ThiefScarf":70,"Replay:Grab Bag":30,"Oddly Smooth Stone":56,"Eternal Feather":77,"Replay:WaspNest":77,"Replay:Ancient Bell":56,"Akabeko":13,"Calling Bell":30,"theMarked:ArtifactOfAir":0,"Replay:Baseball":34,"ReplayTheSpireMod:Shallot":70,"Ornamental Fan":30,"ChewingGum":30,"Pandora\u0027s Box":30,"Onion Ring":77}]},"card_choices":[{"not_picked":["theMarked:Generate","theMarked:RepellingDischarge"],"picked":"theMarked:Aftermath","floor":0},{"not_picked":["theMarked:ElectricStrings","theMarked:RepellingDischarge"],"picked":"theMarked:BanishingWave","floor":1},{"not_picked":["theMarked:RepellingDischarge","theMarked:TwofoldDefense"],"picked":"theMarked:LightningStrikesTwice","floor":2},{"not_picked":["theMarked:RepellingDischarge","theMarked:SwordAndMagic"],"picked":"theMarked:ResourceFulStrike","floor":4},{"not_picked":["theMarked:Frustration","theMarked:Static"],"picked":"theMarked:WardOff","floor":6},{"not_picked":["theMarked:Aftermath","theMarked:EmpowerWeapon"],"picked":"theMarked:ResourceFulStrike","floor":10},{"not_picked":["theMarked:TakeOffHeels","theMarked:ShockingTouch"],"picked":"theMarked:EnhancedHearing","floor":14},{"not_picked":["theMarked:MuscleMemory","theMarked:SoldierForm"],"picked":"theMarked:Defy","floor":16},{"not_picked":["theMarked:ElectricStrings","theMarked:SwordAndMagic"],"picked":"theMarked:SelfDefenseTraining+1","floor":18},{"not_picked":["theMarked:Reabsorb","theMarked:HeightenedSenses"],"picked":"theMarked:BanishingStrike","floor":27},{"not_picked":["theMarked:PowerFlow","theMarked:ContemptForTheProud"],"picked":"theMarked:ChainLightning","floor":30},{"not_picked":["theMarked:MaelstromOfLightning","theMarked:HeightenedSenses+1"],"picked":"theMarked:Aftermath+1","floor":31},{"not_picked":["theMarked:ChannelForce","theMarked:Challenge"],"picked":"theMarked:ThrowWeapon","floor":33},{"not_picked":["Normality","ReplayTheSpireMod:Restless Dread"],"picked":"Voices","floor":34},{"not_picked":["AbeCurse","Amnesia"],"picked":"ReplayTheSpireMod:Doomed","floor":34},{"not_picked":["AbeCurse","Pain"],"picked":"Doubt","floor":34},{"not_picked":["theMarked:ChainLightning","theMarked:FavorableWinds"],"picked":"theMarked:Parkour","floor":35},{"not_picked":["theMarked:Frustration+1","theMarked:ResourceFulStrike"],"picked":"theMarked:Parkour","floor":37},{"not_picked":["theMarked:ParalyzingBlade+1","theMarked:SwordAndMagic+1"],"picked":"theMarked:Opportunist+1","floor":38},{"not_picked":["theMarked:TunnelVision","theMarked:Electrocute"],"picked":"theMarked:WardOff","floor":39},{"not_picked":["theMarked:TakeOffHeels","theMarked:Parkour"],"picked":"theMarked:HeightenedSenses+1","floor":41},{"not_picked":["theMarked:MaelstromOfLightning","theMarked:Convert"],"picked":"theMarked:WardOff+1","floor":48}],"player_experience":118661,"relics_obtained":[{"floor":6,"key":"Tiny Chest"},{"floor":9,"key":"Akabeko"},{"floor":13,"key":"Darkstone Periapt"},{"floor":17,"key":"Centennial Puzzle"},{"floor":17,"key":"Ornamental Fan"},{"floor":17,"key":"trackpad:ToughGloves"},{"floor":26,"key":"Girya"},{"floor":28,"key":"Pear"},{"floor":37,"key":"Mango"},{"floor":39,"key":"wanderingMiniBosses:ThiefScarf"},{"floor":39,"key":"theMarked:ArtifactOfAir"},{"floor":41,"key":"Replay:Mystery Machine"},{"floor":43,"key":"Chameleon Ring"},{"floor":45,"key":"trackpad:AdjectivePendant"}],"event_choices":[{"damage_healed":0,"gold_gain":0,"player_choice":"Card ","damage_taken":14,"max_hp_gain":0,"max_hp_loss":0,"event_name":"betterThird:BetterScrap","floor":5,"gold_loss":0,"cards_obtained":["ConjureBlade"]},{"cards_removed":["theMarked:Strike"],"damage_healed":0,"gold_gain":0,"player_choice":"Forget","damage_taken":0,"max_hp_gain":0,"max_hp_loss":0,"event_name":"Living Wall","floor":8,"gold_loss":0},{"damage_healed":0,"gold_gain":0,"player_choice":"Upgraded","damage_taken":0,"max_hp_gain":0,"max_hp_loss":0,"event_name":"Upgrade Shrine","floor":12,"gold_loss":0,"cards_upgraded":["theMarked:Aftermath"]},{"damage_healed":0,"gold_gain":0,"player_choice":"Got Potions","damage_taken":0,"max_hp_gain":0,"max_hp_loss":0,"event_name":"Lab","floor":19,"gold_loss":0},{"cards_removed":["theMarked:Defy"],"damage_healed":0,"gold_gain":0,"player_choice":"Take \u0026 Give","damage_taken":0,"max_hp_gain":0,"max_hp_loss":0,"event_name":"betterNote:BetterNote","floor":21,"gold_loss":0,"cards_obtained":["theMarked:SuspiciousRaven"]},{"damage_healed":0,"gold_gain":75,"player_choice":"Touch","damage_taken":7,"max_hp_gain":0,"max_hp_loss":0,"event_name":"FaceTrader","floor":22,"gold_loss":0},{"damage_healed":0,"gold_gain":0,"player_choice":"Embrace Madness","damage_taken":15,"max_hp_gain":0,"max_hp_loss":0,"event_name":"Winding Halls","floor":36,"gold_loss":0,"cards_obtained":["Madness","Madness"]},{"damage_healed":0,"gold_gain":0,"player_choice":"Fight","damage_taken":0,"max_hp_gain":0,"max_hp_loss":0,"event_name":"MindBloom","floor":37,"gold_loss":0}],"is_beta":false,"boss_relics":[{"not_picked":["ReplayTheSpireMod:DimensionalGlitch","Replay:Drink Me"],"picked":"Replay:Grab Bag"},{"not_picked":["Fusion Hammer","Sozu"],"picked":"ChewingGum"},{"not_picked":["Busted Crown","Philosopher\u0027s Stone"],"picked":"Cursed Key"},{"not_picked":["Astrolabe","theMarked:BronzeBlade"],"picked":"Pandora\u0027s Box"},{"not_picked":["Runic Pyramid","Black Star"],"picked":"Calling Bell"},{"not_picked":["Honey Jar","trackpad:Trackpad"],"picked":"Replay:Ancient Bell"},{"not_picked":["trackpad:SappingStone","ReplayFunnel"],"picked":"Oddly Smooth Stone"},{"not_picked":["trackpad:DisasterInABottle","Garlic"],"picked":"Kunai"},{"not_picked":["Gambling Chip","trackpad:WindUpAutoDealer"],"picked":"theMarked:KettuFlask"}],"items_purged_floors":[47],"is_endless":false,"potions_floor_spawned":[2,6,14,33,35,37,41],"ascension_level":0}}