{"host":"qxeepl7ydvsgmfdb","time":1608718066,"event":{"mods":["AchievementEnabler","BaseMod","Colored Powertips","Minty Spire (QoL Compilation)","Quick Restart","slay the spire mod where everything is the same but ironclad has a cowboy hat"],"gold_per_floor":[114,114,289,300,42,70,89,164,164,164,174,190,219,229,229,327,327,337,350,376,301,313,313,347,45,71,91,91,104,104,133,133,233,233,246,246,246,73,92,92,102,102,170,189,189,189,411,423,423,423],"floor_reached":51,"playtime":2236,"items_purged":["Strike_B"],"score":757,"play_id":"c660a72b-442d-49e6-83ce-d1948f85ca29","local_time":"20201223050746","is_ascension_mode":false,"campfire_choices":[{"floor":15.0,"key":"REST"},{"floor":23.0,"key":"REST"},{"floor":28.0,"key":"REST"},{"data":"Rainbow","floor":30.0,"key":"SMITH"},{"data":"Defragment","floor":32.0,"key":"SMITH"},{"data":"Zap","floor":40.0,"key":"SMITH"},{"data":"Redo","floor":42.0,"key":"SMITH"},{"floor":46.0,"key":"REST"},{"floor":49.0,"key":"REST"}],"circlet_count":0,"master_deck":["Strike_B","Strike_B","Defend_B","Defend_B","Defend_B","Defend_B","Zap+1","Dualcast","Ball Lightning","Coolheaded","Echo Form","Redo","Ball Lightning","Electrodynamics","BootSequence","Cold Snap","Rainbow+1","Defragment+1","Coolheaded+1","Redo+1","Static Discharge+1","Defragment","Chill+1","Redo+1","Ball Lightning+1","Capacitor+1"],"relics":["Cracked Core","NeowsBlessing","Meat on the Bone","Pocketwatch","Gambling Chip","Blue Candle","SacredBark","Art of War","Orichalcum","Anchor","Dream Catcher","Red Mask","Philosopher\u0027s Stone","White Beast Statue"],"acts_visited":["Exordium","TheCity","TheBeyond"],"potions_floor_usage":[50],"damage_taken":[{"damage":0.0,"enemies":"Cultist","floor":1.0,"turns":1.0},{"damage":0.0,"enemies":"Small Slimes","floor":4.0,"turns":1.0},{"damage":0.0,"enemies":"Lagavulin","floor":6.0,"turns":1.0},{"damage":1.0,"enemies":"Jaw Worm","floor":7.0,"turns":3.0},{"damage":5.0,"enemies":"Blue Slaver","floor":11.0,"turns":3.0},{"damage":10.0,"enemies":"3 Louse","floor":12.0,"turns":3.0},{"damage":32.0,"enemies":"3 Sentries","floor":13.0,"turns":6.0},{"damage":12.0,"enemies":"Red Slaver","floor":14.0,"turns":3.0},{"damage":48.0,"enemies":"Slime Boss","floor":16.0,"turns":9.0},{"damage":5.0,"enemies":"Chosen","floor":18.0,"turns":4.0},{"damage":28.0,"enemies":"Shell Parasite","floor":19.0,"turns":7.0},{"damage":10.0,"enemies":"Sentry and Sphere","floor":22.0,"turns":3.0},{"damage":42.0,"enemies":"Gremlin Leader","floor":24.0,"turns":5.0},{"damage":18.0,"enemies":"3 Cultists","floor":27.0,"turns":4.0},{"damage":0.0,"enemies":"Snecko","floor":29.0,"turns":4.0},{"damage":0.0,"enemies":"Masked Bandits","floor":31.0,"turns":2.0},{"damage":15.0,"enemies":"Collector","floor":33.0,"turns":10.0},{"damage":6.0,"enemies":"3 Shapes","floor":35.0,"turns":3.0},{"damage":13.0,"enemies":"3 Darklings","floor":39.0,"turns":4.0},{"damage":5.0,"enemies":"Writhing Mass","floor":41.0,"turns":5.0},{"damage":3.0,"enemies":"Jaw Worm Horde","floor":44.0,"turns":3.0},{"damage":34.0,"enemies":"Giant Head","floor":45.0,"turns":8.0},{"damage":2.0,"enemies":"Maw","floor":48.0,"turns":8.0},{"damage":101,"enemies":"Awakened One","floor":50,"turns":11}],"seed_played":"3954059042199491183","potions_obtained":[{"floor":10.0,"key":"GamblersBrew"},{"floor":10.0,"key":"FairyPotion"},{"floor":10.0,"key":"BlessingOfTheForge"},{"floor":16.0,"key":"BlessingOfTheForge"},{"floor":19.0,"key":"FearPotion"},{"floor":22.0,"key":"Explosive Potion"},{"floor":29.0,"key":"FocusPotion"},{"floor":35.0,"key":"DistilledChaos"},{"floor":39.0,"key":"SmokeBomb"},{"floor":48.0,"key":"SneckoOil"}],"is_trial":false,"path_per_floor":["M","$","?","M","$","E","M","?","T","?","M","M","E","M","R","B",null,"M","M","T","?","M","R","E","$","T","M","R","M","R","?","R","B",null,"M","?","?","$","M","R","M","R","T","M","E","R","?","M","R","B",null],"character_chosen":"DEFECT","items_purchased":["Meat on the Bone","Anchor","Defragment","Fruit Juice","Defragment"],"campfire_rested":5,"item_purchase_floors":[5,25,25,38,38],"current_hp_per_floor":[75,75,75,75,75,75,74,63,63,63,58,48,28,28,50,14,75,70,42,42,42,44,66,36,36,36,30,52,52,52,52,52,49,75,69,69,69,79,66,66,61,61,61,58,36,60,60,58,81,42],"gold":423,"neow_bonus":"THREE_ENEMY_KILL","is_daily":false,"chose_seed":false,"campfire_upgraded":4,"win_rate":0.0,"timestamp":1608718066,"path_taken":["M","?","?","?","$","E","M","?","T","?","M","M","E","M","R","BOSS","M","M","?","?","M","R","E","?","T","?","R","M","R","?","R","BOSS","M","?","?","$","M","R","M","R","T","M","E","R","?","M","R","BOSS"],"items_purchased_type":["Relic","Relic","Card","Potion","Card"],"build_version":"2020-12-22","purchased_purges":1,"victory":true,"max_hp_per_floor":[75,75,75,75,75,75,75,75,75,75,75,75,75,75,75,75,75,75,75,75,75,75,75,75,75,75,75,75,75,75,75,75,75,75,75,75,71,81,81,81,81,81,81,81,81,81,81,81,81,81],"card_choices":[{"not_picked":["Compile Driver","Chill"],"picked":"Ball Lightning","floor":1.0},{"not_picked":["Hologram","Conserve Battery"],"picked":"Coolheaded","floor":4.0},{"not_picked":["Auto Shields","Heatsinks"],"picked":"Echo Form","floor":6.0},{"not_picked":["Go for the Eyes","Leap","Consume"],"picked":"SKIP","floor":7.0},{"not_picked":["Double Energy","Melter"],"picked":"Redo","floor":11.0},{"not_picked":["FTL","Streamline"],"picked":"Ball Lightning","floor":12.0},{"not_picked":["Rebound","Beam Cell","Steam Power"],"picked":"SKIP","floor":13.0},{"not_picked":["Stack","Hello World","Steam"],"picked":"SKIP","floor":14.0},{"not_picked":["Seek","Fission"],"picked":"Electrodynamics","floor":16.0},{"not_picked":["Go for the Eyes+1","Barrage+1","Rebound"],"picked":"SKIP","floor":18.0},{"not_picked":["Consume","Stack"],"picked":"BootSequence","floor":19.0},{"not_picked":["Barrage","Gash"],"picked":"Cold Snap","floor":22.0},{"not_picked":["Tempest","Sweeping Beam"],"picked":"Rainbow","floor":24.0},{"not_picked":["Go for the Eyes","Compile Driver+1"],"picked":"Coolheaded+1","floor":27.0},{"not_picked":["Scrape","Coolheaded"],"picked":"Redo","floor":28.0},{"not_picked":["Go for the Eyes+1","Consume","Stack"],"picked":"SKIP","floor":29.0},{"not_picked":["Consume+1","Gash"],"picked":"Static Discharge+1","floor":35.0},{"not_picked":["Beam Cell","Sunder","Hologram+1"],"picked":"SKIP","floor":39.0},{"not_picked":["Leap+1","Go for the Eyes+1"],"picked":"Chill+1","floor":41.0},{"not_picked":["Recycle","Barrage","Stack+1"],"picked":"SKIP","floor":44.0},{"not_picked":["Auto Shields+1","Rip and Tear+1"],"picked":"Redo+1","floor":46.0},{"not_picked":["Cold Snap+1","Conserve Battery"],"picked":"Ball Lightning+1","floor":48.0},{"not_picked":["Skim","Gash+1"],"picked":"Capacitor+1","floor":49.0}],"player_experience":331696,"relics_obtained":[{"floor":6.0,"key":"Pocketwatch"},{"floor":9.0,"key":"Gambling Chip"},{"floor":13.0,"key":"Blue Candle"},{"floor":20.0,"key":"Art of War"},{"floor":24.0,"key":"Orichalcum"},{"floor":26.0,"key":"Dream Catcher"},{"floor":31.0,"key":"Red Mask"},{"floor":43.0,"key":"White Beast Statue"}],"event_choices":[{"damage_healed":0.0,"max_hp_gain":0.0,"max_hp_loss":0.0,"gold_gain":175.0,"event_name":"Liars Game","player_choice":"AGREE","floor":3.0,"gold_loss":0.0,"damage_taken":0.0,"cards_obtained":["Doubt"]},{"damage_healed":0.0,"max_hp_gain":0.0,"max_hp_loss":0.0,"gold_gain":75.0,"event_name":"World of Goop","player_choice":"Gather Gold","floor":8.0,"gold_loss":0.0,"damage_taken":11.0},{"damage_healed":0.0,"max_hp_gain":0.0,"max_hp_loss":0.0,"gold_gain":0.0,"event_name":"Lab","player_choice":"Got Potions","floor":10.0,"gold_loss":0.0,"damage_taken":0.0},{"cards_removed":["Doubt"],"damage_healed":0.0,"max_hp_gain":0.0,"max_hp_loss":0.0,"gold_gain":0.0,"event_name":"Beggar","player_choice":"Gave Gold","floor":21.0,"gold_loss":75.0,"damage_taken":0.0},{"damage_healed":0.0,"max_hp_gain":0.0,"max_hp_loss":0.0,"gold_gain":0.0,"event_name":"Masked Bandits","player_choice":"Fought Bandits","floor":31.0,"gold_loss":0.0,"damage_taken":0.0},{"cards_removed":["Strike_B"],"damage_healed":0.0,"max_hp_gain":0.0,"max_hp_loss":0.0,"gold_gain":0.0,"event_name":"Falling","player_choice":"Removed Attack","floor":36.0,"gold_loss":0.0,"damage_taken":0.0},{"damage_healed":0.0,"max_hp_gain":0.0,"max_hp_loss":4.0,"gold_gain":0.0,"event_name":"Winding Halls","player_choice":"Max HP","floor":37.0,"gold_loss":0.0,"damage_taken":0.0},{"damage_healed":0.0,"max_hp_gain":0.0,"max_hp_loss":0.0,"gold_gain":222.0,"event_name":"Tomb of Lord Red Mask","player_choice":"Wore Mask","floor":47.0,"gold_loss":0.0,"damage_taken":0.0}],"is_beta":false,"boss_relics":[{"not_picked":["Astrolabe","SlaversCollar"],"picked":"SacredBark"},{"not_picked":["Snecko Eye","Velvet Choker"],"picked":"Philosopher\u0027s Stone"}],"items_purged_floors":[25],"is_endless":false,"potions_floor_spawned":[12,13,16,19,22,29,35,39,44,45,48],"ascension_level":0}}