{"host":"9d83omykrosjn1d3","time":1608730952,"event":{"mods":["AchievementEnabler","BaseMod","BetterRewards","Card Forge","Hubris","MarisaÅiñ∂âJÅ@ñÇóùçπÅj","Minty Spire (QoL Compilation)","Permanent Neow","Shop Mod","StSLib","SuperFastMode","The Animator","The Cursed"],"gold_per_floor":[140,140,215,165,165,220,279,337,337,391,449,509,583,264,264,388,388,428,31,31,63,162,219,277,348,418,476,530,570,635,686,686,814,814,850,860,316,316,335,380,380,408,408,468,418,418,418,445,445,469,469,469,126,157,157],"floor_reached":56,"playtime":2412,"items_purged":["GrandCross","GrandCross","WitchOfGreed","Parasite","MagicAbsorber"],"score":2147,"play_id":"7ffa7906-59f0-4128-a589-62c6021f4d0c","local_time":"20201223224232","daily_mods":["SealedDeck","Heirloom","Flight","DeadlyEvents","Elite Swarm"],"is_ascension_mode":false,"campfire_choices":[{"data":"CollectingQuirk","floor":15,"key":"SMITH"},{"data":"hubris:DuctTapeCard","floor":32,"key":"SMITH"},{"data":"TreasureHunter","floor":41,"key":"SMITH"},{"data":"Parasite","floor":47,"key":"PURGE"},{"floor":49,"key":"RECALL"},{"data":"GalacticHalo","floor":52,"key":"SMITH"}],"circlet_count":0,"master_deck":["Robbery","MilkyWay","GalacticHalo+1","TreasureHunter+1","CollectingQuirk+1","Madness"],"relics":["MiniHakkero","Hammer of Thor","Seething Fire","Anvil of the Gods","hubris:FunFungus","Lantern","Toy Ornithopter","Bag of Preparation","Anchor","MagicBroom","Happy Flower","Strawberry","Pocketwatch","Bronze Scales","Tiny Chest","AmplifyWand","Incense Burner","Ornamental Fan","MerchantsRug","hubris:TenFootPole","hubris:Backtick","hubris:DuctTape","hubris:PeanutButter","Pen Nib","Blue Candle","HandmadeGrimoire","Ice Cream","Mummified Hand","MealTicket","Gremlin Horn","Vajra","hubris:CrystalStatue","Smiling Mask","Du-Vu Doll","Frozen Egg 2","Thread and Needle","Peace Pipe","Sozu","SimpleLauncher","Letter Opener","hubris:DeckOfHolding","Akabeko","ShroomBag","hubris:TinFlute","hubris:SphereOfDissonance","StrikeDummy","Sundial","Question Card","OrangePellets","Bag of Marbles","hubris:Potato"],"acts_visited":[],"potions_floor_usage":[],"damage_taken":[{"damage":2,"enemies":"Small Slimes","floor":1,"turns":2},{"damage":16,"enemies":"Gremlin Nob","floor":6,"turns":3},{"damage":6,"enemies":"Lagavulin","floor":7,"turns":5},{"damage":6,"enemies":"Gremlin Nob","floor":8,"turns":3},{"damage":18,"enemies":"3 Sentries","floor":10,"turns":7},{"damage":13,"enemies":"Lagavulin","floor":11,"turns":7},{"damage":12,"enemies":"Gremlin Nob","floor":12,"turns":4},{"damage":0,"enemies":"3 Sentries","floor":13,"turns":4},{"damage":0,"enemies":"Hexaghost","floor":16,"turns":4},{"damage":0,"enemies":"Chosen","floor":18,"turns":2},{"damage":0,"enemies":"Shell Parasite","floor":21,"turns":2},{"damage":0,"enemies":"Book of Stabbing","floor":23,"turns":2},{"damage":0,"enemies":"Slavers","floor":24,"turns":2},{"damage":0,"enemies":"Gremlin Leader","floor":27,"turns":3},{"damage":0,"enemies":"Slavers","floor":28,"turns":2},{"damage":0,"enemies":"Book of Stabbing","floor":29,"turns":1},{"damage":0,"enemies":"Gremlin Leader","floor":30,"turns":2},{"damage":0,"enemies":"Slavers","floor":31,"turns":2},{"damage":0,"enemies":"Champ","floor":33,"turns":3},{"damage":0,"enemies":"3 Darklings","floor":35,"turns":2},{"damage":0,"enemies":"3 Shapes","floor":36,"turns":1},{"damage":0,"enemies":"Jaw Worm Horde","floor":39,"turns":1},{"damage":0,"enemies":"Giant Head","floor":40,"turns":3},{"damage":0,"enemies":"Nemesis","floor":42,"turns":1},{"damage":0,"enemies":"Giant Head","floor":44,"turns":2},{"damage":0,"enemies":"Reptomancer","floor":48,"turns":1},{"damage":0,"enemies":"Time Eater","floor":50,"turns":1},{"damage":0,"enemies":"Shield and Spear","floor":54,"turns":1},{"damage":24,"enemies":"The Heart","floor":55,"turns":3}],"seed_played":"417638253985438005","potions_obtained":[{"floor":1,"key":"Dexterity Potion"},{"floor":6,"key":"SpeedPotion"},{"floor":6,"key":"Dexterity Potion"},{"floor":16,"key":"PowerPotion"},{"floor":16,"key":"SteroidPotion"},{"floor":18,"key":"Weak Potion"},{"floor":21,"key":"DistilledChaos"},{"floor":23,"key":"Explosive Potion"},{"floor":24,"key":"Ancient Potion"}],"is_trial":true,"path_per_floor":["M","?","?","?","?","E","E","E","T","E","E","E","E","$","R","B",null,"M","$","?","M","?","E","E","T","T","E","E","E","E","E","R","B",null,"M","M","$","?","M","E","R","E","T","E","$","T","R","E","R","B",null,"R","$","E","B",null],"character_chosen":"MARISA","items_purchased":["MerchantsRug","hubris:TenFootPole","Madness","hubris:PeanutButter","SimpleLauncher","Letter Opener","OrangePellets","Bag of Marbles"],"campfire_rested":0,"item_purchase_floors":[14,14,19,19,37,37,53,53],"current_hp_per_floor":[73,66,55,55,55,40,36,30,30,24,17,6,8,8,8,8,82,82,82,82,82,82,82,82,82,82,82,82,82,82,82,82,82,82,82,82,82,82,82,82,82,82,82,82,79,79,76,76,76,76,76,76,76,76,59],"gold":157,"neow_bonus":"","is_daily":false,"chose_seed":false,"campfire_upgraded":4,"win_rate":0.0,"timestamp":1608730952,"path_taken":["M","?","?","?","?","E","E","E","T","E","E","E","E","$","R","BOSS","M","$","?","?","?","E","E","?","T","E","?","E","E","E","R","BOSS","M","M","$","?","M","E","R","E","T","E","?","?","R","E","R","BOSS","R","$","E","BOSS"],"items_purchased_type":["Relic","Relic","Card","Relic","Relic","Relic","Relic","Relic"],"build_version":"2020-12-22","purchased_purges":5,"victory":true,"max_hp_per_floor":[75,75,75,75,75,75,75,75,75,82,82,82,82,82,82,82,82,82,82,82,82,82,82,82,82,82,82,82,82,82,82,82,82,82,82,82,82,82,82,82,82,82,82,82,79,79,76,76,76,76,76,76,76,76,76],"card_choices":[{"not_picked":["RefractionSpark","GravityBeat","WitchOfGreed"],"picked":"SKIP","floor":1},{"not_picked":["JA","ManaRampage"],"picked":"TreasureHunter","floor":6},{"not_picked":["BlazingStar","BigCrunch","JA"],"picked":"SKIP","floor":7},{"not_picked":["BlazingStar","SatelliteIllusion","JA"],"picked":"SKIP","floor":8},{"not_picked":["JA","ManaRampage"],"picked":"CollectingQuirk","floor":10},{"not_picked":["FinalSpark","ManaRampage","BinaryStars"],"picked":"SKIP","floor":11},{"not_picked":["SatelliteIllusion","AbsoluteMagnitude"],"picked":"UltimateShortwave","floor":12},{"not_picked":["TreasureHunter","SatelliteIllusion","AbsoluteMagnitude"],"picked":"SKIP","floor":13},{"not_picked":["ShootingEcho","GalacticHalo","AsteroidBelt"],"picked":"SKIP","floor":18},{"not_picked":["Robbery","6A","LuminesStrike"],"picked":"SKIP","floor":21},{"not_picked":["StarDustReverie","EscapeVelocity","FinalSpark"],"picked":"SKIP","floor":23},{"not_picked":["JA","SuperNova","TreasureHunter"],"picked":"SKIP","floor":24},{"not_picked":["StarDustReverie","TreasureHunter","JA"],"picked":"SKIP","floor":27},{"not_picked":["CollectingQuirk","CasketOfStar","UltimateShortwave"],"picked":"SKIP","floor":28},{"not_picked":["FinalSpark","BlazingStar","BinaryStars"],"picked":"SKIP","floor":29},{"not_picked":["BigCrunch","BlazingStar","AbsoluteMagnitude"],"picked":"SKIP","floor":30},{"not_picked":["StarDustReverie","MaximisePower","UltimateShortwave"],"picked":"SKIP","floor":31},{"not_picked":["GalacticHalo","ManaConvection+1","WitchLeyline"],"picked":"SKIP","floor":35},{"not_picked":["MilkyWay+1","SporeBomb","StarlightTyphoon+1"],"picked":"SKIP","floor":36},{"not_picked":["IllusionStar+1","GrandCross+1","Singularity+1"],"picked":"SKIP","floor":39},{"not_picked":["UltimateShortwave","BlazingStar","FinalSpark"],"picked":"SKIP","floor":40},{"not_picked":["UltimateShortwave","StarDustReverie","CasketOfStar+1"],"picked":"SKIP","floor":42},{"not_picked":["BigCrunch","StarDustReverie","SatelliteIllusion+1"],"picked":"SKIP","floor":44},{"not_picked":["CollectingQuirk","AbsoluteMagnitude","SatelliteIllusion+1"],"picked":"SKIP","floor":48},{"not_picked":["SuperNova+1","BinaryStars","MaximisePower","FinalSpark"],"picked":"SKIP","floor":54}],"player_experience":746121,"relics_obtained":[{"floor":6,"key":"Lantern"},{"floor":7,"key":"Toy Ornithopter"},{"floor":7,"key":"Bag of Preparation"},{"floor":8,"key":"Anchor"},{"floor":8,"key":"MagicBroom"},{"floor":9,"key":"Happy Flower"},{"floor":10,"key":"Strawberry"},{"floor":10,"key":"Pocketwatch"},{"floor":11,"key":"Bronze Scales"},{"floor":12,"key":"Tiny Chest"},{"floor":12,"key":"AmplifyWand"},{"floor":13,"key":"Incense Burner"},{"floor":13,"key":"Ornamental Fan"},{"floor":23,"key":"Pen Nib"},{"floor":23,"key":"Blue Candle"},{"floor":24,"key":"HandmadeGrimoire"},{"floor":24,"key":"Ice Cream"},{"floor":25,"key":"Mummified Hand"},{"floor":27,"key":"MealTicket"},{"floor":27,"key":"Gremlin Horn"},{"floor":28,"key":"Vajra"},{"floor":29,"key":"hubris:CrystalStatue"},{"floor":30,"key":"Smiling Mask"},{"floor":30,"key":"Du-Vu Doll"},{"floor":31,"key":"Frozen Egg 2"},{"floor":31,"key":"Thread and Needle"},{"floor":33,"key":"Peace Pipe"},{"floor":40,"key":"hubris:DeckOfHolding"},{"floor":40,"key":"Akabeko"},{"floor":42,"key":"ShroomBag"},{"floor":43,"key":"hubris:TinFlute"},{"floor":44,"key":"hubris:SphereOfDissonance"},{"floor":44,"key":"StrikeDummy"},{"floor":46,"key":"Sundial"},{"floor":48,"key":"Question Card"},{"floor":54,"key":"hubris:Potato"}],"event_choices":[{"cards_removed":["GalacticHalo"],"damage_healed":0,"gold_gain":0,"player_choice":"Card Removal","damage_taken":7,"max_hp_gain":0,"max_hp_loss":0,"event_name":"Golden Wing","floor":2,"gold_loss":0},{"damage_healed":0,"gold_gain":75,"player_choice":"Gather Gold","damage_taken":11,"max_hp_gain":0,"max_hp_loss":0,"event_name":"World of Goop","floor":3,"gold_loss":0},{"cards_removed":["WitchOfGreed"],"damage_healed":0,"gold_gain":0,"player_choice":"Card Removal","damage_taken":0,"max_hp_gain":0,"max_hp_loss":0,"event_name":"The Cleric","floor":4,"gold_loss":50},{"damage_healed":0,"gold_gain":0,"player_choice":"Ignored","damage_taken":0,"max_hp_gain":0,"max_hp_loss":0,"event_name":"NoteForYourself","floor":5,"gold_loss":0},{"damage_healed":0,"gold_gain":0,"player_choice":"Ignored","damage_taken":0,"max_hp_gain":0,"max_hp_loss":0,"event_name":"Ghosts","floor":20,"gold_loss":0},{"damage_healed":0,"gold_gain":99,"player_choice":"Stole From Cult","damage_taken":0,"max_hp_gain":0,"max_hp_loss":0,"event_name":"Nest","floor":22,"gold_loss":0},{"damage_healed":0,"gold_gain":0,"player_choice":"Memory 1","damage_taken":0,"max_hp_gain":0,"max_hp_loss":0,"event_name":"SensoryStone","floor":38,"gold_loss":0}],"is_beta":false,"boss_relics":[{"not_picked":["SacredBark","hubris:HollowSoul"],"picked":"hubris:Backtick"},{"not_picked":["hubris:RunicObelisk","Astrolabe"],"picked":"Sozu"}],"items_purged_floors":[14,19,37,45,53],"is_endless":false,"potions_floor_spawned":[6,16,18,28,29,31,33,39,40,48],"ascension_level":0}}