{"host":"zig6x0mxqzam82fb","time":1608759472,"event":{"mods":["BaseMod","Block Reminder","Colored Map","Colored Powertips","Minty Spire (QoL Compilation)","Relic Stats"],"gold_per_floor":[118,129,145,159,159,159,170,205,205,205,216,235,80,90,90,185,185,200,188,242,242,242],"floor_reached":21,"playtime":1499,"items_purged":["Normality"],"score":250,"play_id":"5d5f9118-93b7-4217-9570-7e2529ef4b7a","local_time":"20201223163752","is_ascension_mode":true,"campfire_choices":[{"data":"Zap","floor":6,"key":"SMITH"},{"floor":10,"key":"REST"},{"floor":15,"key":"REST"}],"circlet_count":0,"master_deck":["Strike_B","Strike_B","Strike_B","Strike_B","Defend_B","Defend_B","Defend_B","Defend_B","Zap+1","Dualcast","Defragment","Streamline","Conserve Battery","Turbo","Barrage","Creative AI","Beam Cell","Cold Snap","Loop","Buffer","Seek","Coolheaded","Rebound+1","Decay"],"relics":["Cursed Key","StrikeDummy","Gremlin Horn","Pear","Nuclear Battery","MealTicket"],"acts_visited":["Exordium","TheCity"],"potions_floor_usage":[8,12,16,18],"damage_taken":[{"damage":1,"enemies":"Cultist","floor":1,"turns":3},{"damage":0,"enemies":"Small Slimes","floor":2,"turns":3},{"damage":1,"enemies":"2 Louse","floor":3,"turns":2},{"damage":14,"enemies":"Exordium Wildlife","floor":4,"turns":3},{"damage":6,"enemies":"Looter","floor":7,"turns":3},{"damage":26,"enemies":"Gremlin Nob","floor":8,"turns":4},{"damage":0,"enemies":"3 Louse","floor":11,"turns":2},{"damage":10,"enemies":"Blue Slaver","floor":12,"turns":3},{"damage":14,"enemies":"Looter","floor":14,"turns":3},{"damage":16,"enemies":"Hexaghost","floor":16,"turns":9},{"damage":17,"enemies":"Spheric Guardian","floor":18,"turns":4},{"damage":21,"enemies":"2 Thieves","floor":19,"turns":4},{"damage":38,"enemies":"Snake Plant","floor":21,"turns":2}],"seed_played":"2562210146704547126","potions_obtained":[{"floor":1,"key":"Weak Potion"},{"floor":4,"key":"CultistPotion"},{"floor":11,"key":"Weak Potion"},{"floor":16,"key":"Explosive Potion"},{"floor":19,"key":"SpeedPotion"}],"is_trial":false,"path_per_floor":["M","M","M","M","?","R","M","E","T","R","M","M","$","M","R","B",null,"M","M","T","M"],"character_chosen":"DEFECT","items_purchased":["Loop"],"campfire_rested":2,"item_purchase_floors":[13],"current_hp_per_floor":[67,67,66,52,52,52,46,20,30,55,55,45,45,31,56,40,74,57,36,36,0,0],"gold":242,"neow_bonus":"BOSS_RELIC","is_daily":false,"chose_seed":false,"campfire_upgraded":1,"win_rate":0.0,"timestamp":1608759472,"path_taken":["M","M","?","M","?","R","M","E","T","R","M","M","$","?","R","BOSS","M","M","?","M"],"items_purchased_type":["Card"],"build_version":"2020-12-22","purchased_purges":1,"victory":false,"max_hp_per_floor":[75,75,75,75,75,75,75,75,85,85,85,85,85,85,85,85,85,85,85,85,85,85],"relic_stats":{"Gremlin Horn":[3,3],"counters":[13,45],"MealTicket":0,"Cursed Key":2,"obtain_stats":[{"Pear":9,"Gremlin Horn":8,"MealTicket":20,"Cracked Core":0,"Cursed Key":0,"StrikeDummy":5,"Nuclear Battery":17},{"Pear":6,"Gremlin Horn":6,"MealTicket":12,"Cracked Core":0,"Cursed Key":0,"StrikeDummy":4,"Nuclear Battery":10},{"Pear":18,"Gremlin Horn":18,"MealTicket":43,"Cracked Core":0,"Cursed Key":0,"StrikeDummy":11,"Nuclear Battery":35}]},"card_choices":[{"not_picked":["Storm","Sweeping Beam"],"picked":"Defragment","floor":1},{"not_picked":["Steam","Gash"],"picked":"Streamline","floor":2},{"not_picked":["Sweeping Beam","Hologram"],"picked":"Conserve Battery","floor":3},{"not_picked":["Stack","Heatsinks"],"picked":"Turbo","floor":4},{"not_picked":["Melter","Stack"],"picked":"Barrage","floor":7},{"not_picked":["Capacitor","Ball Lightning"],"picked":"Creative AI","floor":8},{"not_picked":["Aggregate","Steam"],"picked":"Beam Cell","floor":11},{"not_picked":["Aggregate","Compile Driver"],"picked":"Cold Snap","floor":12},{"not_picked":["Rebound","Reinforced Body"],"picked":"Buffer","floor":14},{"not_picked":["Amplify","Creative AI"],"picked":"Seek","floor":16},{"not_picked":["Cold Snap+1","Leap+1"],"picked":"Coolheaded","floor":18},{"not_picked":["Steam Power+1","Go for the Eyes"],"picked":"Rebound+1","floor":19}],"player_experience":307743,"relics_obtained":[{"floor":5,"key":"StrikeDummy"},{"floor":8,"key":"Gremlin Horn"},{"floor":9,"key":"Pear"},{"floor":20,"key":"MealTicket"}],"event_choices":[{"damage_healed":0,"gold_gain":0,"player_choice":"Relic","damage_taken":0,"max_hp_gain":0,"max_hp_loss":0,"event_name":"Wheel of Change","floor":5,"gold_loss":0}],"is_beta":false,"boss_relics":[{"not_picked":["Tiny House","Calling Bell"],"picked":"Nuclear Battery"}],"items_purged_floors":[13],"is_endless":false,"potions_floor_spawned":[1,4,11,16,19],"killed_by":"Snake Plant","ascension_level":7}}