{"host":"na09lpbrez4gbfiz","time":1608720168,"event":{"mods":["Act Like it!","BaseMod","BetterRewards","Colored Map","Colored Powertips","DeckTracker","Googly Eyes","Highlight Path","Minty Spire (QoL Compilation)","Quick Restart","Spicy Shops","StSLib","SuperFastMode","Synergy Search"],"gold_per_floor":[360,360,320,330,43,43,55,55,55,55,98,123,123,141,141,264,264,280,280,280,168,168,168,198,198,198,10,41,60,240,250,250,250,250],"floor_reached":33,"playtime":1381,"items_purged":["Strike_R"],"score":422,"play_id":"b2b2e2a2-c227-4e27-bd6a-0e8f8a70824d","local_time":"20201223114248","is_ascension_mode":true,"campfire_choices":[{"data":"Armaments","floor":6,"key":"SMITH"},{"data":"Shrug It Off","floor":8,"key":"SMITH"},{"data":"Bash","floor":13,"key":"SMITH"},{"floor":15,"key":"REST"},{"data":"Flame Barrier","floor":23,"key":"SMITH"},{"data":"Spot Weakness","floor":25,"key":"SMITH"},{"floor":32,"key":"REST"}],"circlet_count":0,"master_deck":["AscendersBane","Strike_R+1","Strike_R+1","Strike_R+1","Defend_R","Defend_R","Bash+1","Armaments+1","Shrug It Off+1","Flame Barrier+1","Iron Wave+1","Feed","Rage+1","Warcry+1","Havoc+1","Hemokinesis+1","Spot Weakness+1","Madness","Sever Soul","Dramatic Entrance","Sentinel+1"],"relics":["Burning Blood","Membership Card","Omamori","Bloody Idol","Lantern","Astrolabe","Nilry\u0027s Codex","Toy Ornithopter","Whetstone","Darkstone Periapt","Bag of Marbles","Bag of Preparation","Toolbox","Medical Kit","Tiny Chest"],"acts_visited":["Exordium","TheCity"],"potions_floor_usage":[5,11,11,16,16,24,28],"damage_taken":[{"damage":10,"enemies":"Small Slimes","floor":1,"turns":5},{"damage":1,"enemies":"Cultist","floor":4,"turns":3},{"damage":3,"enemies":"2 Louse","floor":7,"turns":3},{"damage":17,"enemies":"Lagavulin","floor":11,"turns":8},{"damage":1,"enemies":"Looter","floor":12,"turns":4},{"damage":9,"enemies":"Large Slime","floor":14,"turns":8},{"damage":63,"enemies":"Hexaghost","floor":16,"turns":16},{"damage":0,"enemies":"Shell Parasite","floor":18,"turns":9},{"damage":49,"enemies":"Slavers","floor":24,"turns":10},{"damage":28,"enemies":"Book of Stabbing","floor":28,"turns":5},{"damage":10,"enemies":"2 Thieves","floor":29,"turns":4},{"damage":21,"enemies":"Snake Plant","floor":31,"turns":3},{"damage":115,"enemies":"Champ","floor":33,"turns":15}],"seed_played":"-4080335052990815977","potions_obtained":[{"floor":3,"key":"BloodPotion"},{"floor":3,"key":"HeartOfIron"},{"floor":3,"key":"Ancient Potion"},{"floor":11,"key":"EssenceOfSteel"},{"floor":14,"key":"Energy Potion"},{"floor":16,"key":"BloodPotion"},{"floor":24,"key":"Swift Potion"},{"floor":28,"key":"Explosive Potion"}],"is_trial":false,"path_per_floor":["M","?","?","M","$","R","M","R","T","?","E","M","R","M","R","B",null,"M","?","?","$","T","R","E","R","T","$","E","M","?","M","R","B"],"character_chosen":"IRONCLAD","items_purchased":["Membership Card","FairyPotion","Toy Ornithopter","Whetstone","Toolbox","Medical Kit","Madness"],"campfire_rested":2,"item_purchase_floors":[5,5,21,21,27,27,27],"current_hp_per_floor":[47,31,31,36,52,52,55,55,55,55,44,49,49,46,70,13,63,73,57,57,57,57,57,43,43,43,43,34,40,25,18,45,0,0],"gold":250,"neow_bonus":"TWO_FIFTY_GOLD","is_daily":false,"chose_seed":false,"campfire_upgraded":5,"win_rate":0.0,"timestamp":1608720168,"path_taken":["M","?","?","?","$","R","M","R","T","?","E","M","R","M","R","BOSS","M","?","?","$","?","R","E","R","T","$","E","M","?","?","R","BOSS"],"items_purchased_type":["Relic","Potion","Relic","Relic","Relic","Relic","Card"],"build_version":"2020-12-22","purchased_purges":1,"victory":false,"max_hp_per_floor":[80,80,80,80,80,80,80,80,80,80,80,80,80,80,80,80,80,84,84,84,84,84,84,87,87,87,87,90,90,90,93,93,93,93],"card_choices":[{"not_picked":["Sword Boomerang","Burning Pact"],"picked":"Armaments","floor":1},{"not_picked":["Body Slam","Twin Strike"],"picked":"Shrug It Off","floor":4},{"not_picked":["Warcry","Anger","Twin Strike"],"picked":"SKIP","floor":7},{"not_picked":["Juggernaut","Impervious","Perfected Strike"],"picked":"SKIP","floor":11},{"not_picked":["Wild Strike","Warcry"],"picked":"Flame Barrier","floor":12},{"not_picked":["Flex","Power Through"],"picked":"Iron Wave","floor":14},{"not_picked":["Corruption","Exhume"],"picked":"Feed","floor":16},{"not_picked":["Body Slam+1","Thunderclap+1"],"picked":"Hemokinesis+1","floor":18},{"not_picked":["Hemokinesis","Disarm"],"picked":"Spot Weakness","floor":24},{"not_picked":["Heavy Blade","Clothesline","Pummel"],"picked":"SKIP","floor":28},{"not_picked":["Headbutt","Heavy Blade"],"picked":"Sever Soul","floor":29},{"not_picked":["Offering","Cleave"],"picked":"Sentinel+1","floor":31}],"player_experience":241325,"relics_obtained":[{"floor":9,"key":"Omamori"},{"floor":11,"key":"Lantern"},{"floor":19,"key":"Nilry\u0027s Codex"},{"floor":22,"key":"Darkstone Periapt"},{"floor":24,"key":"Bag of Marbles"},{"floor":26,"key":"Bag of Preparation"},{"floor":28,"key":"Tiny Chest"}],"event_choices":[{"damage_healed":0,"gold_gain":0,"player_choice":"Entered Light","damage_taken":16,"max_hp_gain":0,"max_hp_loss":0,"event_name":"Shining Light","floor":2,"gold_loss":0,"cards_upgraded":["Strike_R","Strike_R"]},{"damage_healed":0,"gold_gain":0,"player_choice":"Bought 3 Potions","damage_taken":0,"max_hp_gain":0,"max_hp_loss":0,"event_name":"The Woman in Blue","floor":3,"gold_loss":0},{"damage_healed":0,"gold_gain":0,"player_choice":"Take Wound","damage_taken":0,"relics_obtained":["Golden Idol"],"max_hp_gain":0,"max_hp_loss":0,"event_name":"Golden Idol","floor":10,"gold_loss":0,"cards_obtained":["Injury"]},{"damage_healed":0,"gold_gain":0,"player_choice":"Obtained Book","damage_taken":16,"max_hp_gain":0,"max_hp_loss":0,"event_name":"Cursed Tome","floor":19,"gold_loss":0},{"damage_healed":0,"gold_gain":0,"player_choice":"Gave Idol","damage_taken":0,"relics_obtained":["Bloody Idol"],"max_hp_gain":0,"max_hp_loss":0,"event_name":"Forgotten Altar","floor":20,"relics_lost":["Golden Idol"],"gold_loss":0},{"damage_healed":0,"gold_gain":180,"player_choice":"GOLD CARD GOLD ","damage_taken":25,"max_hp_gain":0,"max_hp_loss":0,"event_name":"Knowing Skull","floor":30,"potions_obtained":[],"gold_loss":0,"cards_obtained":["Dramatic Entrance"]}],"is_beta":false,"boss_relics":[{"not_picked":["SlaversCollar","Pandora\u0027s Box"],"picked":"Astrolabe"}],"items_purged_floors":[5],"is_endless":false,"potions_floor_spawned":[11,14,16,24,28],"killed_by":"Champ","ascension_level":10}}