{"host":"k5dhp0bkccqfauyu","time":1608703649,"event":{"mods":["BaseMod","Better Note","Better Skull","Better Vampires","Colored Map","Colored Powertips","DeckTracker","Minty Spire (QoL Compilation)","Permanent Neow","StSLib","SuperFastMode"],"gold_per_floor":[109,126,145,158,158,191,191,206,206,206,206,166,210,225,225,324,324,348,367,367,367,367,400,400,434,459,459,174,218,118,118,118,208,208,227,251,251,271,26,26,41,0,0,40,58,89,89,125,125,125,125,125,125,0,33,33],"floor_reached":57,"playtime":3090,"items_purged":["Strike_B","Strike_B","Zap"],"score":3012,"play_id":"9b97afcf-1495-45c6-8a9f-0a0c78f0b229","local_time":"20201223170729","is_ascension_mode":true,"campfire_choices":[{"data":"Ball Lightning","floor":10,"key":"SMITH"},{"data":"Seek","floor":15,"key":"SMITH"},{"data":"Loop","floor":24,"key":"SMITH"},{"data":"Biased Cognition","floor":27,"key":"SMITH"},{"data":"Ghostly","floor":32,"key":"SMITH"},{"data":"Creative AI","floor":40,"key":"SMITH"},{"data":"Seek","floor":47,"key":"SMITH"},{"floor":49,"key":"RECALL"},{"data":"Ghostly","floor":53,"key":"SMITH"}],"circlet_count":0,"master_deck":["AscendersBane","Defend_B","Defend_B","Defend_B","Defend_B","Dualcast","Gash+1","Go for the Eyes+1","Self Repair","Capacitor","Undo","Ball Lightning+1","Coolheaded","Seek+1","Biased Cognition+1","Loop+1","Hologram","Echo Form","Seek+1","Cold Snap","Chill","Coolheaded","Core Surge","Capacitor","Echo Form","Ghostly","Ghostly+1","Ghostly+1","Creative AI+1","Master of Strategy","Skim","Force Field+1","Clumsy","Core Surge","Force Field+1"],"relics":["Coffee Dripper","Symbiotic Virus","Centennial Puzzle","Golden Idol","Vajra","SacredBark","Shuriken","Orichalcum","Oddly Smooth Stone","Mercury Hourglass","Cursed Key","Anchor","Red Mask","Girya","Bottled Flame","Mango","Whetstone"],"acts_visited":["Exordium","TheCity","TheBeyond","TheEnding"],"potions_floor_usage":[6,6,13,16,18,23,23,25,55,56],"damage_taken":[{"damage":4,"enemies":"Small Slimes","floor":1,"turns":3},{"damage":1,"enemies":"Cultist","floor":2,"turns":4},{"damage":0,"enemies":"Jaw Worm","floor":3,"turns":3},{"damage":3,"enemies":"3 Louse","floor":4,"turns":4},{"damage":26,"enemies":"Gremlin Nob","floor":6,"turns":4},{"damage":19,"enemies":"Large Slime","floor":8,"turns":6},{"damage":10,"enemies":"3 Sentries","floor":13,"turns":6},{"damage":0,"enemies":"Looter","floor":14,"turns":3},{"damage":16,"enemies":"Slime Boss","floor":16,"turns":10},{"damage":3,"enemies":"Shell Parasite","floor":18,"turns":5},{"damage":22,"enemies":"3 Byrds","floor":19,"turns":6},{"damage":16,"enemies":"Slavers","floor":23,"turns":3},{"damage":22,"enemies":"Gremlin Leader","floor":25,"turns":9},{"damage":23,"enemies":"Book of Stabbing","floor":29,"turns":6},{"damage":2,"enemies":"Automaton","floor":33,"turns":10},{"damage":0,"enemies":"3 Shapes","floor":35,"turns":5},{"damage":9,"enemies":"Orb Walker","floor":36,"turns":7},{"damage":0,"enemies":"Spire Growth","floor":38,"turns":6},{"damage":3,"enemies":"Writhing Mass","floor":41,"turns":7},{"damage":0,"enemies":"Nemesis","floor":44,"turns":5},{"damage":4,"enemies":"Sphere and 2 Shapes","floor":45,"turns":6},{"damage":3,"enemies":"Giant Head","floor":46,"turns":7},{"damage":0,"enemies":"Reptomancer","floor":48,"turns":10},{"damage":0,"enemies":"Awakened One","floor":50,"turns":14},{"damage":6,"enemies":"Time Eater","floor":51,"turns":9},{"damage":10,"enemies":"Shield and Spear","floor":55,"turns":9},{"damage":26,"enemies":"The Heart","floor":56,"turns":9}],"seed_played":"2617466075130164586","potions_obtained":[{"floor":2,"key":"LiquidMemories"},{"floor":4,"key":"Swift Potion"},{"floor":12,"key":"DuplicationPotion"},{"floor":12,"key":"Explosive Potion"},{"floor":13,"key":"DuplicationPotion"},{"floor":18,"key":"FocusPotion"},{"floor":19,"key":"Explosive Potion"},{"floor":23,"key":"GamblersBrew"},{"floor":38,"key":"FocusPotion"},{"floor":41,"key":"SkillPotion"},{"floor":44,"key":"Fruit Juice"}],"is_trial":false,"path_per_floor":["M","M","M","M","?","E","?","M","T","R","?","?","E","M","R","B",null,"M","M","?","?","?","E","R","E","T","R","$","E","$","?","R","B",null,"M","M","?","M","$","R","M","?","T","E","M","E","R","E","R","B","B",null,"R","$","E","B",null],"character_chosen":"DEFECT","items_purchased":["Core Surge","Capacitor","Anchor","Skim"],"campfire_rested":0,"item_purchase_floors":[28,28,39,39],"current_hp_per_floor":[60,59,59,63,63,44,67,55,55,55,55,55,52,59,59,50,61,64,49,49,49,49,40,40,32,32,32,32,16,16,16,16,28,31,31,32,22,29,29,29,32,32,32,32,32,32,32,46,46,46,46,46,46,46,53,34],"gold":33,"neow_bonus":"BOSS_RELIC","is_daily":false,"chose_seed":false,"campfire_upgraded":8,"win_rate":0.0,"timestamp":1608703649,"path_taken":["M","M","M","M","?","E","?","M","T","R","?","?","E","M","R","BOSS","M","?","?","?","?","E","R","E","T","R","$","E","$","?","R","BOSS","M","M","?","M","$","R","M","?","T","E","M","E","R","E","R","BOSS","BOSS","R","$","E","BOSS"],"items_purchased_type":["Card","Card","Relic","Card"],"build_version":"2020-12-22","purchased_purges":3,"victory":true,"max_hp_per_floor":[71,71,71,71,71,71,71,71,71,71,64,64,64,64,64,64,64,64,64,64,64,64,64,64,64,64,64,64,64,64,32,32,32,32,32,32,32,32,32,32,32,32,32,32,32,32,32,46,46,46,46,46,46,46,56,56],"card_choices":[{"not_picked":["Beam Cell","Force Field"],"picked":"Gash","floor":1},{"not_picked":["Turbo","Force Field"],"picked":"Go for the Eyes","floor":2},{"not_picked":["Lockon","Turbo"],"picked":"Self Repair","floor":3},{"not_picked":["Chill","Redo"],"picked":"Capacitor","floor":4},{"not_picked":["Ball Lightning","Stack"],"picked":"Undo","floor":6},{"not_picked":["Steam","Redo"],"picked":"Ball Lightning","floor":8},{"not_picked":["Reprogram","Steam"],"picked":"Coolheaded","floor":13},{"not_picked":["Rebound","Ball Lightning"],"picked":"Seek","floor":14},{"not_picked":["Multi-Cast","Rainbow"],"picked":"Biased Cognition","floor":16},{"not_picked":["Turbo","Rip and Tear"],"picked":"Loop","floor":18},{"not_picked":["Redo","Ball Lightning"],"picked":"Hologram","floor":19},{"not_picked":["Hello World","Ball Lightning"],"picked":"Chill","floor":23},{"not_picked":["Hologram","Steam"],"picked":"Coolheaded","floor":25},{"not_picked":["Force Field","Blizzard+1"],"picked":"Echo Form","floor":29},{"not_picked":["Buffer","Machine Learning"],"picked":"Creative AI","floor":33},{"not_picked":["Leap","Stack+1","Beam Cell"],"picked":"SKIP","floor":35},{"not_picked":["Hello World","Compile Driver","Redo"],"picked":"SKIP","floor":36},{"not_picked":["Swift Strike","Trip"],"picked":"Master of Strategy","floor":37},{"not_picked":["Cold Snap","Fusion","Barrage+1"],"picked":"SKIP","floor":38},{"not_picked":["Conserve Battery","Scrape"],"picked":"Force Field+1","floor":41},{"not_picked":["Rebound","Capacitor","Tempest"],"picked":"SKIP","floor":44},{"not_picked":["Aggregate","Sweeping Beam","Coolheaded"],"picked":"SKIP","floor":45},{"not_picked":["Hologram","Melter+1"],"picked":"Core Surge","floor":46},{"not_picked":["Blizzard","Ball Lightning+1"],"picked":"Force Field+1","floor":48},{"not_picked":["Fusion","Stack","Cold Snap"],"picked":"SKIP","floor":55}],"player_experience":1813357,"relics_obtained":[{"floor":6,"key":"Symbiotic Virus"},{"floor":9,"key":"Centennial Puzzle"},{"floor":13,"key":"Vajra"},{"floor":23,"key":"Shuriken"},{"floor":25,"key":"Orichalcum"},{"floor":26,"key":"Oddly Smooth Stone"},{"floor":29,"key":"Mercury Hourglass"},{"floor":44,"key":"Girya"},{"floor":46,"key":"Bottled Flame"},{"floor":48,"key":"Mango"},{"floor":55,"key":"Whetstone"}],"event_choices":[{"damage_healed":0,"gold_gain":0,"player_choice":"Ignored","damage_taken":0,"max_hp_gain":0,"max_hp_loss":0,"event_name":"Liars Game","floor":5,"gold_loss":0},{"damage_healed":23,"gold_gain":0,"player_choice":"Banana","damage_taken":0,"max_hp_gain":0,"max_hp_loss":0,"event_name":"Big Fish","floor":7,"gold_loss":0},{"damage_healed":0,"gold_gain":0,"player_choice":"Lose Max HP","damage_taken":0,"relics_obtained":["Golden Idol"],"max_hp_gain":0,"max_hp_loss":7,"event_name":"Golden Idol","floor":11,"gold_loss":0},{"damage_healed":0,"gold_gain":0,"player_choice":"Bought 3 Potions","damage_taken":0,"max_hp_gain":0,"max_hp_loss":0,"event_name":"The Woman in Blue","floor":12,"gold_loss":0},{"damage_healed":0,"gold_gain":0,"player_choice":"Read","damage_taken":0,"max_hp_gain":0,"max_hp_loss":0,"event_name":"The Library","floor":20,"gold_loss":0,"cards_obtained":["Echo Form"]},{"damage_healed":0,"gold_gain":0,"player_choice":"Ignored","damage_taken":0,"max_hp_gain":0,"max_hp_loss":0,"event_name":"Vampires","floor":21,"gold_loss":0},{"damage_healed":0,"gold_gain":0,"cards_transformed":["Strike_B","Strike_B"],"player_choice":"Became Test Subject","damage_taken":0,"max_hp_gain":0,"max_hp_loss":0,"event_name":"Drug Dealer","floor":22,"gold_loss":0,"cards_obtained":["Seek","Cold Snap"]},{"damage_healed":0,"gold_gain":0,"player_choice":"Became a Ghost","damage_taken":0,"max_hp_gain":0,"max_hp_loss":32,"event_name":"Ghosts","floor":31,"gold_loss":0,"cards_obtained":["Ghostly","Ghostly","Ghostly"]},{"damage_healed":0,"gold_gain":0,"player_choice":"Memory 3","damage_taken":10,"max_hp_gain":0,"max_hp_loss":0,"event_name":"SensoryStone","floor":37,"gold_loss":0},{"damage_healed":0,"gold_gain":0,"player_choice":"Paid","damage_taken":0,"relics_obtained":["Red Mask"],"max_hp_gain":0,"max_hp_loss":0,"event_name":"Tomb of Lord Red Mask","floor":42,"gold_loss":41}],"is_beta":false,"boss_relics":[{"not_picked":["Busted Crown","Runic Dome"],"picked":"SacredBark"},{"not_picked":["Tiny House","Inserter"],"picked":"Cursed Key"}],"items_purged_floors":[28,30,54],"is_endless":false,"potions_floor_spawned":[2,4,13,18,19,23,38,41,44],"ascension_level":20}}