{"host":"4w8ocelhatf0iefc","time":1608690983,"event":{"mods":["AchievementEnabler","Act Like it!","Aspiration","BaseMod","Colored Map","Colored Powertips","Hubris","Minty Spire (QoL Compilation)","Replay The Spire","StSLib"],"gold_per_floor":[116,116,116,129,149,175,186,202,225,260,277,277,288,28,28,127,127,139,139,139,139,39,39,59,91,91,122,32,42,42,55,55,158,158,175,175,191,0,0,26,38,53,78,105,119,133,144,160,160,160],"floor_reached":51,"playtime":2320,"items_purged":["Strike_G","CommonCold"],"score":776,"play_id":"c479d7f8-9299-4162-acfe-fe07f7573395","local_time":"20201223103623","is_ascension_mode":true,"campfire_choices":[{"floor":12,"key":"REST"},{"data":"Crippling Poison","floor":23,"key":"SMITH"},{"floor":30,"key":"REST"},{"floor":49,"key":"REST"}],"circlet_count":0,"master_deck":["Strike_G","Strike_G","Defend_G","Defend_G","Survivor","Neutralize","Bane+1","Crippling Poison+1","Catalyst","Catalyst+1","Doppelganger+1","Deadly Poison","Toxin Wave","Specialist+1","Burst","Sneak Up","Catalyst","Replay:Bag of Tricks+1","Envenom+1","Cloak And Dagger+1","Phantasmal Killer","Catalyst+1","Parasite","Glass Knife"],"relics":["hubris:GrandSneckoEye","aspiration:VileToxins","Blood Vial","Ice Cream","ReplayTheSpireMod:CursedCoin","Frozen Egg 2","Empty Cage","aspiration:RitualStick","Singing Bowl","Shuriken","Vajra","Busted Crown","Red Mask","Replay:PocketPolymizer","Letter Opener","Regal Pillow","Akabeko"],"acts_visited":["Exordium","TheCity","TheBeyond"],"potions_floor_usage":[10,10,10,16,27,29,33,41,42,44,44,50,50],"damage_taken":[{"damage":0,"enemies":"Small Slimes","floor":1,"turns":2},{"damage":0,"enemies":"Cultist","floor":4,"turns":2},{"damage":0,"enemies":"2 Louse","floor":5,"turns":2},{"damage":25,"enemies":"Replay:BlueRogue","floor":6,"turns":5},{"damage":1,"enemies":"Blue Slaver","floor":7,"turns":3},{"damage":0,"enemies":"Exordium Wildlife","floor":8,"turns":4},{"damage":27,"enemies":"3 Sentries","floor":10,"turns":9},{"damage":7,"enemies":"2 Fungi Beasts","floor":11,"turns":2},{"damage":15,"enemies":"Gremlin Gang","floor":13,"turns":3},{"damage":17,"enemies":"The Guardian","floor":16,"turns":5},{"damage":24,"enemies":"2 Thieves","floor":18,"turns":3},{"damage":0,"enemies":"3 Byrds","floor":24,"turns":2},{"damage":53,"enemies":"Book of Stabbing","floor":25,"turns":5},{"damage":5,"enemies":"Replay:Snechameleon","floor":27,"turns":4},{"damage":0,"enemies":"Snake Plant","floor":29,"turns":3},{"damage":2,"enemies":"Centurion and Healer","floor":31,"turns":3},{"damage":20,"enemies":"Champ","floor":33,"turns":4},{"damage":4,"enemies":"3 Darklings","floor":35,"turns":4},{"damage":1,"enemies":"Orb Walker","floor":37,"turns":2},{"damage":1,"enemies":"Giant Head","floor":40,"turns":3},{"damage":1,"enemies":"Writhing Mass","floor":41,"turns":3},{"damage":0,"enemies":"Maw","floor":42,"turns":3},{"damage":9,"enemies":"R_Hoarder","floor":44,"turns":4},{"damage":14,"enemies":"4 Shapes","floor":45,"turns":2},{"damage":22,"enemies":"3 Darklings","floor":46,"turns":3},{"damage":16,"enemies":"Writhing Mass","floor":47,"turns":4},{"damage":9,"enemies":"Sphere and 2 Shapes","floor":48,"turns":3},{"damage":18,"enemies":"Replay:Hell Engine","floor":50,"turns":3}],"seed_played":"-5010980415279065838","potions_obtained":[{"floor":4,"key":"Weak Potion"},{"floor":7,"key":"ColorlessPotion"},{"floor":8,"key":"Milkshake"},{"floor":11,"key":"LiquidMemories"},{"floor":16,"key":"Elixir"},{"floor":27,"key":"Fruit Juice"},{"floor":29,"key":"Adrenaline Potion"},{"floor":33,"key":"FearPotion"},{"floor":35,"key":"EssenceOfSteel"},{"floor":40,"key":"ColorlessPotion"},{"floor":42,"key":"Swift Potion"},{"floor":45,"key":"Dexterity Potion"},{"floor":48,"key":"CunningPotion"}],"is_trial":false,"path_per_floor":["M","?","?","M","M","E","M","M","T","E","M","R","M","$","R_BF","B",null,"M","?","?","?","$","R","M","E","T","E","?","M","R","M","R_BF","B",null,"M","?","M","?","T","E","M","M","T","E","M","M","M","M","R","B",null],"character_chosen":"THE_SILENT","items_purchased":["Specialist","ReplayTheSpireMod:CursedCoin","Frozen Egg 2"],"campfire_rested":3,"item_purchase_floors":[14,14,14],"current_hp_per_floor":[70,70,70,70,70,45,44,44,44,19,14,35,22,22,43,28,70,46,32,32,55,55,55,57,6,6,3,3,12,35,35,58,40,77,75,75,78,78,78,81,84,87,87,80,70,52,40,35,79,63],"gold":160,"neow_bonus":"BOSS_RELIC","is_daily":false,"chose_seed":false,"campfire_upgraded":1,"win_rate":0.0,"timestamp":1608690983,"path_taken":["M","?","?","M","?","E","M","M","T","E","M","R","M","$","R_BF","BOSS","M","?","?","?","$","R","M","E","T","E","?","M","R","?","R_BF","BOSS","M","?","?","?","?","E","M","M","T","E","?","M","M","M","R","BOSS"],"items_purchased_type":["Card","Relic","Relic"],"build_version":"2020-12-13","purchased_purges":2,"victory":true,"max_hp_per_floor":[70,70,70,70,70,70,70,70,70,70,70,70,70,70,70,70,70,70,70,70,70,70,70,70,70,70,70,70,77,77,77,77,77,77,79,79,81,81,81,83,85,87,87,89,91,93,95,97,97,97],"card_choices":[{"not_picked":["Dagger Spray","Riddle With Holes"],"picked":"Bane","floor":1},{"not_picked":["Backflip","Quick Slash"],"picked":"Crippling Poison","floor":4},{"not_picked":["hubris:Counter","Acrobatics"],"picked":"Catalyst","floor":5},{"not_picked":["Eviscerate","Cloak And Dagger"],"picked":"Catalyst","floor":6},{"not_picked":["Bane","PiercingWail","hubris:Sniper"],"picked":"SKIP","floor":7},{"not_picked":["Bane","Dagger Spray","Hidden Blade"],"picked":"SKIP","floor":8},{"not_picked":["Cloak And Dagger","Sucker Punch"],"picked":"Doppelganger","floor":10},{"not_picked":["Dagger Throw","Backflip"],"picked":"Deadly Poison","floor":11},{"not_picked":["Riddle With Holes","Poisoned Stab"],"picked":"Toxin Wave","floor":13},{"not_picked":["Bullet Time","Die Die Die"],"picked":"Burst","floor":16},{"not_picked":["Flying Knee","Blade Dance"],"picked":"Sneak Up","floor":18},{"not_picked":["Acrobatics","Dodge and Roll+1"],"picked":"Catalyst","floor":24},{"not_picked":["Infinite Blades+1","Sucker Punch"],"picked":"Replay:Bag of Tricks","floor":25},{"not_picked":["Bane","Toxin Wave+1"],"picked":"Envenom+1","floor":27},{"not_picked":["Poisoned Stab+1","Prepared","Hidden Blade+1"],"picked":"Singing Bowl","floor":29},{"not_picked":["Backflip","Concentrate+1"],"picked":"Cloak And Dagger+1","floor":31},{"not_picked":["Unload","Bullet Time"],"picked":"Phantasmal Killer","floor":33},{"not_picked":["Slice+1"],"picked":"Singing Bowl","floor":35},{"not_picked":["Caltrops+1"],"picked":"Singing Bowl","floor":37},{"not_picked":["hubris:Sniper"],"picked":"Singing Bowl","floor":40},{"not_picked":["Cloak And Dagger+1"],"picked":"Singing Bowl","floor":41},{"not_picked":["Slice"],"picked":"Singing Bowl","floor":42},{"not_picked":["Dagger Throw"],"picked":"Singing Bowl","floor":44},{"not_picked":["All Out Attack+1"],"picked":"Singing Bowl","floor":45},{"not_picked":["Predator"],"picked":"Singing Bowl","floor":46},{"not_picked":["Prepared+1"],"picked":"Singing Bowl","floor":47},{"not_picked":["Cloak And Dagger+1"],"picked":"Singing Bowl","floor":48}],"player_experience":258605,"relics_obtained":[{"floor":6,"key":"aspiration:VileToxins"},{"floor":9,"key":"Blood Vial"},{"floor":10,"key":"Ice Cream"},{"floor":25,"key":"Singing Bowl"},{"floor":26,"key":"Shuriken"},{"floor":27,"key":"Vajra"},{"floor":39,"key":"Replay:PocketPolymizer"},{"floor":40,"key":"Letter Opener"},{"floor":43,"key":"Regal Pillow"},{"floor":44,"key":"Akabeko"}],"event_choices":[{"damage_healed":0,"gold_gain":0,"player_choice":"Upgraded","damage_taken":0,"max_hp_gain":0,"max_hp_loss":0,"event_name":"Upgrade Shrine","floor":3,"gold_loss":0,"cards_upgraded":["Bane"]},{"damage_healed":23,"gold_gain":0,"player_choice":"Heal","damage_taken":0,"max_hp_gain":0,"max_hp_loss":0,"event_name":"The Library","floor":21,"gold_loss":0},{"cards_removed":["Defend_G"],"damage_healed":0,"gold_gain":0,"player_choice":"Upgrade and Remove","damage_taken":0,"max_hp_gain":0,"max_hp_loss":0,"event_name":"Designer","floor":28,"gold_loss":90,"cards_upgraded":["Replay:Bag of Tricks"]},{"damage_healed":0,"gold_gain":0,"player_choice":"Copied","damage_taken":0,"max_hp_gain":0,"max_hp_loss":0,"event_name":"Duplicator","floor":36,"gold_loss":0,"cards_obtained":["Catalyst"]},{"damage_healed":0,"gold_gain":0,"player_choice":"Paid","damage_taken":0,"relics_obtained":["Red Mask"],"max_hp_gain":0,"max_hp_loss":0,"event_name":"Tomb of Lord Red Mask","floor":38,"gold_loss":191}],"is_beta":false,"boss_relics":[{"not_picked":["Pandora\u0027s Box","HoveringKite"],"picked":"Empty Cage"},{"not_picked":["Replay:Ancient Bell","hubris:RunicObelisk"],"picked":"Busted Crown"}],"items_purged_floors":[14,22],"is_endless":false,"potions_floor_spawned":[4,7,8,11,16,27,29,33,35,40,42,45,48],"ascension_level":3}}