{"host":"0g6hlks0myfoi5sb","time":1608682600,"event":{"mods":["AchievementEnabler","BaseMod","Block Reminder","Colored Map","Minty Spire (QoL Compilation)","Practice Mode","Slay-I","Waifu the Spire"],"gold_per_floor":[118,132,147,26,38,63,34,34,34,34,45,45,58,89,89,89,89],"floor_reached":16,"playtime":1393,"items_purged":[],"score":112,"play_id":"426082d6-ae90-454c-a50d-c61b662851c8","local_time":"20201222161640","is_ascension_mode":false,"campfire_choices":[{"data":"Enlightenment","floor":8,"key":"SMITH"},{"data":"Body Slam","floor":15,"key":"SMITH"}],"circlet_count":0,"master_deck":["Strike_R","Strike_R","Strike_R","Strike_R","Strike_R","Defend_R","Defend_R","Defend_R","Defend_R","Bash","Enlightenment+1","Cleave","Entrench","Thunderclap","Clash","Impervious","Body Slam+1","Rage+1","Iron Wave"],"relics":["Burning Blood","White Beast Statue","Toxic Egg 2","Matryoshka","Ornamental Fan"],"acts_visited":["Exordium"],"potions_floor_usage":[6,6,13,14,14,16],"damage_taken":[{"damage":1.0,"enemies":"Cultist","floor":1.0,"turns":3.0},{"damage":5,"enemies":"Jaw Worm","floor":2,"turns":5},{"damage":0,"enemies":"Small Slimes","floor":3,"turns":2},{"damage":0,"enemies":"Exordium Wildlife","floor":5,"turns":3},{"damage":60,"enemies":"3 Sentries","floor":6,"turns":16},{"damage":7,"enemies":"Blue Slaver","floor":11,"turns":4},{"damage":11,"enemies":"Exordium Thugs","floor":13,"turns":6},{"damage":14,"enemies":"Lagavulin","floor":14,"turns":6},{"damage":66,"enemies":"The Guardian","floor":16,"turns":9}],"seed_played":"8159121452952182093","potions_obtained":[{"floor":2,"key":"DuplicationPotion"},{"floor":5,"key":"Weak Potion"},{"floor":11,"key":"EssenceOfSteel"},{"floor":13,"key":"Fruit Juice"},{"floor":14,"key":"BloodPotion"}],"is_trial":false,"path_per_floor":["M","M","M","$","M","E","?","R","T","?","M","T","M","E","R","B"],"character_chosen":"IRONCLAD","items_purchased":["Clash","EssenceOfSteel"],"campfire_rested":0,"item_purchase_floors":[4,4],"current_hp_per_floor":[80,80,80,80,80,26,26,26,26,52,51,51,51,43,43,0,0],"gold":89,"neow_bonus":"RANDOM_COLORLESS","is_daily":false,"chose_seed":false,"campfire_upgraded":2,"win_rate":0.0,"timestamp":1608682600,"path_taken":["M","M","M","$","M","E","?","R","T","?","M","?","?","E","R","BOSS"],"items_purchased_type":["Card","Potion"],"build_version":"2020-12-13","purchased_purges":0,"victory":false,"max_hp_per_floor":[80,80,80,80,80,80,80,80,80,80,80,80,85,85,85,85,85],"card_choices":[{"not_picked":["Impatience","Good Instincts"],"picked":"Enlightenment","floor":0.0},{"not_picked":["Clothesline","Sword Boomerang"],"picked":"Cleave","floor":1.0},{"not_picked":["Uppercut","Inflame"],"picked":"Entrench","floor":2},{"not_picked":["Pommel Strike","Twin Strike"],"picked":"Thunderclap","floor":3},{"not_picked":["Bloodletting","Flame Barrier"],"picked":"Impervious","floor":5},{"not_picked":["Second Wind","Warcry","Dual Wield"],"picked":"SKIP","floor":6},{"not_picked":["Iron Wave","Anger"],"picked":"Body Slam","floor":11},{"not_picked":["Thunderclap","Rupture"],"picked":"Rage+1","floor":13},{"not_picked":["True Grit+1","Corruption"],"picked":"Iron Wave","floor":14}],"player_experience":141360,"relics_obtained":[{"floor":6,"key":"White Beast Statue"},{"floor":9,"key":"Toxic Egg 2"},{"floor":12,"key":"Matryoshka"},{"floor":14,"key":"Ornamental Fan"}],"event_choices":[{"damage_healed":0,"gold_gain":0,"player_choice":"Left Gold","damage_taken":0,"max_hp_gain":0,"max_hp_loss":0,"event_name":"World of Goop","floor":7,"gold_loss":29},{"damage_healed":26,"gold_gain":0,"player_choice":"Banana","damage_taken":0,"max_hp_gain":0,"max_hp_loss":0,"event_name":"Big Fish","floor":10,"gold_loss":0}],"is_beta":false,"boss_relics":[],"items_purged_floors":[],"is_endless":false,"potions_floor_spawned":[2,5,11,13,14],"killed_by":"The Guardian","ascension_level":0}}