{"host":"Terry","time":1608713657,"event":{"mods":["BaseMod","Downfall","Hubris","Minty Spire (QoL Compilation)","Replay The Spire","StSLib"],"gold_per_floor":[99,110,129,129,143,143,143,161,161,23,51,51,62,62,82,186,186,211,224,101,111,243,243,243,258,288,111,111,34,49,77,87,184,184,184,195,195,195,33,66,66,100,100,100,120,155,155,186,202,202],"floor_reached":51,"playtime":4344,"items_purged":[],"score":1202,"play_id":"c1f49f5b-bf08-4951-842a-33ae18466aca","local_time":"20201223035417","is_ascension_mode":true,"campfire_choices":[{"floor":1,"key":"DIG"},{"data":"sneckomod:QuickBite","floor":6,"key":"SMITH"},{"data":"sneckomod:UnknownStrength","floor":9,"key":"SMITH"},{"floor":28,"key":"REST"},{"data":"sneckomod:MasterEye","floor":35,"key":"SMITH"},{"data":"sneckomod:MasterEye","floor":44,"key":"SMITH"},{"floor":47,"key":"REST"}],"circlet_count":0,"master_deck":["sneckomod:Defend","sneckomod:Defend","sneckomod:Defend","sneckomod:TailWhip","sneckomod:SnekBite","sneckomod:Unknown+1","sneckomod:Unknown+1","Replay:SS_forest_2+1","sneckomod:QuickBite+1","sneckomod:UnknownStrength+1","sneckomod:SlitherStrike+1","sneckomod:Unknown2Cost","sneckomod:Unknown0Cost","sneckomod:MasterEye+1","sneckomod:QuickBite","sneckomod:SoulRoll+1","sneckomod:ImprovisedGuard","sneckomod:Unknown0Cost+1","sneckomod:SerpentMind","sneckomod:UnknownClassGUARDIAN+1","sneckomod:QuickMove+1","sneckomod:CheapStock+1","sneckomod:UnknownVulnerable+1","sneckomod:MorePower","sneckomod:SnekBeam","sneckomod:UnknownUncommonPower","sneckomod:UnknownClassSLIMEBOUND+1","sneckomod:UnknownRareAttack","ReplayTheSpireMod:Necrogeddon","sneckomod:QuickBite","sneckomod:QuickBite","sneckomod:UnknownRareAttack+1","sneckomod:UnknownBlock+1","sneckomod:Unknown3Cost+1","sneckomod:UnknownUncommonPower","sneckomod:UnknownUncommonPower+1","sneckomod:QuickMove","sneckomod:ImprovisedGuard+1","sneckomod:MasterEye+1","sneckomod:UnknownDexterity+1","sneckomod:DiceBlock","sneckomod:UnknownX+1","sneckomod:WideSting+1","sneckomod:Nope+1","sneckomod:UnknownRareAttack+1","sneckomod:UnknownRareSkill","sneckomod:UnknownRareAttack+1","sneckomod:Unknown3Cost+1","sneckomod:DiceBlock+1","sneckomod:UnknownRareSkill","sneckomod:UnknownColorless+1","sneckomod:TrashToTreasure+1","Meteor Strike","sneckomod:UnknownColorless+1","sneckomod:QuickBite+1","sneckomod:UnknownClassGUARDIAN+1","sneckomod:SerpentMind","sneckomod:UnknownRareSkill+1","hexamod:FlamesFromBeyond","sneckomod:SoulDraw"],"relics":["sneckomod:SneckoSoul","InkBottle","Ornamental Fan","Replay:Ringing Soul","hubris:Towel","Astrolabe","downfall:HeartBlessingGreen","Dead Branch","Onion Ring","Ring of Peace","hubris:DisguiseKit","Gremlin Food","Bird Faced Urn","hubris:GrandSneckoEye","War Paint","Singing Bowl","Mummified Hand","Prayer Wheel","Blood Vial","Nunchaku","Lantern"],"acts_visited":["Exordium","TheCity","TheBeyond"],"potions_floor_usage":[15,18,18,26,26,32,46,50],"damage_taken":[{"damage":0,"enemies":"Jaw Worm","floor":2,"turns":3},{"damage":0,"enemies":"Cultist","floor":3,"turns":3},{"damage":0,"enemies":"Small Slimes","floor":5,"turns":3},{"damage":1,"enemies":"3 Louse","floor":8,"turns":3},{"damage":1,"enemies":"downfall:FleeingMerchant","floor":10,"turns":4},{"damage":10,"enemies":"Lagavulin","floor":11,"turns":6},{"damage":31,"enemies":"Blue Slaver","floor":13,"turns":4},{"damage":5,"enemies":"Lots of Slimes","floor":15,"turns":4},{"damage":1,"enemies":"downfall:Watcher","floor":16,"turns":6},{"damage":4,"enemies":"Colosseum Nobs","floor":18,"turns":3},{"damage":20,"enemies":"3 Byrds","floor":19,"turns":7},{"damage":0,"enemies":"downfall:FleeingMerchant","floor":20,"turns":4},{"damage":0,"enemies":"Shell Parasite","floor":21,"turns":2},{"damage":0,"enemies":"downfall:FleeingMerchant","floor":22,"turns":1},{"damage":41,"enemies":"Chosen and Byrds","floor":25,"turns":7},{"damage":0,"enemies":"Slavers","floor":26,"turns":5},{"damage":34,"enemies":"Centurion and Healer","floor":30,"turns":6},{"damage":8,"enemies":"Gremlin Leader","floor":31,"turns":6},{"damage":6,"enemies":"3 Cultists","floor":32,"turns":5},{"damage":4,"enemies":"downfall:Defect","floor":33,"turns":4},{"damage":21,"enemies":"3 Darklings","floor":36,"turns":5},{"damage":26,"enemies":"Giant Head","floor":40,"turns":8},{"damage":0,"enemies":"Nemesis","floor":42,"turns":7},{"damage":28,"enemies":"3 Shapes","floor":45,"turns":3},{"damage":0,"enemies":"Reptomancer","floor":46,"turns":3},{"damage":0,"enemies":"Giant Head","floor":48,"turns":7},{"damage":0,"enemies":"3 Darklings","floor":49,"turns":2},{"damage":0,"enemies":"downfall:Ironclad","floor":50,"turns":2}],"seed_played":"2660328370776662863","potions_obtained":[{"floor":3,"key":"SpeedPotion"},{"floor":13,"key":"Block Potion"},{"floor":15,"key":"DistilledChaos"},{"floor":16,"key":"SkillPotion"},{"floor":19,"key":"Block Potion"},{"floor":21,"key":"Block Potion"},{"floor":30,"key":"PowerPotion"},{"floor":31,"key":"Explosive Potion"},{"floor":33,"key":"SpeedPotion"},{"floor":40,"key":"Explosive Potion"},{"floor":49,"key":"Flashbang"}],"is_trial":false,"path_per_floor":["R","M","M","?","M","R","T","M","R","$","E","?","M","?","M","B",null,"R","M","$","M","$","?","T","M","E","$","R","$","M","E","M","B",null,"R","M","?","?","$","E","T","E","?","R","M","E","R","E","M","B",null],"character_chosen":"THE_SNECKO","items_purchased":["sneckomod:MasterEye","sneckomod:QuickBite","sneckomod:SnekBeam","sneckomod:UnknownUncommonPower","ReplayTheSpireMod:Necrogeddon","sneckomod:QuickBite","sneckomod:UnknownUncommonPower+1","sneckomod:QuickMove","sneckomod:ImprovisedGuard","sneckomod:MasterEye","sneckomod:UnknownRareSkill"],"campfire_rested":2,"item_purchase_floors":[10,10,20,20,22,22,27,27,27,29,39],"current_hp_per_floor":[90,90,91,91,91,91,91,91,91,91,84,84,56,56,59,61,110,113,101,105,109,113,113,113,77,82,86,128,131,105,101,109,128,163,163,158,158,158,162,163,163,181,181,181,166,177,191,195,200,200],"gold":202,"neow_bonus":"RANDOM_COLORLESS","is_daily":false,"chose_seed":false,"campfire_upgraded":4,"win_rate":0.0,"timestamp":1608713657,"path_taken":["R","M","M","?","?","R","T","?","R","$","E","?","M","?","M","BOSS","R","M","$","M","?","?","T","M","E","?","R","$","M","E","M","BOSS","R","M","?","?","$","E","T","E","?","R","M","E","R","E","M","BOSS"],"items_purchased_type":["Card","Card","Card","Card","Card","Card","Card","Card","Card","Card","Card"],"build_version":"2020-12-18","purchased_purges":0,"victory":true,"max_hp_per_floor":[90,90,91,91,91,91,91,92,92,93,96,96,99,99,103,106,110,113,117,121,125,129,129,129,134,139,143,143,146,150,154,158,163,163,163,167,167,167,171,175,175,181,181,181,188,191,191,195,200,200],"card_choices":[{"not_picked":["expansioncontent:PrepareCrush","Swift Strike"],"picked":"Replay:SS_forest_2","floor":0},{"not_picked":["sneckomod:UnknownStrike","sneckomod:UnknownEthereal"],"picked":"sneckomod:QuickBite","floor":2},{"not_picked":["sneckomod:UnknownUncommonAttack","sneckomod:Unknown1Cost"],"picked":"sneckomod:UnknownStrength","floor":3},{"not_picked":["sneckomod:Unknown2Cost","sneckomod:UnknownStrike"],"picked":"sneckomod:SlitherStrike","floor":5},{"not_picked":["sneckomod:UnknownCommonSkill","sneckomod:UnknownStrike"],"picked":"sneckomod:Unknown2Cost","floor":8},{"not_picked":["sneckomod:UnknownClassPURPLE","sneckomod:Unknown1Cost"],"picked":"sneckomod:Unknown0Cost","floor":10},{"not_picked":["sneckomod:Nope","sneckomod:Rotation"],"picked":"sneckomod:SoulRoll","floor":11},{"not_picked":["sneckomod:UnknownClassPURPLE","sneckomod:UnknownClassRED"],"picked":"sneckomod:ImprovisedGuard","floor":13},{"not_picked":["sneckomod:UnknownClassTHE_CHAMP_GRAY","sneckomod:UnknownWeak"],"picked":"sneckomod:Unknown0Cost","floor":15},{"not_picked":["sneckomod:UnknownColorless","sneckomod:DangerNoodle"],"picked":"sneckomod:SerpentMind","floor":16},{"not_picked":["sneckomod:UnknownClassSLIMEBOUND","sneckomod:QuickBite"],"picked":"sneckomod:SoulDraw","floor":18},{"not_picked":["sneckomod:QuickMove","sneckomod:Nope+1"],"picked":"sneckomod:UnknownVulnerable+1","floor":19},{"not_picked":["sneckomod:UnknownStrike","sneckomod:UnknownExhaust"],"picked":"sneckomod:MorePower","floor":20},{"not_picked":["sneckomod:UnknownCommonSkill","sneckomod:IronFang"],"picked":"sneckomod:UnknownClassSLIMEBOUND+1","floor":21},{"not_picked":["sneckomod:TrashToTreasure","sneckomod:UnknownClassBLUE"],"picked":"sneckomod:UnknownRareAttack","floor":22},{"not_picked":["sneckomod:UnknownX+1","sneckomod:UnknownWeak+1","sneckomod:UnknownClassHEXA_GHOST_PURPLE+1"],"picked":"sneckomod:UnknownRareAttack+1","floor":25},{"not_picked":["sneckomod:UnknownWeak","sneckomod:UnknownClassTHE_CHAMP_GRAY","hexamod:NightmareStrike"],"picked":"sneckomod:UnknownBlock+1","floor":25},{"not_picked":["sneckomod:UnknownClassTHE_CHAMP_GRAY+1","sneckomod:UnknownWeak+1","sneckomod:UnknownColorless+1"],"picked":"sneckomod:Unknown3Cost+1","floor":26},{"not_picked":["sneckomod:UnknownClassGREEN","sneckomod:Mudshield","hexamod:ThirdSeal"],"picked":"sneckomod:UnknownUncommonPower","floor":26},{"not_picked":["sneckomod:Unknown0Cost+1","sneckomod:UnknownClassRED+1","sneckomod:Unknown1Cost+1"],"picked":"sneckomod:UnknownDexterity+1","floor":30},{"not_picked":["sneckomod:Nope+1","sneckomod:UnknownWeak","hexamod:SecondSeal"],"picked":"sneckomod:DiceBlock","floor":30},{"not_picked":["sneckomod:UnknownClassGREEN+1","sneckomod:Unknown+1","sneckomod:Unknown1Cost+1"],"picked":"sneckomod:UnknownX+1","floor":31},{"not_picked":["sneckomod:UnknownEthereal","sneckomod:SlitherStrike","hexamod:GhostLash"],"picked":"sneckomod:WideSting+1","floor":31},{"not_picked":["sneckomod:SoulDraw","sneckomod:Unknown2Cost","hexamod:GhostShield"],"picked":"sneckomod:Nope+1","floor":32},{"not_picked":["sneckomod:UnknownClassGUARDIAN+1","sneckomod:UnknownClassGREEN+1","sneckomod:UnknownClassSLIMEBOUND+1"],"picked":"sneckomod:UnknownRareAttack+1","floor":32},{"not_picked":["sneckomod:MorePower","sneckomod:SoulExchange","hexamod:TimeWarp"],"picked":"sneckomod:UnknownRareSkill","floor":33},{"not_picked":["sneckomod:UnknownX+1","sneckomod:Unknown+1","sneckomod:UnknownClassHEXA_GHOST_PURPLE+1"],"picked":"sneckomod:UnknownRareAttack+1","floor":33},{"not_picked":["sneckomod:UnknownEthereal+1","sneckomod:UnknownClassGUARDIAN+1","sneckomod:UnknownClassRED+1"],"picked":"sneckomod:Unknown3Cost+1","floor":36},{"not_picked":["sneckomod:Unknown1Cost+1","sneckomod:SnakeSap","hexamod:HauntingEcho"],"picked":"sneckomod:DiceBlock+1","floor":36},{"not_picked":["sneckomod:UnknownBlock+1","sneckomod:UnknownRareAttack+1","sneckomod:Unknown2Cost+1"],"picked":"sneckomod:UnknownColorless+1","floor":40},{"not_picked":["sneckomod:Unknown2Cost","sneckomod:UnknownClassGREEN","hexamod:Rewind"],"picked":"sneckomod:TrashToTreasure+1","floor":40},{"not_picked":["sneckomod:UnknownClassGREEN+1","sneckomod:UnknownUncommonSkill+1","sneckomod:UnknownCommonAttack+1"],"picked":"sneckomod:UnknownColorless+1","floor":42},{"not_picked":["sneckomod:UnknownCommonAttack+1","sneckomod:Mudshield","sneckomod:ImprovisedAttack","hexamod:HeatCrush"],"picked":"Singing Bowl","floor":42},{"not_picked":["sneckomod:UnknownClassTHE_CHAMP_GRAY","sneckomod:IronFang","hexamod:GhostflameBarrier"],"picked":"sneckomod:QuickBite+1","floor":45},{"not_picked":["sneckomod:UnknownDexterity+1","sneckomod:MasterEye","hexamod:SpectralAdrenaline"],"picked":"sneckomod:UnknownClassGUARDIAN+1","floor":45},{"not_picked":["sneckomod:UnknownExhaust+1","sneckomod:Nope","hexamod:EtherealExpedition"],"picked":"sneckomod:SerpentMind","floor":46},{"not_picked":["sneckomod:UnknownClassPURPLE+1","sneckomod:UnknownUncommonSkill+1","sneckomod:UnknownClassRED+1"],"picked":"sneckomod:UnknownRareSkill+1","floor":48},{"not_picked":["sneckomod:UnknownVulnerable+1","sneckomod:WideSting","sneckomod:CheapStock+1"],"picked":"hexamod:FlamesFromBeyond","floor":48},{"not_picked":["sneckomod:CheapStock+1","sneckomod:RainOfDice","sneckomod:UnknownDexterity","hexamod:FirstSeal"],"picked":"Singing Bowl","floor":49},{"not_picked":["sneckomod:UnknownVulnerable","sneckomod:Rotation","hexamod:GhostShield"],"picked":"sneckomod:SoulDraw","floor":49}],"player_experience":566446,"relics_obtained":[{"floor":1,"key":"InkBottle"},{"floor":7,"key":"Ornamental Fan"},{"floor":11,"key":"Replay:Ringing Soul"},{"floor":18,"key":"Dead Branch"},{"floor":18,"key":"Onion Ring"},{"floor":23,"key":"Ring of Peace"},{"floor":24,"key":"hubris:DisguiseKit"},{"floor":26,"key":"Gremlin Food"},{"floor":31,"key":"Bird Faced Urn"},{"floor":38,"key":"War Paint"},{"floor":40,"key":"Singing Bowl"},{"floor":41,"key":"Mummified Hand"},{"floor":42,"key":"Blood Vial"},{"floor":46,"key":"Nunchaku"},{"floor":48,"key":"Lantern"}],"event_choices":[{"damage_healed":0,"gold_gain":0,"player_choice":"Forge","damage_taken":0,"max_hp_gain":0,"max_hp_loss":0,"event_name":"Accursed Blacksmith","floor":4,"gold_loss":0,"cards_upgraded":["Replay:SS_forest_2"]},{"cards_removed":["sneckomod:SoulDraw"],"damage_healed":0,"gold_gain":0,"player_choice":"Removed Skill","damage_taken":0,"max_hp_gain":0,"max_hp_loss":0,"event_name":"Falling","floor":43,"gold_loss":0}],"is_beta":true,"boss_relics":[{"not_picked":["Replay:Ancient Bell","ChewingGum"],"picked":"Astrolabe"},{"not_picked":["Replay:Bronze Core","Tiny House"],"picked":"hubris:GrandSneckoEye"}],"items_purged_floors":[],"is_endless":false,"potions_floor_spawned":[3,13,15,16,19,21,25,30,31,33,36,40,49],"ascension_level":1}}