{"host":"szp1d6dso4pv7ddl","time":1608762675,"event":{"mods":["AchievementEnabler","Alarm Clock","BaseMod","Bestiary","Block Reminder","Colored Map","Colored Powertips","Curses Come First","Displayed Cursed Tome","Highlight Path","Minty Spire (QoL Compilation)","Permanent Neow","Quick Restart","Relic Sorter","Relic Stats","StSLib","Synergy Search"],"gold_per_floor":[113,113,132,143,154,154,154],"floor_reached":6,"playtime":666,"items_purged":[],"score":55,"play_id":"9a5ea3d7-eb5f-41e6-ab82-5233fc1a1e6c","local_time":"20201223143115","is_ascension_mode":true,"campfire_choices":[],"circlet_count":0,"master_deck":["Strike_G","Strike_G","Strike_G","Strike_G","Strike_G","Defend_G","Defend_G","Defend_G","Defend_G","Defend_G","Survivor","Neutralize","Die Die Die"],"relics":["Ring of the Snake","Omamori"],"acts_visited":["Exordium"],"potions_floor_usage":[5,6],"damage_taken":[{"damage":0,"enemies":"2 Louse","floor":1,"turns":2},{"damage":6,"enemies":"Jaw Worm","floor":3,"turns":6},{"damage":0,"enemies":"Small Slimes","floor":4,"turns":3},{"damage":0,"enemies":"Exordium Wildlife","floor":5,"turns":3},{"damage":35,"enemies":"Lagavulin","floor":6,"turns":3}],"seed_played":"203849690049187918","potions_obtained":[{"floor":1,"key":"CunningPotion"},{"floor":3,"key":"PowerPotion"}],"is_trial":false,"path_per_floor":["M","?","M","M","M","E"],"character_chosen":"THE_SILENT","items_purchased":[],"campfire_rested":0,"item_purchase_floors":[],"current_hp_per_floor":[45,27,21,21,21,0,0],"gold":154,"neow_bonus":"THREE_RARE_CARDS","is_daily":false,"chose_seed":false,"campfire_upgraded":0,"win_rate":0.0,"timestamp":1608762675,"path_taken":["M","?","M","M","M","E"],"items_purchased_type":[],"build_version":"2020-12-22","purchased_purges":0,"victory":false,"max_hp_per_floor":[70,70,70,70,70,70,70],"relic_stats":{"counters":[5,17],"obtain_stats":[{"Omamori":2,"Ring of the Snake":0},{"Omamori":1,"Ring of the Snake":0},{"Omamori":2,"Ring of the Snake":0}],"Ring of the Snake":[10]},"card_choices":[{"not_picked":["Doppelganger","Glass Knife"],"picked":"Die Die Die","floor":0},{"not_picked":["Endless Agony","Outmaneuver","Backflip"],"picked":"SKIP","floor":1},{"not_picked":["Distraction","Dagger Spray","Bane"],"picked":"SKIP","floor":3},{"not_picked":["Bane","Predator","Riddle With Holes"],"picked":"SKIP","floor":4},{"not_picked":["Dodge and Roll","Cloak And Dagger","Blade Dance"],"picked":"SKIP","floor":5}],"player_experience":986480,"relics_obtained":[],"event_choices":[{"damage_healed":0,"gold_gain":0,"player_choice":"Success","damage_taken":18,"relics_obtained":["Omamori"],"max_hp_gain":0,"max_hp_loss":0,"event_name":"Scrap Ooze","floor":2,"gold_loss":0}],"is_beta":false,"boss_relics":[],"items_purged_floors":[],"is_endless":false,"potions_floor_spawned":[1,3],"killed_by":"Lagavulin","ascension_level":9}}