{"host":"i1ibt4vxe0effuru","time":1608750360,"event":{"mods":["AchievementEnabler","BaseMod","Card Forge","Minty Spire (QoL Compilation)","Quick Restart","Shop Mod","StSLib"],"gold_per_floor":[113,113,124,142,158,191,191,210,237,237,255,98,113,113,113,212,212,227,227,227,227,227,259,276,289,289,289,302,329,344,360,360,460,460,477,577,594,448,467,467,496,496,522,110,110,110,110,110,110,110,110,110,110,136,136],"floor_reached":56,"playtime":2038,"items_purged":[],"score":1592,"play_id":"86930a36-bf0b-4b0d-9ab1-3cdda8634153","local_time":"20201224050600","is_ascension_mode":false,"campfire_choices":[{"floor":7,"key":"RECALL"},{"floor":10,"key":"REST"},{"floor":15,"key":"REST"},{"floor":27,"key":"REST"},{"floor":32,"key":"REST"},{"floor":40,"key":"REST"},{"floor":45,"key":"REST"},{"floor":49,"key":"REST"},{"floor":52,"key":"REST"}],"circlet_count":0,"master_deck":["Reflex+1","Prepared+1","Blur+1","Prepared+1","Tactician+1","Skewer+1","Concentrate+1"],"relics":["PureWater","Hammer of Thor","Seething Fire","Anvil of the Gods","Potion Belt","Oddly Smooth Stone","SlaversCollar","Damaru","CaptainsWheel","Strawberry","Runic Pyramid","TheAbacus","Frozen Egg 2","Blood Vial","Medical Kit","Kunai","Vajra"],"acts_visited":["Exordium","TheCity","TheBeyond","TheEnding"],"potions_floor_usage":[],"damage_taken":[{"damage":0,"enemies":"Small Slimes","floor":1,"turns":1},{"damage":0,"enemies":"Cultist","floor":3,"turns":1},{"damage":0,"enemies":"2 Louse","floor":4,"turns":1},{"damage":0,"enemies":"Exordium Thugs","floor":5,"turns":1},{"damage":0,"enemies":"Gremlin Nob","floor":6,"turns":1},{"damage":0,"enemies":"Looter","floor":8,"turns":1},{"damage":0,"enemies":"Exordium Wildlife","floor":11,"turns":1},{"damage":0,"enemies":"Exordium Thugs","floor":13,"turns":1},{"damage":0,"enemies":"The Guardian","floor":16,"turns":1},{"damage":0,"enemies":"3 Byrds","floor":18,"turns":1},{"damage":0,"enemies":"Slavers","floor":23,"turns":1},{"damage":0,"enemies":"Chosen","floor":24,"turns":1},{"damage":0,"enemies":"Snake Plant","floor":25,"turns":1},{"damage":0,"enemies":"3 Cultists","floor":28,"turns":1},{"damage":0,"enemies":"Book of Stabbing","floor":29,"turns":1},{"damage":0,"enemies":"Shelled Parasite and Fungi","floor":30,"turns":1},{"damage":0,"enemies":"Sentry and Sphere","floor":31,"turns":1},{"damage":0,"enemies":"Collector","floor":33,"turns":1},{"damage":0,"enemies":"Orb Walker","floor":35,"turns":1},{"damage":0,"enemies":"3 Darklings","floor":37,"turns":1},{"damage":0,"enemies":"4 Shapes","floor":39,"turns":3},{"damage":0,"enemies":"Reptomancer","floor":41,"turns":1},{"damage":0,"enemies":"Awakened One","floor":50,"turns":2},{"damage":0,"enemies":"Shield and Spear","floor":54,"turns":1},{"damage":2,"enemies":"The Heart","floor":55,"turns":3}],"seed_played":"27179195171412817","potions_obtained":[{"floor":1,"key":"Regen Potion"},{"floor":5,"key":"Explosive Potion"},{"floor":8,"key":"Energy Potion"},{"floor":16,"key":"Swift Potion"},{"floor":23,"key":"Ancient Potion"},{"floor":29,"key":"Dexterity Potion"},{"floor":48,"key":"Dexterity Potion"}],"is_trial":false,"path_per_floor":["M","?","M","M","M","E","R","M","T","R","M","$","M","$","R","B",null,"M","?","$","?","$","E","M","M","T","R","M","E","M","M","R","B",null,"M","?","M","$","M","R","E","$","T","$","R","?","$","?","R","B",null,"R","$","E","B",null],"character_chosen":"WATCHER","items_purchased":["Oddly Smooth Stone","TheAbacus","Medical Kit","Kunai"],"campfire_rested":8,"item_purchase_floors":[12,38,44,44],"current_hp_per_floor":[79,79,79,79,79,79,79,79,79,79,79,79,79,79,79,79,79,79,79,79,79,79,79,79,79,79,79,79,86,86,86,86,86,86,86,86,86,86,86,86,86,86,86,86,86,86,86,86,86,86,86,86,86,86,84],"gold":136,"neow_bonus":"TEN_PERCENT_HP_BONUS","is_daily":false,"chose_seed":false,"campfire_upgraded":0,"win_rate":0.0,"timestamp":1608750360,"path_taken":["M","?","?","M","M","E","R","M","T","R","M","?","M","$","R","BOSS","M","?","?","?","$","E","M","M","T","R","M","E","M","M","R","BOSS","M","?","M","$","M","R","E","?","T","$","R","?","$","?","R","BOSS","R","$","E","BOSS"],"items_purchased_type":["Relic","Relic","Relic","Relic"],"build_version":"2020-12-22","purchased_purges":0,"victory":true,"max_hp_per_floor":[79,79,79,79,79,79,79,79,79,79,79,79,79,79,79,79,79,79,79,79,79,79,79,79,79,79,79,79,86,86,86,86,86,86,86,86,86,86,86,86,86,86,86,86,86,86,86,86,86,86,86,86,86,86,86],"card_choices":[{"not_picked":["SashWhip","InnerPeace","ThirdEye"],"picked":"SKIP","floor":1},{"not_picked":["InnerPeace","FlyingSleeves","Evaluate"],"picked":"SKIP","floor":3},{"not_picked":["FollowUp","CutThroughFate","Weave"],"picked":"SKIP","floor":4},{"not_picked":["Weave","Tantrum","Protect"],"picked":"SKIP","floor":5},{"not_picked":["Consecrate","Vault","JustLucky"],"picked":"SKIP","floor":6},{"not_picked":["Evaluate","PathToVictory","SashWhip"],"picked":"SKIP","floor":8},{"not_picked":["Protect","SashWhip","EmptyBody"],"picked":"SKIP","floor":11},{"not_picked":["SashWhip","FlurryOfBlows","PathToVictory"],"picked":"SKIP","floor":13},{"not_picked":["PathToVictory","Consecrate","Conclude"],"picked":"SKIP","floor":18},{"not_picked":["SandsOfTime","Collect","Consecrate"],"picked":"SKIP","floor":23},{"not_picked":["Wallop","Tantrum","Nirvana"],"picked":"SKIP","floor":24},{"not_picked":["Pray+1","Halt","CrushJoints"],"picked":"SKIP","floor":25},{"not_picked":["Consecrate","BowlingBash+1","Collect"],"picked":"SKIP","floor":28},{"not_picked":["ThirdEye","Evaluate","Judgement"],"picked":"SKIP","floor":29},{"not_picked":["PathToVictory","EmptyMind+1","Halt+1"],"picked":"SKIP","floor":30},{"not_picked":["Adaptation","PathToVictory","BowlingBash"],"picked":"SKIP","floor":31},{"not_picked":["EmptyFist","EmptyMind","CutThroughFate+1"],"picked":"SKIP","floor":35},{"not_picked":["DeceiveReality","Indignation","EmptyFist"],"picked":"SKIP","floor":37},{"not_picked":["WaveOfTheHand","Protect+1","FlyingSleeves+1"],"picked":"SKIP","floor":39},{"not_picked":["JustLucky+1","Protect","PathToVictory"],"picked":"SKIP","floor":41},{"not_picked":["Swivel+1","ClearTheMind","DevaForm+1"],"picked":"SKIP","floor":54}],"player_experience":154080,"relics_obtained":[{"floor":6,"key":"Potion Belt"},{"floor":23,"key":"Damaru"},{"floor":26,"key":"CaptainsWheel"},{"floor":29,"key":"Strawberry"},{"floor":41,"key":"Frozen Egg 2"},{"floor":43,"key":"Blood Vial"},{"floor":54,"key":"Vajra"}],"event_choices":[{"cards_removed":["Tactician"],"damage_healed":0,"gold_gain":0,"player_choice":"Offered Uncommon","damage_taken":0,"max_hp_gain":0,"max_hp_loss":0,"event_name":"Bonfire Elementals","floor":2,"gold_loss":0},{"damage_healed":0,"gold_gain":0,"player_choice":"Bought 0 Potions","damage_taken":0,"max_hp_gain":0,"max_hp_loss":0,"event_name":"The Woman in Blue","floor":19,"gold_loss":0},{"damage_healed":0,"gold_gain":0,"player_choice":"Ignored","damage_taken":0,"max_hp_gain":0,"max_hp_loss":0,"event_name":"Ghosts","floor":21,"gold_loss":0},{"damage_healed":0,"gold_gain":100,"player_choice":"Pray","damage_taken":0,"max_hp_gain":0,"max_hp_loss":0,"event_name":"Golden Shrine","floor":36,"gold_loss":0},{"damage_healed":22,"gold_gain":0,"player_choice":"Writhe","damage_taken":0,"max_hp_gain":0,"max_hp_loss":0,"event_name":"Winding Halls","floor":46,"gold_loss":0,"cards_obtained":["Writhe"]},{"damage_healed":0,"gold_gain":0,"player_choice":"Got Potions","damage_taken":0,"max_hp_gain":0,"max_hp_loss":0,"event_name":"Lab","floor":48,"gold_loss":0}],"is_beta":false,"boss_relics":[{"not_picked":["SacredBark","Astrolabe"],"picked":"SlaversCollar"},{"not_picked":["Coffee Dripper","Snecko Eye"],"picked":"Runic Pyramid"}],"items_purged_floors":[],"is_endless":false,"potions_floor_spawned":[1,5,8,16,23,29,30,31,35],"ascension_level":0}}