{"host":"0msxzbajcl1c78mb","time":1608701892,"event":{"mods":["AchievementEnabler","BaseMod","Colored Map","Colored Powertips","Highlight Path","Minty Spire (QoL Compilation)","Relic Sorter","Relic Stats","StSLib","The Jungle","everything is the same but u backflip on backflip"],"gold_per_floor":[19,39,57,57,74,106,120,152,152,165,165,229,263,280,280,384,384,395,320,339,239,250,284,299,299,325,325,240,265,281,315,315,417,417,431,450,325,325,342,342,367,367,367,217,250,250,262,292,292,292,292,292,70,110,110],"floor_reached":56,"playtime":3962,"items_purged":["Strike_B","Strike_B","Strike_B","Defend_B"],"score":1779,"play_id":"5269133a-329d-418c-949b-d7575006a7bb","local_time":"20201223003812","is_ascension_mode":true,"campfire_choices":[{"data":"Defragment","floor":15,"key":"SMITH"},{"data":"Defragment","floor":25,"key":"SMITH"},{"data":"Capacitor","floor":27,"key":"SMITH"},{"data":"Biased Cognition","floor":32,"key":"SMITH"},{"data":"Biased Cognition","floor":40,"key":"SMITH"},{"data":"Meteor Strike","floor":46,"key":"SMITH"},{"floor":49,"key":"RECALL"},{"data":"Static Discharge","floor":52,"key":"SMITH"}],"circlet_count":0,"master_deck":["Defend_B","Defend_B","Defend_B","Zap","Dualcast","Chill","Heatsinks","Self Repair","Ball Lightning+1","Chill","BootSequence","Creative AI","Loop","Defragment+1","Coolheaded","Capacitor+1","Defragment+1","Biased Cognition+1","Electrodynamics","Biased Cognition+1","Capacitor+1","Meteor Strike+1","Static Discharge+1","Storm","Consume+1"],"relics":["Cracked Core","Bird Faced Urn","Ice Cream","Bag of Marbles","Shuriken","Akabeko","Mango","Snecko Eye","Toxic Egg 2","Ancient Tea Set","Anchor","Omamori","Sundial","Cursed Key","TungstenRod","MealTicket","CeramicFish","ClockworkSouvenir","Whetstone"],"acts_visited":["Exordium","TheCity","TheBeyond","TheEnding"],"potions_floor_usage":[6,8,14,23,29,29,41,55,55],"damage_taken":[{"damage":0,"enemies":"2 Louse","floor":1,"turns":2},{"damage":0,"enemies":"Cultist","floor":2,"turns":4},{"damage":0,"enemies":"Jaw Worm","floor":3,"turns":4},{"damage":8,"enemies":"Looter","floor":5,"turns":4},{"damage":17,"enemies":"Lagavulin","floor":6,"turns":7},{"damage":9,"enemies":"Blue Slaver","floor":7,"turns":4},{"damage":4,"enemies":"3 Sentries","floor":8,"turns":9},{"damage":5,"enemies":"Exordium Thugs","floor":10,"turns":6},{"damage":34,"enemies":"Gremlin Nob","floor":12,"turns":5},{"damage":43,"enemies":"Gremlin Nob","floor":13,"turns":5},{"damage":0,"enemies":"Lots of Slimes","floor":14,"turns":3},{"damage":12,"enemies":"The Guardian","floor":16,"turns":8},{"damage":6,"enemies":"3 Byrds","floor":18,"turns":5},{"damage":2,"enemies":"Chosen","floor":20,"turns":4},{"damage":9,"enemies":"Centurion and Healer","floor":22,"turns":4},{"damage":18,"enemies":"Gremlin Leader","floor":23,"turns":4},{"damage":2,"enemies":"Cultist and Chosen","floor":24,"turns":3},{"damage":11,"enemies":"Slavers","floor":29,"turns":2},{"damage":0,"enemies":"Shelled Parasite and Fungi","floor":30,"turns":3},{"damage":23,"enemies":"Gremlin Leader","floor":31,"turns":5},{"damage":0,"enemies":"Automaton","floor":33,"turns":6},{"damage":0,"enemies":"3 Darklings","floor":35,"turns":4},{"damage":5,"enemies":"Orb Walker","floor":36,"turns":4},{"damage":3,"enemies":"4 Shapes","floor":39,"turns":3},{"damage":0,"enemies":"Reptomancer","floor":41,"turns":7},{"damage":17,"enemies":"Nemesis","floor":45,"turns":7},{"damage":1,"enemies":"Maw","floor":47,"turns":5},{"damage":0,"enemies":"Giant Head","floor":48,"turns":6},{"damage":47,"enemies":"Awakened One","floor":50,"turns":8},{"damage":8,"enemies":"Shield and Spear","floor":54,"turns":5},{"damage":65,"enemies":"The Heart","floor":55,"turns":7}],"seed_played":"4236522929840109298","potions_obtained":[{"floor":1,"key":"DuplicationPotion"},{"floor":2,"key":"Strength Potion"},{"floor":4,"key":"FocusPotion"},{"floor":4,"key":"Block Potion"},{"floor":6,"key":"Explosive Potion"},{"floor":13,"key":"SpeedPotion"},{"floor":20,"key":"BlessingOfTheForge"},{"floor":22,"key":"PowerPotion"},{"floor":23,"key":"Energy Potion"},{"floor":30,"key":"LiquidBronze"},{"floor":39,"key":"Regen Potion"},{"floor":41,"key":"DuplicationPotion"},{"floor":45,"key":"LiquidMemories"},{"floor":48,"key":"FocusPotion"}],"is_trial":false,"path_per_floor":["M","M","M","?","M","E","M","E","T","M","?","?","E","M","R","B",null,"M","$","M","$","M","E","M","R","T","R","?","E","M","E","R","B",null,"M","M","$","?","M","R","E","?","T","$","E","R","M","E","R","B",null,"R","$","E","B",null],"character_chosen":"DEFECT","items_purchased":["Storm","ClockworkSouvenir"],"campfire_rested":0,"item_purchase_floors":[53,53],"current_hp_per_floor":[68,68,70,70,73,65,65,72,72,75,75,52,46,54,54,63,83,89,89,89,89,85,86,89,89,89,89,89,89,89,77,77,89,89,89,89,89,89,89,89,89,89,89,89,89,89,89,89,89,71,85,85,89,89,69],"gold":110,"neow_bonus":"ONE_RARE_RELIC","is_daily":false,"chose_seed":false,"campfire_upgraded":7,"win_rate":0.0,"timestamp":1608701892,"path_taken":["M","M","M","?","M","E","?","E","T","M","?","?","E","M","R","BOSS","M","$","M","$","M","E","M","R","T","R","?","E","M","E","R","BOSS","M","M","$","?","?","R","E","?","T","$","E","R","M","E","R","BOSS","R","$","E","BOSS"],"items_purchased_type":["Card","Relic"],"build_version":"2020-12-22","purchased_purges":4,"victory":true,"max_hp_per_floor":[75,75,75,75,75,75,75,75,75,75,75,75,89,89,89,89,89,89,89,89,89,89,89,89,89,89,89,89,89,89,89,89,89,89,89,89,89,89,89,89,89,89,89,89,89,89,89,89,89,89,89,89,89,89,89],"relic_stats":{"counters":[31,152],"Shuriken":[5],"Sundial":[22],"Bird Faced Urn":[197],"CeramicFish":18,"Snecko Eye":[185,182,186,172],"MealTicket":4,"Whetstone":["Ball Lightning"],"Cursed Key":1,"obtain_stats":[{"Ice Cream":6,"CeramicFish":48,"Mango":13,"Omamori":29,"Whetstone":54,"Ancient Tea Set":26,"Cursed Key":34,"Akabeko":12,"ClockworkSouvenir":53,"Anchor":28,"Shuriken":9,"Sundial":31,"Bird Faced Urn":0,"Snecko Eye":17,"MealTicket":45,"Bag of Marbles":8,"Toxic Egg 2":23,"Cracked Core":0,"TungstenRod":41},{"Ice Cream":5,"CeramicFish":28,"Mango":10,"Omamori":18,"Whetstone":30,"Ancient Tea Set":17,"Cursed Key":21,"Akabeko":9,"ClockworkSouvenir":29,"Anchor":17,"Shuriken":7,"Sundial":20,"Bird Faced Urn":0,"Snecko Eye":12,"MealTicket":26,"Bag of Marbles":7,"Toxic Egg 2":16,"Cracked Core":0,"TungstenRod":25},{"Ice Cream":21,"CeramicFish":132,"Mango":50,"Omamori":83,"Whetstone":145,"Ancient Tea Set":81,"Cursed Key":96,"Akabeko":45,"ClockworkSouvenir":140,"Anchor":81,"Shuriken":34,"Sundial":90,"Bird Faced Urn":0,"Snecko Eye":61,"MealTicket":121,"Bag of Marbles":34,"Toxic Egg 2":78,"Cracked Core":0,"TungstenRod":114}],"TungstenRod":47},"card_choices":[{"not_picked":["Streamline","Stack"],"picked":"Chill","floor":1},{"not_picked":["Compile Driver","Beam Cell"],"picked":"Heatsinks","floor":2},{"not_picked":["Rebound","Streamline"],"picked":"Self Repair","floor":3},{"not_picked":["Heatsinks","Redo"],"picked":"Ball Lightning","floor":5},{"not_picked":["Ball Lightning","Hologram"],"picked":"Chill","floor":6},{"not_picked":["Darkness","Steam"],"picked":"BootSequence","floor":7},{"not_picked":["Lockon","Buffer"],"picked":"Creative AI","floor":8},{"not_picked":["Gash","Turbo"],"picked":"Loop","floor":10},{"not_picked":["Redo","Conserve Battery"],"picked":"Coolheaded","floor":12},{"not_picked":["Leap","Turbo"],"picked":"Capacitor","floor":13},{"not_picked":["Machine Learning","Sweeping Beam"],"picked":"Defragment","floor":14},{"not_picked":["Fission","Thunder Strike"],"picked":"Biased Cognition","floor":16},{"not_picked":["Stack+1","Conserve Battery+1","Sweeping Beam+1"],"picked":"SKIP","floor":18},{"not_picked":["Rebound","Cold Snap+1","Redo"],"picked":"SKIP","floor":20},{"not_picked":["Doom and Gloom","Ball Lightning","Sweeping Beam"],"picked":"SKIP","floor":22},{"not_picked":["Darkness+1","Static Discharge"],"picked":"Electrodynamics","floor":23},{"not_picked":["FTL","Rebound","Gash"],"picked":"SKIP","floor":24},{"not_picked":["Go for the Eyes","Leap+1","Barrage"],"picked":"SKIP","floor":29},{"not_picked":["Melter","Hologram+1","Blizzard"],"picked":"SKIP","floor":30},{"not_picked":["Darkness+1","Beam Cell","Leap+1"],"picked":"SKIP","floor":31},{"not_picked":["Core Surge","Hyperbeam"],"picked":"Biased Cognition","floor":33},{"not_picked":["Beam Cell+1","Reprogram+1","Double Energy+1"],"picked":"SKIP","floor":35},{"not_picked":["Go for the Eyes","Redo+1","Streamline"],"picked":"SKIP","floor":36},{"not_picked":["Ball Lightning+1","Barrage+1"],"picked":"Capacitor","floor":39},{"not_picked":["Lockon","Leap+1","Tempest+1"],"picked":"SKIP","floor":41},{"not_picked":["Gash","Double Energy+1"],"picked":"Meteor Strike","floor":45},{"not_picked":["Steam+1","Streamline"],"picked":"Static Discharge","floor":47},{"not_picked":["Turbo+1","Stack+1","Skim+1"],"picked":"SKIP","floor":48},{"not_picked":["Turbo+1","Double Energy+1"],"picked":"Consume+1","floor":54}],"player_experience":273323,"relics_obtained":[{"floor":6,"key":"Ice Cream"},{"floor":8,"key":"Bag of Marbles"},{"floor":9,"key":"Shuriken"},{"floor":12,"key":"Akabeko"},{"floor":13,"key":"Mango"},{"floor":23,"key":"Toxic Egg 2"},{"floor":26,"key":"Ancient Tea Set"},{"floor":29,"key":"Omamori"},{"floor":31,"key":"Sundial"},{"floor":41,"key":"TungstenRod"},{"floor":45,"key":"MealTicket"},{"floor":48,"key":"CeramicFish"},{"floor":54,"key":"Whetstone"}],"event_choices":[{"damage_healed":0,"gold_gain":0,"player_choice":"Got Potions","damage_taken":0,"max_hp_gain":0,"max_hp_loss":0,"event_name":"Lab","floor":4,"gold_loss":0},{"damage_healed":0,"gold_gain":0,"cards_transformed":["Strike_B"],"player_choice":"Change","damage_taken":0,"max_hp_gain":0,"max_hp_loss":0,"event_name":"Living Wall","floor":11,"gold_loss":0,"cards_obtained":["Defragment"]},{"damage_healed":0,"gold_gain":30,"player_choice":"Searched \u00273\u0027 times","damage_taken":0,"max_hp_gain":0,"max_hp_loss":0,"event_name":"Dead Adventurer","floor":12,"gold_loss":0},{"damage_healed":0,"gold_gain":0,"player_choice":"Obtained Relic","damage_taken":0,"relics_obtained":["Anchor"],"max_hp_gain":0,"max_hp_loss":0,"event_name":"Addict","floor":28,"gold_loss":85},{"damage_healed":0,"gold_gain":0,"player_choice":"Bought 0 Potions","damage_taken":0,"max_hp_gain":0,"max_hp_loss":0,"event_name":"The Woman in Blue","floor":38,"gold_loss":0},{"damage_healed":0,"gold_gain":0,"player_choice":"Upgraded","damage_taken":0,"max_hp_gain":0,"max_hp_loss":0,"event_name":"Upgrade Shrine","floor":42,"gold_loss":0,"cards_upgraded":["Capacitor"]}],"is_beta":false,"boss_relics":[{"not_picked":["Tiny House","Philosopher\u0027s Stone"],"picked":"Snecko Eye"},{"not_picked":["SacredBark","Nuclear Battery"],"picked":"Cursed Key"}],"items_purged_floors":[19,21,37,44],"is_endless":false,"potions_floor_spawned":[1,2,6,7,13,20,22,23,30,39,41,45,48,54],"ascension_level":8}}