{"host":"sxnl403xm2xmiyj1","time":1608706229,"event":{"mods":["AchievementEnabler","BaseMod","Colored Map","Keyboard Shortcuts","Minty Spire (QoL Compilation)","Quick Restart","StSLib","SuperFastMode"],"gold_per_floor":[111,127,127,127,148,148,148,181,205,249,269,269,287,312,312,433,433,451,475,500,4,24,24,24],"floor_reached":23,"playtime":559,"items_purged":[],"score":306,"play_id":"3ed14f91-6f0f-49ef-9c72-6309dd6ce542","local_time":"20201223155029","is_ascension_mode":true,"campfire_choices":[{"data":"Poisoned Stab","floor":6.0,"key":"SMITH"},{"data":"Blade Dance","floor":15.0,"key":"SMITH"}],"circlet_count":0,"master_deck":["Strike_G+1","Strike_G","Strike_G+1","Defend_G+1","Defend_G+1","Defend_G","Defend_G","Defend_G","Survivor","Neutralize","Adrenaline","Terror","Slice","Poisoned Stab+1","Slice","Blur","Blade Dance+1","Finisher","Backstab","Tools of the Trade","Poisoned Stab","Poisoned Stab","Cloak And Dagger+1","Deflect+1","Backflip+1","Blade Dance+1"],"relics":["Ring of the Snake","Golden Idol","War Paint","Whetstone","Snake Skull","Ancient Tea Set","Empty Cage","Toxic Egg 2","Bronze Scales"],"acts_visited":["Exordium","TheCity"],"potions_floor_usage":[23,23],"damage_taken":[{"damage":0.0,"enemies":"2 Louse","floor":1.0,"turns":3.0},{"damage":0.0,"enemies":"Small Slimes","floor":2.0,"turns":3.0},{"damage":1.0,"enemies":"Cultist","floor":5.0,"turns":3.0},{"damage":34.0,"enemies":"Gremlin Nob","floor":8.0,"turns":4.0},{"damage":15.0,"enemies":"Lagavulin","floor":10.0,"turns":5.0},{"damage":0.0,"enemies":"Gremlin Gang","floor":11.0,"turns":5.0},{"damage":0.0,"enemies":"Exordium Wildlife","floor":13.0,"turns":4.0},{"damage":3.0,"enemies":"Exordium Thugs","floor":14.0,"turns":2.0},{"damage":0.0,"enemies":"Hexaghost","floor":16.0,"turns":5.0},{"damage":17.0,"enemies":"Shell Parasite","floor":18.0,"turns":4.0},{"damage":6.0,"enemies":"2 Thieves","floor":19.0,"turns":4.0},{"damage":31.0,"enemies":"Cultist and Chosen","floor":20.0,"turns":5.0},{"damage":17,"enemies":"Sentry and Sphere","floor":22,"turns":6},{"damage":0,"enemies":"Slavers","floor":23,"turns":2}],"seed_played":"4639493703381283832","potions_obtained":[{"floor":8.0,"key":"SteroidPotion"},{"floor":10.0,"key":"Explosive Potion"},{"floor":13.0,"key":"Swift Potion"},{"floor":16.0,"key":"Weak Potion"},{"floor":20.0,"key":"Weak Potion"},{"floor":22,"key":"Energy Potion"}],"is_trial":false,"path_per_floor":["M","M","?","?","M","R","?","E","T","E","M","?","M","M","R","B",null,"M","M","M","$","M","E"],"character_chosen":"THE_SILENT","items_purchased":["Toxic Egg 2","Deflect+1","Bronze Scales","Backflip+1"],"campfire_rested":0,"item_purchase_floors":[21,21,21,21],"current_hp_per_floor":[70,70,70,53,52,52,57,23,23,8,8,8,8,5,5,5,75,58,52,21,21,4,4,4],"gold":24,"neow_bonus":"ONE_RANDOM_RARE_CARD","is_daily":false,"chose_seed":false,"campfire_upgraded":2,"win_rate":0.0,"timestamp":1608706229,"path_taken":["M","M","?","?","M","R","?","E","T","E","M","?","?","M","R","BOSS","M","M","?","$","M","E"],"items_purchased_type":["Relic","Card","Relic","Card"],"build_version":"2020-12-22","purchased_purges":0,"victory":false,"max_hp_per_floor":[70,70,70,70,70,70,75,75,75,75,75,75,75,75,75,75,75,75,75,75,75,75,75,75],"card_choices":[{"not_picked":["PiercingWail","Deflect"],"picked":"Terror","floor":1.0},{"not_picked":["Flying Knee","Endless Agony"],"picked":"Slice","floor":2.0},{"not_picked":["Sucker Punch","Prepared"],"picked":"Poisoned Stab","floor":5.0},{"not_picked":["Unload","Bullet Time"],"picked":"Slice","floor":8.0},{"not_picked":["Outmaneuver","Dagger Spray"],"picked":"Blur","floor":10.0},{"not_picked":["Deflect","Slice"],"picked":"Blade Dance","floor":11.0},{"not_picked":["Underhanded Strike","Catalyst"],"picked":"Finisher","floor":13.0},{"not_picked":["Skewer","Backflip"],"picked":"Backstab","floor":14.0},{"not_picked":["Doppelganger","Corpse Explosion"],"picked":"Tools of the Trade","floor":16.0},{"not_picked":["Dodge and Roll","Distraction+1"],"picked":"Poisoned Stab","floor":18.0},{"not_picked":["Flechettes+1","Blur"],"picked":"Poisoned Stab","floor":19.0},{"not_picked":["Outmaneuver+1","Dagger Spray"],"picked":"Cloak And Dagger+1","floor":20.0},{"not_picked":["Dagger Throw","Prepared+1"],"picked":"Blade Dance+1","floor":22}],"player_experience":118332,"relics_obtained":[{"floor":8.0,"key":"War Paint"},{"floor":9.0,"key":"Whetstone"},{"floor":10.0,"key":"Snake Skull"}],"event_choices":[{"damage_healed":0.0,"max_hp_gain":0.0,"max_hp_loss":0.0,"gold_gain":0.0,"event_name":"Liars Game","player_choice":"Ignored","floor":3.0,"gold_loss":0.0,"damage_taken":0.0},{"damage_healed":0.0,"max_hp_gain":0.0,"max_hp_loss":0.0,"gold_gain":0.0,"event_name":"Golden Idol","player_choice":"Take Damage","floor":4.0,"gold_loss":0.0,"damage_taken":17.0,"relics_obtained":["Golden Idol"]},{"damage_healed":0.0,"max_hp_gain":5.0,"max_hp_loss":0.0,"gold_gain":0.0,"event_name":"Big Fish","player_choice":"Donut","floor":7.0,"gold_loss":0.0,"damage_taken":0.0},{"damage_healed":0.0,"max_hp_gain":0.0,"max_hp_loss":0.0,"gold_gain":0.0,"event_name":"WeMeetAgain","player_choice":"Gave Potion","floor":12.0,"gold_loss":0.0,"damage_taken":0.0,"relics_obtained":["Ancient Tea Set"]}],"is_beta":false,"boss_relics":[{"not_picked":["Philosopher\u0027s Stone","SlaversCollar"],"picked":"Empty Cage"}],"items_purged_floors":[],"is_endless":false,"potions_floor_spawned":[8,10,13,16,20,22],"killed_by":"Slavers","ascension_level":4}}