{"host":"ci7ivtocgfxh0ueo","time":1608697049,"event":{"mods":["BaseMod","GifTheSpireLib","Minty Spire (QoL Compilation)","StSLib"],"gold_per_floor":[117,130,147,17,80,80,114,127,151,151,151,163,28,39,39,112,112,122,122,102,102,121,121,131,74,74,87,87,98,43,61,61,61,61],"floor_reached":33,"playtime":934,"items_purged":[],"score":511,"play_id":"ed61d827-f05c-40bc-9052-19e3710c87f4","local_time":"20201223121729","is_ascension_mode":true,"campfire_choices":[{"data":"Terror","floor":6,"key":"SMITH"},{"data":"All Out Attack","floor":11,"key":"SMITH"},{"floor":15,"key":"REST"},{"data":"Adrenaline","floor":23,"key":"SMITH"},{"floor":32,"key":"REST"}],"circlet_count":0,"master_deck":["AscendersBane","Strike_G","Strike_G","Strike_G","Strike_G","Strike_G","Defend_G","Defend_G","Defend_G","Defend_G","Defend_G","Survivor","Neutralize","Noxious Fumes","Cloak And Dagger","Poisoned Stab","Acrobatics","Underhanded Strike","Terror+1","Poisoned Stab","All Out Attack+1","Underhanded Strike","Escape Plan","Dash","All Out Attack","Adrenaline+1","Acrobatics","Writhe","Acrobatics","Burst","Underhanded Strike","Bouncing Flask","Underhanded Strike","Adrenaline+1","Heel Hook+1"],"relics":["Ring of the Serpent","Prayer Wheel","Dream Catcher","Juzu Bracelet","MealTicket","Orichalcum"],"acts_visited":["Exordium","TheCity"],"potions_floor_usage":[3,7,16,22,24,24,27,29,33,33],"damage_taken":[{"damage":0,"enemies":"Cultist","floor":1,"turns":3},{"damage":0,"enemies":"2 Louse","floor":2,"turns":4},{"damage":0,"enemies":"Jaw Worm","floor":3,"turns":3},{"damage":17,"enemies":"Lagavulin","floor":7,"turns":6},{"damage":4,"enemies":"Blue Slaver","floor":8,"turns":2},{"damage":9,"enemies":"Red Slaver","floor":12,"turns":3},{"damage":0,"enemies":"Lots of Slimes","floor":14,"turns":3},{"damage":42,"enemies":"Slime Boss","floor":16,"turns":9},{"damage":4,"enemies":"Chosen","floor":18,"turns":4},{"damage":2,"enemies":"Spheric Guardian","floor":22,"turns":4},{"damage":35,"enemies":"Snake Plant","floor":24,"turns":4},{"damage":0,"enemies":"Snecko","floor":27,"turns":4},{"damage":10,"enemies":"3 Cultists","floor":29,"turns":4},{"damage":13,"enemies":"Centurion and Healer","floor":31,"turns":4},{"damage":53,"enemies":"Collector","floor":33,"turns":6}],"seed_played":"83886933154195494","potions_obtained":[{"floor":1,"key":"BlessingOfTheForge"},{"floor":2,"key":"BlessingOfTheForge"},{"floor":7,"key":"LiquidBronze"},{"floor":20,"key":"GhostInAJar"},{"floor":22,"key":"Ancient Potion"},{"floor":24,"key":"Fruit Juice"},{"floor":31,"key":"Ancient Potion"}],"is_trial":false,"path_per_floor":["M","M","M","$","?","R","E","M","T","?","R","M","$","M","R","B",null,"M","?","?","?","M","R","M","$","T","M","?","M","$","M","R","B"],"character_chosen":"THE_SILENT","items_purchased":["Terror","Poisoned Stab","PowerPotion","Escape Plan","PowerPotion","Dexterity Potion"],"campfire_rested":2,"item_purchase_floors":[4,4,13,13,25,30],"current_hp_per_floor":[44,44,44,44,44,44,27,23,23,39,39,30,30,30,49,7,51,47,47,47,47,45,45,15,30,30,30,30,20,35,22,42,0,0],"gold":61,"neow_bonus":"ONE_RARE_RELIC","is_daily":false,"chose_seed":false,"campfire_upgraded":3,"win_rate":0.0,"timestamp":1608697049,"path_taken":["M","?","M","$","?","R","E","M","T","?","R","M","?","M","R","BOSS","M","?","?","?","M","R","M","$","T","M","?","M","$","M","R","BOSS"],"items_purchased_type":["Card","Card","Potion","Card","Potion","Potion"],"build_version":"2020-12-13","purchased_purges":0,"victory":false,"max_hp_per_floor":[66,66,66,66,66,66,66,66,66,66,66,66,66,66,66,66,66,66,63,63,63,63,63,68,68,68,68,68,68,68,68,68,68,68],"card_choices":[{"not_picked":["Concentrate","Cloak And Dagger"],"picked":"Noxious Fumes","floor":1},{"not_picked":["Skewer","Calculated Gamble"],"picked":"Cloak And Dagger","floor":1},{"not_picked":["Flying Knee","Deflect"],"picked":"Poisoned Stab","floor":2},{"not_picked":["Deflect","Quick Slash","Choke"],"picked":"SKIP","floor":2},{"not_picked":["Blur","Blade Dance"],"picked":"Acrobatics","floor":3},{"not_picked":["Calculated Gamble","PiercingWail"],"picked":"Underhanded Strike","floor":3},{"not_picked":["Burst","Bouncing Flask"],"picked":"All Out Attack","floor":7},{"not_picked":["Quick Slash","Flechettes","Blur"],"picked":"SKIP","floor":8},{"not_picked":["Deflect","Backflip","Dagger Spray"],"picked":"SKIP","floor":8},{"not_picked":["Acrobatics","Reflex"],"picked":"Underhanded Strike","floor":12},{"not_picked":["Blade Dance","Sucker Punch","Underhanded Strike"],"picked":"SKIP","floor":12},{"not_picked":["Deadly Poison","Grand Finale"],"picked":"Dash","floor":14},{"not_picked":["Blade Dance","Deflect","PiercingWail"],"picked":"SKIP","floor":14},{"not_picked":["PiercingWail","Concentrate"],"picked":"All Out Attack","floor":15},{"not_picked":["Burst","Bullet Time"],"picked":"Adrenaline","floor":16},{"not_picked":["Backflip","Deflect"],"picked":"Acrobatics","floor":18},{"not_picked":["Backflip","Dagger Spray","Deflect"],"picked":"SKIP","floor":18},{"not_picked":["Predator","Prepared"],"picked":"Acrobatics","floor":22},{"not_picked":["Dodge and Roll","Leg Sweep"],"picked":"Burst","floor":22},{"not_picked":["Deadly Poison","PiercingWail"],"picked":"Underhanded Strike","floor":24},{"not_picked":["Dodge and Roll","Outmaneuver"],"picked":"Bouncing Flask","floor":24},{"not_picked":["Storm of Steel","Skewer"],"picked":"Underhanded Strike","floor":27},{"not_picked":["Backflip","Leg Sweep","Dagger Spray"],"picked":"SKIP","floor":27},{"not_picked":["Dodge and Roll","PiercingWail","Slice"],"picked":"SKIP","floor":29},{"not_picked":["Poisoned Stab+1","Slice","Expertise+1"],"picked":"SKIP","floor":29},{"not_picked":["Bane+1","Dodge and Roll"],"picked":"Heel Hook+1","floor":31},{"not_picked":["Setup+1","PiercingWail","Blade Dance"],"picked":"SKIP","floor":31}],"player_experience":1280824,"relics_obtained":[{"floor":7,"key":"Dream Catcher"},{"floor":9,"key":"Juzu Bracelet"},{"floor":26,"key":"Orichalcum"}],"event_choices":[{"damage_healed":0,"gold_gain":63,"player_choice":"Gained Gold","damage_taken":0,"max_hp_gain":0,"max_hp_loss":0,"event_name":"Golden Wing","floor":5,"gold_loss":0},{"damage_healed":16,"gold_gain":0,"player_choice":"Healed and dodged fight","damage_taken":0,"max_hp_gain":0,"max_hp_loss":0,"event_name":"Mushrooms","floor":10,"gold_loss":0,"cards_obtained":["Parasite"]},{"cards_removed":["Parasite"],"damage_healed":0,"gold_gain":0,"player_choice":"Purged","damage_taken":0,"max_hp_gain":0,"max_hp_loss":0,"event_name":"Purifier","floor":19,"gold_loss":0},{"damage_healed":0,"gold_gain":0,"player_choice":"Bought 1 Potion","damage_taken":0,"max_hp_gain":0,"max_hp_loss":0,"event_name":"The Woman in Blue","floor":20,"gold_loss":0},{"damage_healed":0,"gold_gain":0,"player_choice":"Opened","damage_taken":0,"relics_obtained":["MealTicket"],"max_hp_gain":0,"max_hp_loss":0,"event_name":"The Mausoleum","floor":21,"gold_loss":0,"cards_obtained":["Writhe"]},{"damage_healed":0,"gold_gain":0,"player_choice":"Copied","damage_taken":0,"max_hp_gain":0,"max_hp_loss":0,"event_name":"Duplicator","floor":28,"gold_loss":0,"cards_obtained":["Adrenaline"]}],"is_beta":false,"boss_relics":[{"not_picked":["Velvet Choker","WristBlade"],"picked":"Ring of the Serpent"}],"items_purged_floors":[],"is_endless":false,"potions_floor_spawned":[1,2,7,14,22,24,31],"killed_by":"Collector","ascension_level":17}}