{"host":"fbjkyf8096sobcph","time":1608751681,"event":{"mods":["2.2 Compatiblity","AchievementEnabler","Aspiration","BaseMod","Better Altar","Better Match","Better Note","Better Sensory Stone","Better Skull","Better Third Choice","BetterRewards","CCEM","Clawfect","Colored Map","Conspire","Downfall","GifTheSpireLib","Halation","Highlight Path","Hubris","Infinite Spire","Mimic Mod","Minty Spire (QoL Compilation)","Permanent Neow","Replay The Spire","Shop Mod","Spicy Shops","StSLib","Stuff the Spire","Unceasing Turn Reminder","Waifu the Spire","everything is the same but u backflip on backflip","slay the spire mod where everything is the same but ironclad has a cowboy hat"],"gold_per_floor":[199,217,217,217,237,162,162,193,193,211,221,221,221,60,70,70,70],"floor_reached":16,"playtime":1161,"items_purged":[],"score":100,"play_id":"27d44d56-7a89-4394-b55a-6f05648ff4a2","local_time":"20201223202801","is_ascension_mode":false,"campfire_choices":[{"floor":1,"key":"RECALL"},{"data":"sneckomod:WideSting","floor":6,"key":"SMITH"},{"data":"sneckomod:Nope","floor":12,"key":"SMITH"}],"circlet_count":0,"master_deck":["sneckomod:Strike","sneckomod:Strike","sneckomod:Strike","sneckomod:Defend","sneckomod:Defend","sneckomod:Defend","sneckomod:TailWhip","sneckomod:SnekBite","sneckomod:Unknown+1","sneckomod:Unknown+1","sneckomod:WideSting+1","sneckomod:QuickMove","sneckomod:UnknownClassSLIMEBOUND","hubris:NaturalOne","sneckomod:UnknownClassINFINITE_BLACK","sneckomod:Nope+1","Injury","sneckomod:Cheat+1","sneckomod:Unknown2Cost+1"],"relics":["sneckomod:SneckoSoul","hubris:Icosahedron","downfall:HeartBlessingRed","Replay:Bottled Eggs","FossilizedHelix","Toxic Egg 2","aspiration:Nostalgia","m_BurningSludge"],"acts_visited":["Exordium"],"potions_floor_usage":[16,16],"damage_taken":[{"damage":4,"enemies":"2 Louse","floor":2,"turns":3},{"damage":5,"enemies":"Small Slimes","floor":5,"turns":4},{"damage":17,"enemies":"3 Sentries","floor":8,"turns":4},{"damage":0,"enemies":"Jaw Worm","floor":10,"turns":3},{"damage":0,"enemies":"3 Louse","floor":11,"turns":3},{"damage":4,"enemies":"downfall:FleeingMerchant","floor":14,"turns":4},{"damage":0,"enemies":"Exordium Wildlife","floor":15,"turns":4},{"damage":78,"enemies":"downfall:Watcher","floor":16,"turns":14}],"seed_played":"4565808149886487127","potions_obtained":[{"floor":8,"key":"SpeedPotion"},{"floor":10,"key":"BlessingOfTheForge"},{"floor":15,"key":"LifebloodPotion"}],"is_trial":false,"path_per_floor":["R","M","?","?","M","R","T","E","?","M","M","R","?","$","M","B"],"character_chosen":"THE_SNECKO","items_purchased":["aspiration:Nostalgia"],"campfire_rested":0,"item_purchase_floors":[14],"current_hp_per_floor":[90,86,86,86,81,81,81,78,78,79,79,79,79,75,76,0,0],"gold":70,"neow_bonus":"HUNDRED_GOLD","is_daily":false,"chose_seed":false,"campfire_upgraded":2,"win_rate":0.0,"timestamp":1608751681,"path_taken":["R","M","?","?","M","R","T","E","?","M","?","R","?","?","M","BOSS"],"items_purchased_type":["Relic"],"build_version":"2020-12-22","purchased_purges":0,"victory":false,"max_hp_per_floor":[90,90,90,90,90,90,90,91,91,92,92,92,92,92,93,93,93],"card_choices":[{"not_picked":["sneckomod:UnknownStrike","sneckomod:QuickBite"],"picked":"sneckomod:WideSting","floor":2},{"not_picked":["sneckomod:UnknownCommonAttack","sneckomod:DiceBoulder"],"picked":"sneckomod:QuickMove","floor":5},{"not_picked":["sneckomod:UnknownStrike","sneckomod:SoulDraw"],"picked":"sneckomod:UnknownClassSLIMEBOUND","floor":8},{"not_picked":["sneckomod:PureSnecko","sneckomod:UnknownCommonAttack"],"picked":"sneckomod:UnknownClassINFINITE_BLACK","floor":10},{"not_picked":["sneckomod:QuickMove","sneckomod:QuickBite"],"picked":"sneckomod:Nope","floor":11},{"not_picked":["sneckomod:WideSting","sneckomod:QuickMove+1"],"picked":"sneckomod:Cheat+1","floor":14},{"not_picked":["sneckomod:UnknownVulnerable+1","sneckomod:DiceCrush"],"picked":"sneckomod:Unknown2Cost+1","floor":15}],"player_experience":185686,"relics_obtained":[{"floor":7,"key":"Replay:Bottled Eggs"},{"floor":8,"key":"FossilizedHelix"}],"event_choices":[],"is_beta":false,"boss_relics":[],"items_purged_floors":[],"is_endless":false,"potions_floor_spawned":[8,10,15],"killed_by":"downfall:Watcher","ascension_level":0}}