{"host":"bnl7o5cb2omwu7ka","time":1608718443,"event":{"mods":["AchievementEnabler","Alarm Clock","Astrologer","BaseMod","BetterRewards","Block Reminder","Colored Map","Colored Powertips","Conspire","Defective Defect","Downfall","Energized Spire","Googly Eyes","Highlight Path","Infinite Spire","Ironclad Rager","Jedi Mod","Jess\u0027s Bottle","Mimic Mod","Minty Spire (QoL Compilation)","Permanent Neow","Quick Restart","Rare Cards Sparkle","Relic Stats","Replay The Spire","ShortenTheSpire","Spicy Shops","Spikes Relics","Spire Birthday Party","StSLib","The IronCluck","egg","everything is the same but u backflip on backflip","slay the spire mod where everything is the same but ironclad has a cowboy hat","vexMod"],"gold_per_floor":[99,126,301,353,353,366,415,427,427,456,473,184,195,210,220,317,317,317,337,197,197,278,325,366,366,366,406,167,187,137,176,217,337,337,337,379,429,482,482,537,560,621,670,731,242,284,209,241,279,349],"floor_reached":51,"playtime":10210,"items_purged":["Doubt","hexamod:Defend","hexamod:Strike","hexamod:Strike","hexamod:Strike"],"score":829,"play_id":"45ff234d-4430-48a2-bdee-d767e23c5263","local_time":"20201223051403","is_ascension_mode":false,"campfire_choices":[{"data":"hexamod:Sear","floor":1.0,"key":"SMITH"},{"floor":5.0,"key":"REST"},{"data":"hexamod:RainOfEmbers","floor":9.0,"key":"SMITH"},{"data":"hexamod:GhostOfSpirePresent","floor":18.0,"key":"SMITH"},{"data":"hexamod:EtherealExpedition","floor":21.0,"key":"SMITH"},{"data":"hexamod:FastForward","floor":25.0,"key":"SMITH"},{"data":"hexamod:Rewind","floor":35,"key":"SMITH"},{"floor":47,"key":"REST"}],"circlet_count":0,"master_deck":["hexamod:Strike","hexamod:Defend","hexamod:Defend","hexamod:Defend","hexamod:Sear+1","hexamod:Float+1","hexamod:FastForward+1","hexamod:RainOfEmbers+1","hexamod:AdvancingGuard","hexamod:ThermalTransfer","hexamod:Hexaguard","hexamod:SearingWound","hexamod:TimeWarp","hexamod:GhostOfSpirePresent+1","hexamod:HexaLevel","hexamod:BurningTouch","hexamod:EtherealExpedition+1","hexamod:HeatMetal","hexamod:Rewind+1","hexamod:WildfireWeapon","hexamod:Firestarter","hexamod:InspiringFlames","hexamod:Rewind+1","hexamod:SpectersWail","hexamod:AdvancingGuard+1","hexamod:SpectersWail","hexamod:GhostShield","hexamod:TimeWarp","AbeCurse","hexamod:SpectralAdrenaline+1","hexamod:SoulSteal","hexamod:GhostOfSpirePast"],"relics":["hexamod:SpiritBrand","jedi:bottledfury","Smiling Mask","Replay:Rubber Ducky","MiniBlackHole","Boot","Replay:Bronze Core","Replay:Bandana","infinitespire:WardingShard","White Beast Statue","conspire:TopHat","Chemical X","Abe\u0027s Treasure","Nunchaku","ReplayTheSpireMod:Ninjato","jedi:kaleidoscope","WizardHat","infinitespire:Satchel","Meat on the Bone","conspire:DecoderRing","downfall:HeartBlessingGreen"],"acts_visited":["Exordium","TheCity","TheBeyond"],"potions_floor_usage":[],"damage_taken":[{"damage":41.0,"enemies":"Lagavulin","floor":2.0,"turns":7.0},{"damage":6.0,"enemies":"2 Louse","floor":6.0,"turns":3.0},{"damage":1.0,"enemies":"Jaw Worm","floor":8.0,"turns":3.0},{"damage":16.0,"enemies":"Gremlin Nob","floor":10.0,"turns":4.0},{"damage":0.0,"enemies":"Small Slimes","floor":11.0,"turns":2.0},{"damage":4.0,"enemies":"downfall:FleeingMerchant","floor":12.0,"turns":4.0},{"damage":2.0,"enemies":"Exordium Wildlife","floor":13.0,"turns":2.0},{"damage":0.0,"enemies":"Large Slime","floor":14.0,"turns":5.0},{"damage":2.0,"enemies":"Blue Slaver","floor":15.0,"turns":3.0},{"damage":17.0,"enemies":"downfall:Silent","floor":16.0,"turns":11.0},{"damage":0.0,"enemies":"3 Byrds","floor":19.0,"turns":5.0},{"damage":1.0,"enemies":"downfall:FleeingMerchant","floor":20.0,"turns":5.0},{"damage":0.0,"enemies":"Replay:Snechameleon","floor":23.0,"turns":3.0},{"damage":0.0,"enemies":"Snecko","floor":24.0,"turns":6.0},{"damage":51.0,"enemies":"Slavers","floor":27.0,"turns":7.0},{"damage":0.0,"enemies":"downfall:FleeingMerchant","floor":28.0,"turns":5.0},{"damage":4.0,"enemies":"Snecko","floor":29.0,"turns":5.0},{"damage":25.0,"enemies":"Snake Plant","floor":31.0,"turns":3.0},{"damage":0.0,"enemies":"Cultist and Chosen","floor":32.0,"turns":4.0},{"damage":21.0,"enemies":"downfall:Ironclad","floor":33.0,"turns":8.0},{"damage":22,"enemies":"3 Shapes","floor":36,"turns":5},{"damage":7,"enemies":"Orb Walker","floor":37,"turns":3},{"damage":0,"enemies":"Sphere and 2 Shapes","floor":38,"turns":4},{"damage":5,"enemies":"3 Darklings","floor":40,"turns":4},{"damage":17,"enemies":"conspire:MimicChest","floor":42,"turns":8},{"damage":4,"enemies":"Nemesis","floor":43,"turns":7},{"damage":0,"enemies":"Maw","floor":44,"turns":6},{"damage":0,"enemies":"downfall:FleeingMerchant","floor":45,"turns":4},{"damage":0,"enemies":"Maw","floor":46,"turns":4},{"damage":16,"enemies":"Transient","floor":48,"turns":5},{"damage":0,"enemies":"Spire Growth","floor":49,"turns":3},{"damage":0,"enemies":"downfall:Watcher","floor":50,"turns":3}],"seed_played":"8491955617044043101","potions_obtained":[{"floor":8.0,"key":"Block Potion"},{"floor":11.0,"key":"DuplicationPotion"},{"floor":14.0,"key":"Dexterity Potion"},{"floor":31.0,"key":"FairyPotion"},{"floor":36,"key":"hexamod:DoubleChargePotion"}],"is_trial":false,"path_per_floor":["R","E","?","T","R","M","T","M","R","E","M","$","M","M","M","B",null,"R","M","$","R","?","E","MIM","R","?","E","$","M","?","M","M","B",null,"R","M","M","M","?","M","T","?","E","MIM","$","M","R","M","M","B",null],"character_chosen":"THE_SPIRIT","items_purchased":["hexamod:TimeWarp","Boot","hexamod:HeatMetal","hexamod:SpectersWail","Chemical X","hexamod:SoulSteal","hexamod:GhostOfSpirePast","infinitespire:Satchel","Meat on the Bone","conspire:DecoderRing"],"campfire_rested":2,"item_purchase_floors":[12,12,20,28,28,45,45,45,45,45],"current_hp_per_floor":[70,29,29,29,50,44,44,43,43,27,27,23,21,21,19,2,70,70,70,69,69,69,69,69,69,69,18,18,14,42,17,17,21,70,70,48,41,41,41,36,36,19,15,15,15,27,48,44,44,44],"gold":349,"neow_bonus":"UPGRADE_CARD","is_daily":false,"chose_seed":false,"campfire_upgraded":6,"win_rate":0.0,"timestamp":1608718443,"path_taken":["R","E","?","?","R","M","T","M","R","E","M","$","M","M","M","BOSS","R","M","$","R","?","E","MIM","R","?","E","$","M","?","M","M","BOSS","R","M","M","M","?","M","T","?","E","?","$","?","R","?","M","BOSS"],"items_purchased_type":["Card","Relic","Card","Card","Relic","Card","Card","Relic","Relic","Relic"],"build_version":"2020-12-22","purchased_purges":5,"victory":true,"max_hp_per_floor":[70,70,70,70,70,70,70,70,70,70,70,70,70,70,70,70,70,70,70,70,70,70,70,70,70,70,70,70,70,70,70,70,70,70,70,70,70,70,70,70,70,70,70,70,70,70,70,70,70,70],"relic_stats":{"Nunchaku":[16],"counters":[12,56],"Chemical X":[12],"Smiling Mask":225,"Boot":[137],"obtain_stats":[{"WizardHat":44,"ReplayTheSpireMod:Ninjato":42,"downfall:HeartBlessingGreen":47,"jedi:bottledfury":0,"Smiling Mask":0,"Boot":0,"White Beast Statue":0,"conspire:TopHat":0,"Replay:Rubber Ducky":0,"Replay:Bandana":0,"Nunchaku":41,"jedi:kaleidoscope":43,"infinitespire:WardingShard":0,"Replay:Bronze Core":0,"conspire:DecoderRing":45,"MiniBlackHole":0,"infinitespire:Satchel":45,"Chemical X":0,"hexamod:SpiritBrand":0,"Abe\u0027s Treasure":34,"Meat on the Bone":45},{"WizardHat":7,"ReplayTheSpireMod:Ninjato":5,"downfall:HeartBlessingGreen":9,"jedi:bottledfury":0,"Smiling Mask":0,"Boot":0,"White Beast Statue":0,"conspire:TopHat":0,"Replay:Rubber Ducky":0,"Replay:Bandana":0,"Nunchaku":4,"jedi:kaleidoscope":6,"infinitespire:WardingShard":0,"Replay:Bronze Core":0,"conspire:DecoderRing":8,"MiniBlackHole":0,"infinitespire:Satchel":8,"Chemical X":0,"hexamod:SpiritBrand":0,"Abe\u0027s Treasure":0,"Meat on the Bone":8},{"WizardHat":37,"ReplayTheSpireMod:Ninjato":24,"downfall:HeartBlessingGreen":45,"jedi:bottledfury":0,"Smiling Mask":0,"Boot":0,"White Beast Statue":0,"conspire:TopHat":0,"Replay:Rubber Ducky":0,"Replay:Bandana":0,"Nunchaku":16,"jedi:kaleidoscope":31,"infinitespire:WardingShard":0,"Replay:Bronze Core":0,"conspire:DecoderRing":41,"MiniBlackHole":0,"infinitespire:Satchel":41,"Chemical X":0,"hexamod:SpiritBrand":0,"Abe\u0027s Treasure":0,"Meat on the Bone":41}],"Meat on the Bone":24},"card_choices":[{"not_picked":["hexamod:NecessarySacrifice","hexamod:GhostShield"],"picked":"hexamod:FastForward","floor":2.0},{"not_picked":["hexamod:GhostOfSpirePast","hexamod:HauntingEcho"],"picked":"hexamod:RainOfEmbers","floor":6.0},{"not_picked":["hexamod:BurningTouch","hexamod:RainOfEmbers"],"picked":"hexamod:AdvancingGuard","floor":8.0},{"not_picked":["hexamod:BacktrackSmack","hexamod:SpectersWail"],"picked":"hexamod:ThermalTransfer","floor":10.0},{"not_picked":["hexamod:AdvancingGuard","hexamod:SwordOfDarkness"],"picked":"hexamod:Hexaguard","floor":11.0},{"not_picked":["hexamod:InspiringFlames","hexamod:Again"],"picked":"hexamod:SearingWound","floor":12.0},{"not_picked":["hexamod:InspiringFlames","hexamod:FastForward","hexamod:GhostLash"],"picked":"SKIP","floor":13.0},{"not_picked":["hexamod:ThirdSeal","hexamod:BacktrackSmack"],"picked":"hexamod:GhostOfSpirePresent","floor":14.0},{"not_picked":["hexamod:ThermalTransfer","hexamod:PhantomCloak","hexamod:BacktrackSmack"],"picked":"SKIP","floor":15.0},{"not_picked":["hexamod:CrushingStance","hexamod:GhostflameInferno"],"picked":"hexamod:HexaLevel","floor":16.0},{"not_picked":["hexamod:ThirdSeal","hexamod:FastForward"],"picked":"hexamod:BurningTouch","floor":19.0},{"not_picked":["hexamod:HexaLevel","hexamod:Haunt"],"picked":"hexamod:EtherealExpedition","floor":20.0},{"not_picked":["hexamod:GhostLash","hexamod:SecondSeal"],"picked":"hexamod:Rewind","floor":22.0},{"not_picked":["hexamod:BacktrackSmack","hexamod:SecondSeal"],"picked":"hexamod:WildfireWeapon","floor":23.0},{"not_picked":["hexamod:SkipABeat+1","hexamod:NightmareStrike"],"picked":"hexamod:Firestarter","floor":24.0},{"not_picked":["hexamod:ShieldOfDarkness","hexamod:GhostOfSpirePresent"],"picked":"hexamod:InspiringFlames","floor":27.0},{"not_picked":["hexamod:RetreatToShadows","hexamod:DynamicBlow"],"picked":"hexamod:Rewind+1","floor":28.0},{"not_picked":["hexamod:GhostLash","hexamod:ThermalTransfer"],"picked":"hexamod:AdvancingGuard+1","floor":29.0},{"not_picked":["hexamod:EmpoweredFlame+1","hexamod:BacktrackSmack"],"picked":"hexamod:SpectersWail","floor":31.0},{"not_picked":["hexamod:ParanormalForm","hexamod:ShieldOfDarkness"],"picked":"hexamod:GhostShield","floor":32.0},{"not_picked":["hexamod:UnleashSpirits","hexamod:ParanormalForm"],"picked":"hexamod:TimeWarp","floor":33.0},{"not_picked":["hexamod:InspiringFlames","hexamod:FastForward+1"],"picked":"hexamod:SpectralAdrenaline+1","floor":36},{"not_picked":["hexamod:GhostflameBarrier","hexamod:Rewind+1","hexamod:SpectralAdrenaline+1"],"picked":"SKIP","floor":37},{"not_picked":["hexamod:AdvancingGuard+1","hexamod:RetreatToShadows+1","hexamod:InspiringFlames+1"],"picked":"SKIP","floor":38},{"not_picked":["hexamod:GhostShield+1","hexamod:AdvancingGuard","hexamod:Hexaguard+1"],"picked":"SKIP","floor":40},{"not_picked":["hexamod:NightmareGuise","hexamod:Rewind","hexamod:TimeWarp"],"picked":"SKIP","floor":43},{"not_picked":["hexamod:Hexaguard+1","hexamod:HeatCrush+1","hexamod:GhostShield"],"picked":"SKIP","floor":45},{"not_picked":["hexamod:ShieldOfDarkness","hexamod:GhostOfSpirePresent+1","hexamod:NecessarySacrifice"],"picked":"SKIP","floor":46},{"not_picked":["hexamod:CatchUp","hexamod:GhostOfSpirePresent","hexamod:ShieldOfDarkness"],"picked":"SKIP","floor":48},{"not_picked":["hexamod:Hexaguard+1","hexamod:GhostShield","hexamod:Haunt"],"picked":"SKIP","floor":49}],"player_experience":165600,"relics_obtained":[{"floor":2.0,"key":"jedi:bottledfury"},{"floor":4.0,"key":"Smiling Mask"},{"floor":7.0,"key":"Replay:Rubber Ducky"},{"floor":10.0,"key":"MiniBlackHole"},{"floor":22.0,"key":"Replay:Bandana"},{"floor":23.0,"key":"infinitespire:WardingShard"},{"floor":24.0,"key":"White Beast Statue"},{"floor":27.0,"key":"conspire:TopHat"},{"floor":41,"key":"Nunchaku"},{"floor":42,"key":"ReplayTheSpireMod:Ninjato"},{"floor":43,"key":"jedi:kaleidoscope"},{"floor":44,"key":"WizardHat"}],"event_choices":[{"damage_healed":0.0,"max_hp_gain":0.0,"max_hp_loss":0.0,"gold_gain":0.0,"event_name":"conspire:Investor","player_choice":"Leave","floor":26.0,"gold_loss":0.0,"damage_taken":0.0}],"is_beta":false,"boss_relics":[{"not_picked":["ReplayTheSpireMod:DimensionalGlitch","energizedSpire:EnergizedDie"],"picked":"Replay:Bronze Core"},{"not_picked":["energizedSpire:OgreHead","Coffee Dripper"],"picked":"Abe\u0027s Treasure"}],"items_purged_floors":[12,20,28,45,45],"is_endless":false,"potions_floor_spawned":[8,11,14,16,19,27,28,29,31,32,33,36,37,38,40,42,43,44,45,46,48,49],"ascension_level":0}}