{"host":"gxjonk51sng5agiq","time":1608719630,"event":{"mods":["AchievementEnabler","BaseMod","Better Note","Colored Map","Downfall","Hermit","Marisa????????","Minty Spire (QoL Compilation)","READ ME - Guardian Mod","Replay The Spire","Shop Mod","StSLib","The Animator","The Bug Knight","The Cursed","The Jungle","The Poker Player","The Senshi","The Servant 0.9.4","[IsaacMod]????"],"gold_per_floor":[123,134,134,145,167,212,212,230,300,300,343,376,403,435,435,579,579,626,666,666,717,350,350,362,423,423,423,455,455,146,176,176,211,211],"floor_reached":33,"playtime":4838,"items_purged":["Decay"],"score":308,"play_id":"0b08c8e2-bfef-49f0-a180-06a21958bf5b","local_time":"20201223023350","is_ascension_mode":false,"campfire_choices":[{"floor":7.0,"key":"RECALL"},{"data":"theSenshi:ChibiMoonsLove","floor":15.0,"key":"SMITH"},{"floor":23.0,"key":"REST"},{"floor":32,"key":"REST"}],"circlet_count":0,"master_deck":["theSenshi:SailorKick","theSenshi:SailorKick","theSenshi:SailorKick","theSenshi:SailorBlock","theSenshi:SailorBlock","theSenshi:SailorBlock","theSenshi:SailorBlock","theSenshi:RoseThrow","theSenshi:MoonPrismPowerMakeUp","BloodyBrimstone","theSenshi:JupitersPower","theSenshi:LunaWiseMentor","theSenshi:TallSilhouette","theSenshi:MoonTiaraMagic","theSenshi:TuxedoSmokingBomber","theSenshi:MoonKick","theSenshi:MoonPrincessHalation","theSenshi:ChibiMoonsLove+1","theSenshi:MoonsReflection","theSenshi:SailorVenusAssists","theSenshi:SaturnsMystery","theSenshi:IWillPunishYou","Dark Shackles+1","theSenshi:SupersonicWaves+1","theSenshi:SupersonicWaves+1","theSenshi:LunasBite","theSenshi:SupersonicWaves","theSenshi:PlutosSolemnity","EpicFetus","theSenshi:SailorVenusAssists","theSenshi:IWillPunishYou","theSenshi:LateForSchool+1","theSenshi:UranusStrength","expansioncontent:DashGenerateEvil","PanicButton","theSenshi:InTheNickOfTime","theSenshi:SailorPlanetPower"],"relics":["theSenshi:TransformationBroochRelic","HushsDoor","SalivaCoin","Mummified Hand","Snack Pack","Nunchaku","Astrolabe","ReplayTheSpireMod:Lightbulb","Replay:Bottled Snecko"],"acts_visited":["Exordium","TheCity"],"potions_floor_usage":[],"damage_taken":[{"damage":1.0,"enemies":"Cultist","floor":1.0,"turns":5.0},{"damage":0.0,"enemies":"2 Louse","floor":2.0,"turns":4.0},{"damage":0.0,"enemies":"Small Slimes","floor":4.0,"turns":5.0},{"damage":8.0,"enemies":"Red Slaver","floor":5.0,"turns":4.0},{"damage":8.0,"enemies":"3 Sentries","floor":6.0,"turns":8.0},{"damage":8.0,"enemies":"Looter","floor":8.0,"turns":4.0},{"damage":20.0,"enemies":"Lagavulin","floor":11.0,"turns":6.0},{"damage":32.0,"enemies":"2 Fungi Beasts","floor":12.0,"turns":6.0},{"damage":13.0,"enemies":"Blue Slaver","floor":13.0,"turns":4.0},{"damage":4.0,"enemies":"Gremlin Gang","floor":14.0,"turns":5.0},{"damage":43.0,"enemies":"Slime Boss","floor":16.0,"turns":15.0},{"damage":24.0,"enemies":"Shell Parasite","floor":18.0,"turns":6.0},{"damage":3.0,"enemies":"3 Byrds","floor":19.0,"turns":3.0},{"damage":33.0,"enemies":"Centurion and Healer","floor":21.0,"turns":9.0},{"damage":0.0,"enemies":"3 Cultists","floor":24.0,"turns":3.0},{"damage":39.0,"enemies":"Gremlin Leader","floor":25.0,"turns":7.0},{"damage":25.0,"enemies":"Chosen and Byrds","floor":28.0,"turns":7.0},{"damage":17,"enemies":"Shelled Parasite and Fungi","floor":31,"turns":6},{"damage":53,"enemies":"Champ","floor":33,"turns":13}],"seed_played":"-8786253932479386371","potions_obtained":[{"floor":4.0,"key":"Cursed Concoction"},{"floor":5.0,"key":"EssenceOfSteel"},{"floor":14.0,"key":"LiquidMemories"},{"floor":16.0,"key":"Adrenaline Potion"},{"floor":19.0,"key":"Block Potion"},{"floor":25.0,"key":"Block Potion"}],"is_trial":false,"path_per_floor":["M","M","T","M","M","E","R","M","T","?","E","M","M","M","R","B",null,"M","M","?","M","$","R","M","E","T","?","M","?","$","M","R","B"],"character_chosen":"THE_SENSHI","items_purchased":["EpicFetus","theSenshi:SailorVenusAssists","Explosive Potion","expansioncontent:DashGenerateEvil","PanicButton","theSenshi:InTheNickOfTime"],"campfire_rested":2,"item_purchase_floors":[22,22,22,30,30,30],"current_hp_per_floor":[74,74,74,74,66,58,58,50,50,50,34,12,9,19,19,7,72,54,51,51,47,47,67,69,41,41,41,20,20,20,20,40,0,0],"gold":211,"neow_bonus":"THREE_RARE_CARDS","is_daily":false,"chose_seed":false,"campfire_upgraded":1,"win_rate":0.0,"timestamp":1608719630,"path_taken":["M","M","?","M","M","E","R","M","T","?","E","M","?","M","R","BOSS","M","M","?","M","$","R","M","E","T","?","?","?","$","M","R","BOSS"],"items_purchased_type":["Card","Card","Potion","Card","Card","Card"],"build_version":"2020-12-22","purchased_purges":1,"victory":false,"max_hp_per_floor":[75,75,75,75,75,75,75,75,75,75,75,75,75,75,75,72,72,72,69,69,69,69,69,69,69,69,69,69,69,69,69,69,69,69],"card_choices":[{"not_picked":[],"picked":"BloodyBrimstone","floor":0.0},{"not_picked":["theSenshi:FatedKiss","theSenshi:InTheNameOfTheMoon"],"picked":"theSenshi:JupitersPower","floor":0.0},{"not_picked":["theSenshi:SailorVenusAssists","theSenshi:EncouragingSpeech"],"picked":"theSenshi:LunaWiseMentor","floor":1.0},{"not_picked":["theSenshi:EncouragingSpeech","theSenshi:DramaticEntrance"],"picked":"theSenshi:TallSilhouette","floor":2.0},{"not_picked":["theSenshi:SteeledNerves","theSenshi:LunaSensingAllies"],"picked":"theSenshi:MoonTiaraMagic","floor":4.0},{"not_picked":["theSenshi:OdangoHead","theSenshi:MercurysCunning"],"picked":"theSenshi:TuxedoSmokingBomber","floor":5.0},{"not_picked":["theSenshi:DramaticEntrance","Bomb"],"picked":"theSenshi:MoonKick","floor":6.0},{"not_picked":["theSenshi:SailorMercuryAssists","theSenshi:CrisisMakeUp"],"picked":"theSenshi:MoonPrincessHalation","floor":8.0},{"not_picked":["theSenshi:SailorStarMakerAssists","theSenshi:TuxedoMaskAssists"],"picked":"theSenshi:ChibiMoonsLove","floor":11.0},{"not_picked":["theSenshi:TuxedoSmokingBomber","theSenshi:LateForSchool"],"picked":"theSenshi:MoonsReflection","floor":12.0},{"not_picked":["theSenshi:MoonsReflection","theSenshi:MoonPunch"],"picked":"theSenshi:SailorVenusAssists","floor":13.0},{"not_picked":["theSenshi:SailorMercuryAssists","theSenshi:SupersonicWaves"],"picked":"theSenshi:SaturnsMystery","floor":14.0},{"not_picked":["theSenshi:SilverMoonCrystalPowerKiss","theSenshi:SailorPlutoAssists"],"picked":"theSenshi:IWillPunishYou","floor":16.0},{"not_picked":["theSenshi:TuxedoSmokingBomber","theSenshi:MoonPrincessHalation"],"picked":"theSenshi:LunasBite","floor":18.0},{"not_picked":["theSenshi:TallSilhouette","theSenshi:MoonSpiralHeartAttack"],"picked":"theSenshi:SupersonicWaves","floor":19.0},{"not_picked":["theSenshi:SailorNeptuneAssists+1","theSenshi:MoonsReflection"],"picked":"theSenshi:PlutosSolemnity","floor":21.0},{"not_picked":["theSenshi:SailorUranusAssists","theSenshi:SchoolBag"],"picked":"theSenshi:IWillPunishYou","floor":24.0},{"not_picked":["theSenshi:MoonCrisisMakeUp","theSenshi:MoonKick"],"picked":"theSenshi:LateForSchool+1","floor":25.0},{"not_picked":["theSenshi:LunasBite","theSenshi:MoonPrincessHalation"],"picked":"theSenshi:UranusStrength","floor":28.0},{"not_picked":["theSenshi:HesSoDreamy+1","theSenshi:SailorMercuryAssists+1"],"picked":"theSenshi:SailorPlanetPower","floor":31}],"player_experience":189534,"relics_obtained":[{"floor":6.0,"key":"Mummified Hand"},{"floor":9.0,"key":"Snack Pack"},{"floor":11.0,"key":"Nunchaku"},{"floor":25.0,"key":"ReplayTheSpireMod:Lightbulb"},{"floor":26.0,"key":"Replay:Bottled Snecko"}],"event_choices":[{"damage_healed":0.0,"max_hp_gain":0.0,"max_hp_loss":0.0,"gold_gain":0.0,"event_name":"Dead Adventurer","player_choice":"Searched \u00270\u0027 times","floor":10.0,"gold_loss":0.0,"damage_taken":0.0},{"damage_healed":0.0,"max_hp_gain":0.0,"max_hp_loss":0.0,"gold_gain":0.0,"event_name":"Wheel of Change","player_choice":"Cursed","floor":20.0,"gold_loss":0.0,"damage_taken":0.0,"cards_obtained":["Decay"]},{"damage_healed":0.0,"max_hp_gain":0.0,"max_hp_loss":0.0,"gold_gain":0.0,"event_name":"betterNote:BetterNote","player_choice":"Ignored","floor":27.0,"gold_loss":0.0,"damage_taken":0.0,"cards_obtained":["Mind Blast"]}],"is_beta":false,"boss_relics":[{"not_picked":["Ectoplasm","Velvet Choker"],"picked":"Astrolabe"},{"not_picked":[]}],"items_purged_floors":[22],"is_endless":false,"potions_floor_spawned":[4,5,14,16,19,25],"killed_by":"Champ","ascension_level":0}}