{"host":"pjgcdp3h1plnbocs","time":1608724372,"event":{"mods":["AchievementEnabler","BaseMod","Colored Map","Highlight Path","Minty Spire (QoL Compilation)"],"gold_per_floor":[116,131,143,143,1,1,1,1,1,1,29,41,54,384,384,482,482,501,521,521,521,536,570,570,598,668,683,693,720,720,739,739,840,840,851,866,877,372,389,389,422,440,440,468,468,497,497,497,497,497],"floor_reached":51,"playtime":2475,"items_purged":["Strike_G","Strike_G"],"score":1310,"play_id":"31ab8611-05e5-411a-9483-fe1b0059a761","local_time":"20201223125252","is_ascension_mode":true,"campfire_choices":[{"data":"A Thousand Cuts","floor":6.0,"key":"SMITH"},{"data":"Footwork","floor":8.0,"key":"SMITH"},{"data":"Neutralize","floor":10.0,"key":"SMITH"},{"data":"Blade Dance","floor":15.0,"key":"SMITH"},{"data":"Finisher","floor":24.0,"key":"SMITH"},{"floor":32.0,"key":"REST"},{"floor":40.0,"key":"REST"},{"floor":45,"key":"REST"},{"floor":47,"key":"REST"},{"floor":49,"key":"RECALL"}],"circlet_count":0,"master_deck":["Strike_G+1","Strike_G+1","Defend_G+1","Defend_G+1","Defend_G+1","Defend_G+1","Defend_G+1","Survivor+1","Neutralize+1","A Thousand Cuts+1","Acrobatics+1","Cloak And Dagger+1","Backstab+1","Footwork+1","Blade Dance+1","Backflip+1","Cloak And Dagger+1","Finisher+1","Dagger Spray+1","Footwork+1","Footwork+1","Apotheosis+1"],"relics":["Ring of the Serpent","Happy Flower","Mummified Hand","Bag of Preparation","Old Coin","MealTicket","Shuriken","InkBottle","Centennial Puzzle","Black Star","Omamori","Sundial","Ancient Tea Set","Ninja Scroll","Regal Pillow","CaptainsWheel","Potion Belt","The Courier","Mark of the Bloom"],"acts_visited":["Exordium","TheCity","TheBeyond"],"potions_floor_usage":[50,50,50],"damage_taken":[{"damage":2.0,"enemies":"2 Louse","floor":1.0,"turns":3.0},{"damage":4.0,"enemies":"Jaw Worm","floor":2.0,"turns":5.0},{"damage":1.0,"enemies":"Cultist","floor":3.0,"turns":5.0},{"damage":7.0,"enemies":"Lagavulin","floor":11.0,"turns":9.0},{"damage":0.0,"enemies":"3 Louse","floor":12.0,"turns":3.0},{"damage":0.0,"enemies":"Gremlin Gang","floor":13.0,"turns":4.0},{"damage":0.0,"enemies":"3 Sentries","floor":14.0,"turns":3.0},{"damage":10.0,"enemies":"The Guardian","floor":16.0,"turns":12.0},{"damage":6.0,"enemies":"3 Byrds","floor":18.0,"turns":2.0},{"damage":14.0,"enemies":"2 Thieves","floor":19.0,"turns":3.0},{"damage":0.0,"enemies":"Sentry and Sphere","floor":22.0,"turns":5.0},{"damage":6.0,"enemies":"Slavers","floor":23.0,"turns":4.0},{"damage":18.0,"enemies":"Gremlin Leader","floor":25.0,"turns":5.0},{"damage":10.0,"enemies":"Snake Plant","floor":27.0,"turns":4.0},{"damage":0.0,"enemies":"Centurion and Healer","floor":28.0,"turns":5.0},{"damage":0.0,"enemies":"Slavers","floor":29.0,"turns":6.0},{"damage":0.0,"enemies":"Cultist and Chosen","floor":31.0,"turns":6.0},{"damage":0.0,"enemies":"Automaton","floor":33.0,"turns":5.0},{"damage":11.0,"enemies":"3 Darklings","floor":35.0,"turns":3.0},{"damage":5.0,"enemies":"Orb Walker","floor":36.0,"turns":3.0},{"damage":30.0,"enemies":"Jaw Worm Horde","floor":37.0,"turns":3.0},{"damage":7.0,"enemies":"Transient","floor":39.0,"turns":5.0},{"damage":12.0,"enemies":"Reptomancer","floor":41.0,"turns":5.0},{"damage":13,"enemies":"Spire Growth","floor":42,"turns":4},{"damage":4,"enemies":"Giant Head","floor":44,"turns":8},{"damage":0,"enemies":"Reptomancer","floor":46,"turns":4},{"damage":4,"enemies":"Awakened One","floor":50,"turns":11}],"seed_played":"202837766298015373","potions_obtained":[{"floor":1.0,"key":"DuplicationPotion"},{"floor":14.0,"key":"SteroidPotion"},{"floor":16.0,"key":"Strength Potion"},{"floor":28.0,"key":"DistilledChaos"},{"floor":29.0,"key":"Weak Potion"},{"floor":37.0,"key":"SneckoOil"},{"floor":39.0,"key":"GhostInAJar"},{"floor":44,"key":"Ancient Potion"}],"is_trial":false,"path_per_floor":["M","M","M","?","$","R","?","R","T","R","E","M","M","E","R","B",null,"M","M","?","?","M","E","R","E","T","M","M","E","?","M","R","B",null,"M","M","M","$","M","R","E","M","T","E","R","E","R","?","R","B",null],"character_chosen":"THE_SILENT","items_purchased":["Footwork","Apotheosis","Omamori","CunningPotion"],"campfire_rested":4,"item_purchase_floors":[5,38,38,38],"current_hp_per_floor":[61,57,56,38,38,38,59,59,59,59,52,52,52,52,52,42,58,52,38,59,59,59,53,53,35,35,25,25,25,25,25,43,43,58,47,42,12,27,20,38,26,13,13,9,42,42,63,63,63,59],"gold":497,"neow_bonus":"THREE_RARE_CARDS","is_daily":false,"chose_seed":false,"campfire_upgraded":5,"win_rate":0.0,"timestamp":1608724372,"path_taken":["M","M","M","?","$","R","?","R","T","R","E","M","M","E","R","BOSS","M","M","?","?","M","E","R","E","T","?","M","E","?","M","R","BOSS","M","?","M","$","M","R","E","M","T","E","R","E","R","?","R","BOSS"],"items_purchased_type":["Card","Card","Relic","Potion"],"build_version":"2020-12-22","purchased_purges":2,"victory":true,"max_hp_per_floor":[63,63,63,63,63,63,63,63,63,63,63,63,63,63,63,63,63,63,63,63,63,63,63,63,63,63,63,63,63,63,63,63,63,63,63,63,63,63,63,63,63,63,63,63,63,63,63,63,63,63],"card_choices":[{"not_picked":["Burst","Wraith Form v2"],"picked":"A Thousand Cuts","floor":0.0},{"not_picked":["Bane","Quick Slash"],"picked":"Acrobatics","floor":1.0},{"not_picked":["Quick Slash","Backflip"],"picked":"Cloak And Dagger","floor":2.0},{"not_picked":["Flying Knee","Acrobatics"],"picked":"Backstab","floor":3.0},{"not_picked":["Prepared","Corpse Explosion","Endless Agony"],"picked":"SKIP","floor":11.0},{"not_picked":["Prepared","Infinite Blades"],"picked":"Blade Dance","floor":12.0},{"not_picked":["Calculated Gamble","Deadly Poison"],"picked":"Backflip","floor":13.0},{"not_picked":["Flying Knee","Infinite Blades"],"picked":"Cloak And Dagger","floor":14.0},{"not_picked":["Dagger Throw+1","Concentrate+1","Outmaneuver"],"picked":"SKIP","floor":18.0},{"not_picked":["Flying Knee","Predator","Acrobatics"],"picked":"SKIP","floor":19.0},{"not_picked":["Poisoned Stab","PiercingWail+1","Backstab+1"],"picked":"SKIP","floor":22.0},{"not_picked":["Dagger Throw+1","Tools of the Trade"],"picked":"Finisher","floor":23.0},{"not_picked":["Crippling Poison","Outmaneuver"],"picked":"Dagger Spray","floor":25.0},{"not_picked":["Deadly Poison","Poisoned Stab"],"picked":"Footwork","floor":27.0},{"not_picked":["Poisoned Stab","Reflex","Quick Slash"],"picked":"SKIP","floor":28.0},{"not_picked":["Terror","Poisoned Stab","Quick Slash"],"picked":"SKIP","floor":29.0},{"not_picked":["Crippling Poison+1","Dash"],"picked":"Footwork+1","floor":31.0},{"not_picked":["Slice","Quick Slash+1","Underhanded Strike"],"picked":"SKIP","floor":35.0},{"not_picked":["Finisher+1","Dodge and Roll+1","Setup"],"picked":"SKIP","floor":36.0},{"not_picked":["Well Laid Plans+1","Distraction","Crippling Poison+1"],"picked":"SKIP","floor":37.0},{"not_picked":["Tactician+1","Prepared","Dagger Throw"],"picked":"SKIP","floor":39.0},{"not_picked":["Predator","Backstab","Bane"],"picked":"SKIP","floor":41.0},{"not_picked":["Tools of the Trade","Deflect+1","Sucker Punch"],"picked":"SKIP","floor":42},{"not_picked":["Quick Slash+1","Concentrate","Deadly Poison+1"],"picked":"SKIP","floor":44},{"not_picked":["Expertise+1","Poisoned Stab","Wraith Form v2"],"picked":"SKIP","floor":46}],"player_experience":139353,"relics_obtained":[{"floor":9.0,"key":"Mummified Hand"},{"floor":11.0,"key":"Bag of Preparation"},{"floor":14.0,"key":"Old Coin"},{"floor":23.0,"key":"MealTicket"},{"floor":25.0,"key":"Shuriken"},{"floor":26.0,"key":"InkBottle"},{"floor":29.0,"key":"Centennial Puzzle"},{"floor":41.0,"key":"Sundial"},{"floor":41.0,"key":"Ancient Tea Set"},{"floor":43,"key":"Ninja Scroll"},{"floor":44,"key":"Regal Pillow"},{"floor":44,"key":"CaptainsWheel"},{"floor":46,"key":"Potion Belt"},{"floor":46,"key":"The Courier"}],"event_choices":[{"damage_healed":0.0,"max_hp_gain":0.0,"max_hp_loss":0.0,"gold_gain":0.0,"event_name":"Scrap Ooze","player_choice":"Success","floor":4.0,"gold_loss":0.0,"damage_taken":18.0,"relics_obtained":["Happy Flower"]},{"damage_healed":21.0,"max_hp_gain":0.0,"max_hp_loss":0.0,"gold_gain":0.0,"event_name":"Big Fish","player_choice":"Banana","floor":7.0,"gold_loss":0.0,"damage_taken":0.0},{"damage_healed":21.0,"max_hp_gain":0.0,"max_hp_loss":0.0,"gold_gain":0.0,"event_name":"The Library","player_choice":"Heal","floor":20.0,"gold_loss":0.0,"damage_taken":0.0},{"cards_removed":["Strike_G"],"damage_healed":0.0,"max_hp_gain":0.0,"max_hp_loss":0.0,"gold_gain":0.0,"event_name":"Bonfire Elementals","player_choice":"Offered Basic","floor":21.0,"gold_loss":0.0,"damage_taken":0.0},{"damage_healed":0.0,"max_hp_gain":0.0,"max_hp_loss":0.0,"gold_gain":0.0,"event_name":"FaceTrader","player_choice":"Leave","floor":30.0,"gold_loss":0.0,"damage_taken":0.0},{"damage_healed":0,"gold_gain":0,"player_choice":"Upgrade","damage_taken":0,"relics_obtained":["Mark of the Bloom"],"max_hp_gain":0,"max_hp_loss":0,"event_name":"MindBloom","floor":48,"gold_loss":0,"cards_upgraded":["Strike_G","Strike_G","Defend_G","Defend_G","Defend_G","Defend_G","Defend_G","Survivor","Acrobatics","Cloak And Dagger","Backstab","Backflip","Cloak And Dagger","Dagger Spray","Footwork","Apotheosis"]}],"is_beta":false,"boss_relics":[{"not_picked":["Runic Dome","Tiny House"],"picked":"Ring of the Serpent"},{"not_picked":["Velvet Choker","Busted Crown"],"picked":"Black Star"}],"items_purged_floors":[5,38],"is_endless":false,"potions_floor_spawned":[1,14,16,19,22,28,29,37,39,44],"ascension_level":8}}