{"host":"zksvs3x2ysy9npnz","time":1608758253,"event":{"mods":["Aspiration","BaseMod","Beaked The Cultist","BetterRewards","CatGirl Mod","Clockwork Mod","Conspire","Downfall","Energized Spire","Fiend Mod","Friendly Minions","Halation","Hermit","Highlight Path","Hubris","Hunter ??","Infinite Spire","Jedi Mod","Minty Spire (QoL Compilation)","Permanent Neow","Quick Restart","Relic Stats","Replay The Spire","Shop Mod","StSLib","SuperFastMode","The Blackbeard","The Bladedancer","The Construct"],"gold_per_floor":[110,110,41,57,117,148,148,174,201,251,251,251],"floor_reached":11,"playtime":406,"items_purged":[],"score":122,"play_id":"1132fa90-0f2a-4b80-a6e0-3a0d6916af04","local_time":"20201223221733","is_ascension_mode":true,"campfire_choices":[{"floor":7,"key":"REST"}],"circlet_count":0,"master_deck":["AscendersBane","Fiend:FiendDemonSlash","Fiend:FiendDemonSlash","Fiend:FiendDemonSlash","Fiend:FiendDemonSlash","Fiend:FiendDemonSlash+1","Fiend:FiendFortify","Fiend:FiendFortify","Fiend:FiendFortify","Fiend:FiendFortify","Fiend:FiendConsume","Fiend:FiendDeepenWound+1","Fiend:FiendViolentOutburst","Fiend:FiendBloodlust","Fiend:FiendRiskyDice","Fiend:FiendExecute"],"relics":["Fiend:FiendTotem","aspiration:Nostalgia","blademaster:DancersAmulet","SsserpentHead","Happy Flower","aspiration:Lifesprig","Whetstone"],"acts_visited":["Exordium"],"potions_floor_usage":[8],"damage_taken":[{"damage":0,"enemies":"Small Slimes","floor":1,"turns":3},{"damage":0,"enemies":"Cultist","floor":4,"turns":3},{"damage":9,"enemies":"2 Louse","floor":5,"turns":2},{"damage":38,"enemies":"Gremlin Nob","floor":6,"turns":4},{"damage":28,"enemies":"Lagavulin","floor":8,"turns":6},{"damage":18,"enemies":"Gremlin Nob","floor":11,"turns":2}],"seed_played":"-6234510257164338989","potions_obtained":[{"floor":6,"key":"AttackPotion"},{"floor":8,"key":"champ:CounterPotion"}],"is_trial":false,"path_per_floor":["M","?","$","M","M","E","R","E","T","?","E"],"character_chosen":"THE_FIEND","items_purchased":["Fiend:FiendViolentOutburst"],"campfire_rested":1,"item_purchase_floors":[3],"current_hp_per_floor":[63,63,63,63,54,16,37,16,16,16,0,0],"gold":251,"neow_bonus":"NOSTALGIA","is_daily":false,"chose_seed":false,"campfire_upgraded":0,"win_rate":0.0,"timestamp":1608758253,"path_taken":["M","?","$","M","?","E","R","E","T","?","E"],"items_purchased_type":["Card"],"build_version":"2020-12-22","purchased_purges":0,"victory":false,"max_hp_per_floor":[70,70,70,70,70,70,70,70,70,70,70,70],"relic_stats":{"SsserpentHead":100,"Happy Flower":[2],"counters":[6,20],"Whetstone":["Fiend:FiendDeepenWound","Fiend:FiendDemonSlash"],"obtain_stats":[{"SsserpentHead":2,"aspiration:Lifesprig":8,"Happy Flower":6,"aspiration:Nostalgia":0,"blademaster:DancersAmulet":0,"Whetstone":9,"Fiend:FiendTotem":0},{"SsserpentHead":1,"aspiration:Lifesprig":5,"Happy Flower":4,"aspiration:Nostalgia":0,"blademaster:DancersAmulet":0,"Whetstone":5,"Fiend:FiendTotem":0},{"SsserpentHead":3,"aspiration:Lifesprig":18,"Happy Flower":12,"aspiration:Nostalgia":0,"blademaster:DancersAmulet":0,"Whetstone":18,"Fiend:FiendTotem":0}]},"card_choices":[{"not_picked":["Fiend:FiendRampage","Fiend:FiendBackFromHell"],"picked":"Fiend:FiendDeepenWound","floor":1},{"not_picked":["Fiend:FiendConserve","Fiend:FiendVaccine","Fiend:FiendMeatShield"],"picked":"SKIP","floor":4},{"not_picked":["Fiend:FiendBlackMarket","Fiend:FiendRadiation"],"picked":"Fiend:FiendBloodlust","floor":5},{"not_picked":["Fiend:FiendUnstableCells","Fiend:FiendRage"],"picked":"Fiend:FiendRiskyDice","floor":6},{"not_picked":["Fiend:FiendFiendishCharge","Fiend:FiendSplat"],"picked":"Fiend:FiendExecute","floor":8}],"player_experience":1910748,"relics_obtained":[{"floor":6,"key":"Happy Flower"},{"floor":8,"key":"aspiration:Lifesprig"},{"floor":9,"key":"Whetstone"}],"event_choices":[{"damage_healed":0,"gold_gain":0,"player_choice":"Trade","damage_taken":0,"relics_obtained":["SsserpentHead"],"max_hp_gain":0,"max_hp_loss":0,"event_name":"FaceTrader","floor":2,"gold_loss":0},{"damage_healed":0,"gold_gain":0,"player_choice":"Ignored","damage_taken":0,"max_hp_gain":0,"max_hp_loss":0,"event_name":"Liars Game","floor":10,"gold_loss":0}],"is_beta":false,"boss_relics":[],"items_purged_floors":[],"is_endless":false,"potions_floor_spawned":[6,8],"killed_by":"Gremlin Nob","ascension_level":10}}