{"host":"h792lphzw6wlba86","time":1608698072,"event":{"mods":["AchievementEnabler","Aspiration","BaseMod","Better Altar","Better Match","Better Note","Better Sensory Stone","Better Skull","Better Third Choice","BetterRewards","CCEM","Colored Map","Conspire","Downfall","GifTheSpireLib","Googly Eyes","Halation","Highlight Path","Hubris","Hunter ??","Jedi Mod","Mimic Mod","Minty Spire (QoL Compilation)","Permanent Neow","Replay The Spire","Shop Mod","Spicy Shops","StSLib","Stuff the Spire","The Jungle","Unceasing Turn Reminder","everything is the same but u backflip on backflip","slay the spire mod where everything is the same but ironclad has a cowboy hat"],"gold_per_floor":[99,113,113,154,174,174,174,200,200,200,200,231,244,160,178,298,298,223,237,250,281,281,300,380,305,326,374,374,374,374,400,422,535,535,535,560,590,619,619,619,619],"floor_reached":39,"playtime":2499,"items_purged":["champ:Strike"],"score":588,"play_id":"7c5e61a4-3b0e-45e4-99eb-f0c71d96f50f","local_time":"20201222223432","is_ascension_mode":false,"campfire_choices":[{"data":"champ:Taunt","floor":1.0,"key":"SMITH"},{"floor":9.0,"key":"REST"},{"data":"champ:SkillfulDodge","floor":11.0,"key":"SMITH"},{"data":"champ:DefensiveStyle","floor":18,"key":"SMITH"},{"data":"champ:FalseCounter","floor":25,"key":"SMITH"},{"data":"champ:FalseCounter","floor":28,"key":"SMITH"},{"floor":35,"key":"RECALL"}],"circlet_count":0,"master_deck":["champ:Strike","champ:Strike","champ:Strike","champ:Defend","champ:Defend","champ:Defend","champ:Defend","champ:Execute+1","champ:Taunt+1","champ:SkillfulDodge+1","champ:DefensiveStyle+1","champ:FalseCounter","champ:BringItOn","champ:TornadoPunch","champ:AdrenalArmor+1","champ:FalseCounter+1","Overencumbered","champ:FalseCounter+1","champ:DefensiveShout+1","Shame","champ:DefensiveShout+1","champ:Control+1","champ:ViciousMockery","Overencumbered"],"relics":["Black Star","StuffTheSpire:Gunfinga","Iron Hammer","Gremlin Food","Replay:Rubber Ducky","halation:IllGainedPizza","Centennial Puzzle","Cursed Key","downfall:HeartBlessingGreen","downfall:HeartBlessingBlue","hubris:ToyBattleship","hubris:Zylophone","conspire:SlowCooker"],"acts_visited":["Exordium","TheCity","TheBeyond"],"potions_floor_usage":[16,23,27,33],"damage_taken":[{"damage":5.0,"enemies":"Small Slimes","floor":2.0,"turns":3.0},{"damage":25.0,"enemies":"conspire:MimicChest","floor":4.0,"turns":11.0},{"damage":5.0,"enemies":"2 Louse","floor":5.0,"turns":3.0},{"damage":0.0,"enemies":"Cultist","floor":6.0,"turns":1.0},{"damage":20.0,"enemies":"3 Sentries","floor":8.0,"turns":8.0},{"damage":21,"enemies":"Gremlin Nob","floor":12,"turns":4},{"damage":5,"enemies":"Red Slaver","floor":13,"turns":4},{"damage":5,"enemies":"downfall:FleeingMerchant","floor":14,"turns":4},{"damage":0,"enemies":"3 Louse","floor":15,"turns":3},{"damage":17,"enemies":"downfall:Ironclad","floor":16,"turns":12},{"damage":5,"enemies":"Spheric Guardian","floor":19,"turns":4},{"damage":0,"enemies":"Snecko","floor":20,"turns":4},{"damage":20,"enemies":"Snake Plant","floor":21,"turns":6},{"damage":5,"enemies":"Cultist and Chosen","floor":23,"turns":6},{"damage":11,"enemies":"conspire:HollyBat","floor":26,"turns":6},{"damage":9,"enemies":"Book of Stabbing","floor":27,"turns":6},{"damage":2,"enemies":"Shelled Parasite and Fungi","floor":31,"turns":4},{"damage":2,"enemies":"Centurion and Healer","floor":32,"turns":7},{"damage":6,"enemies":"downfall:Defect","floor":33,"turns":8},{"damage":5,"enemies":"Orb Walker","floor":36,"turns":4},{"damage":38,"enemies":"3 Darklings","floor":37,"turns":7},{"damage":59,"enemies":"Spire Growth","floor":38,"turns":5}],"seed_played":"925941094937850953","potions_obtained":[{"floor":2.0,"key":"GamblersBrew"},{"floor":13,"key":"sneckomod:MuddlingPotion"},{"floor":15,"key":"LiquidBronze"},{"floor":20,"key":"champ:OpenerPotion"},{"floor":21,"key":"SteroidPotion"},{"floor":27,"key":"Elixir"},{"floor":33,"key":"SteroidPotion"},{"floor":37,"key":"Dexterity Potion"}],"is_trial":false,"path_per_floor":["R","M","?","?","M","M","T","E","R","?","R","E","M","$","M","B",null,"R","M","M","M","?","M","T","R","M","E","R","?","?","M","M","B",null,"R","M","M","M","?"],"character_chosen":"THE_CHAMP","items_purchased":[],"campfire_rested":1,"item_purchase_floors":[],"current_hp_per_floor":[90,90,90,80,80,80,80,65,90,90,90,79,79,79,79,72,90,90,90,90,81,90,90,90,100,94,90,90,90,90,88,88,82,100,100,97,64,12,12,12,12],"gold":619,"neow_bonus":"BOSS_RELIC","is_daily":false,"chose_seed":false,"campfire_upgraded":5,"win_rate":0.0,"timestamp":1608698072,"path_taken":["R","M","?","?","M","M","T","E","R","?","R","E","?","?","M","BOSS","R","M","M","?","?","M","T","R","M","E","R","?","?","?","M","BOSS","R","M","M","M","?"],"items_purchased_type":[],"build_version":"2020-12-13","purchased_purges":1,"victory":false,"max_hp_per_floor":[90,90,90,90,90,90,90,90,90,90,90,90,90,90,90,90,90,90,90,90,90,90,90,90,100,100,100,100,100,100,100,100,100,100,100,100,100,100,100,100,100],"card_choices":[{"not_picked":["champ:IronFortress","champ:BladeFlurry","champ:PerfectedStrike"],"picked":"SKIP","floor":2.0},{"not_picked":["champ:AdrenalArmor","champ:EnGarde"],"picked":"champ:SkillfulDodge","floor":4.0},{"not_picked":["champ:Haymaker","champ:StanceDance","champ:CrookedStrike"],"picked":"SKIP","floor":5.0},{"not_picked":["champ:PerfectedStrike","champ:GladiatorsShout"],"picked":"champ:DefensiveStyle","floor":6.0},{"not_picked":["champ:FightOn","champ:Duel","champ:EnragedBash"],"picked":"SKIP","floor":8.0},{"not_picked":["champ:PerfectedStrike","champ:IgnorePain"],"picked":"champ:FalseCounter","floor":12},{"not_picked":["champ:GladiatorStyle","champ:FlashCut"],"picked":"champ:BringItOn","floor":13},{"not_picked":["champ:Backstep","champ:VampiricStrike","champ:AdrenalArmor"],"picked":"SKIP","floor":14},{"not_picked":["champ:GladiatorsShout","champ:RecklessLeap","champ:BladeFlurry"],"picked":"SKIP","floor":15},{"not_picked":["champ:EndlessRage","champ:CrookedStrike"],"picked":"champ:TornadoPunch","floor":19},{"not_picked":["champ:EnGarde","champ:Circumvent"],"picked":"champ:AdrenalArmor+1","floor":20},{"not_picked":["champ:Shatter","champ:Circumvent"],"picked":"champ:FalseCounter","floor":21},{"not_picked":["champ:Aggression","champ:Backstep","champ:Circumvent"],"picked":"SKIP","floor":23},{"not_picked":["champ:HeartStrike+1","champ:BladeFlurry"],"picked":"champ:FalseCounter","floor":26},{"not_picked":["champ:GladiatorsShout","champ:FlashCut"],"picked":"champ:DefensiveShout+1","floor":27},{"not_picked":["champ:StanceDance+1","champ:RapidStrikes"],"picked":"champ:DefensiveShout+1","floor":31},{"not_picked":["champ:Circumvent","champ:Encircle","champ:Backstep+1"],"picked":"SKIP","floor":32},{"not_picked":["champ:Encircle+1","champ:FanOfKnives"],"picked":"champ:Control+1","floor":36},{"not_picked":["champ:BringItOn+1","champ:GladiatorsShout"],"picked":"champ:ViciousMockery","floor":37},{"not_picked":["champ:CrookedStrike","champ:FanOfKnives","champ:AdrenalArmor+1"],"picked":"SKIP","floor":38}],"player_experience":657910,"relics_obtained":[{"floor":4.0,"key":"StuffTheSpire:Gunfinga"},{"floor":7.0,"key":"Iron Hammer"},{"floor":8.0,"key":"Gremlin Food"},{"floor":8.0,"key":"Replay:Rubber Ducky"},{"floor":12,"key":"halation:IllGainedPizza"},{"floor":12,"key":"Centennial Puzzle"},{"floor":27,"key":"hubris:ToyBattleship"},{"floor":27,"key":"hubris:Zylophone"}],"event_choices":[{"cards_removed":["champ:GladiatorStyle"],"damage_healed":9,"gold_gain":0,"player_choice":"Offered Uncommon","damage_taken":0,"max_hp_gain":0,"max_hp_loss":0,"event_name":"Bonfire Elementals","floor":22,"gold_loss":0},{"cards_removed":["Overencumbered"],"damage_healed":0,"gold_gain":0,"player_choice":"Give","damage_taken":0,"max_hp_gain":0,"max_hp_loss":0,"event_name":"betterNote:BetterNote","floor":29,"gold_loss":0,"cards_obtained":["None"]},{"damage_healed":0,"gold_gain":3,"player_choice":"4","damage_taken":0,"max_hp_gain":0,"max_hp_loss":0,"event_name":"betterStone:BetterStone","floor":39,"gold_loss":0,"cards_obtained":["Overencumbered"]}],"is_beta":false,"boss_relics":[{"not_picked":["halation:ForbiddenBikini","aspiration:RitualDagger"],"picked":"Cursed Key"},{"not_picked":["SacredBark","aspiration:IroncladSkillbook"],"picked":"conspire:SlowCooker"}],"items_purged_floors":[14],"is_endless":false,"potions_floor_spawned":[2,13,15,20,21,27,33,37,38],"ascension_level":0}}