{"host":"8s7r99mpv862ws6o","time":1608742166,"event":{"mods":["AchievementEnabler","BaseMod","GifTheSpireLib","Minty Spire (QoL Compilation)","Quick Restart","StSLib"],"gold_per_floor":[117,117,42,42,60,93,93,127,151,184,359,390,408,160,160,256,256,268,367,386,386,413,444,462,503,503,503,555,49,49,109,109,207,207,246,265,265,265,6,6,55,70,70,131,131,149,149,191,191,191,191,191,39,39,39],"floor_reached":54,"playtime":4380,"items_purged":["Strike_P","Strike_P","Doubt"],"score":776,"play_id":"9d81ee41-c797-4a88-9ecb-cc8ae8dc8547","local_time":"20201224004926","is_ascension_mode":false,"campfire_choices":[{"floor":7.0,"key":"REST"},{"floor":15.0,"key":"REST"},{"floor":27.0,"key":"REST"},{"data":"Fasting2","floor":30.0,"key":"SMITH"},{"floor":32.0,"key":"REST"},{"data":"Adaptation","floor":40.0,"key":"SMITH"},{"floor":47.0,"key":"REST"},{"floor":49.0,"key":"RECALL"},{"data":"Study","floor":52.0,"key":"SMITH"}],"circlet_count":0,"master_deck":["Strike_P+1","Defend_P","Eruption+1","Vigilance","Consecrate","Study+1","FlurryOfBlows","Halt","Fasting2+1","JustLucky","CutThroughFate","Brilliance","DevaForm","DevaForm+1","LikeWater+1","DeceiveReality+1","ClearTheMind","Prostrate","Wireheading","Wish+1","Meditate+1","JustLucky+1","Crescendo+1","Adaptation+1","Devotion","LessonLearned","Weave","Protect+1","Madness","Madness","Halt+1","EmptyMind"],"relics":["PureWater","Unceasing Top","Tiny Chest","Incense Burner","Orichalcum","Lantern","Potion Belt","Regal Pillow","Astrolabe","MealTicket","Mercury Hourglass","White Beast Statue","Art of War","Bottled Tornado","Sundial","SlaversCollar","Shuriken","Singing Bowl","Juzu Bracelet","Damaru"],"acts_visited":["Exordium","TheCity","TheBeyond","TheEnding"],"potions_floor_usage":[54],"damage_taken":[{"damage":5.0,"enemies":"2 Louse","floor":1.0,"turns":3.0},{"damage":0.0,"enemies":"Cultist","floor":5.0,"turns":2.0},{"damage":27.0,"enemies":"Gremlin Nob","floor":6.0,"turns":3.0},{"damage":15.0,"enemies":"3 Sentries","floor":8.0,"turns":4.0},{"damage":2.0,"enemies":"Lagavulin","floor":10.0,"turns":7.0},{"damage":18.0,"enemies":"3 Sentries","floor":12.0,"turns":5.0},{"damage":0.0,"enemies":"Jaw Worm","floor":13.0,"turns":1.0},{"damage":32.0,"enemies":"Hexaghost","floor":16.0,"turns":6.0},{"damage":32.0,"enemies":"3 Byrds","floor":18.0,"turns":8.0},{"damage":0.0,"enemies":"Spheric Guardian","floor":20.0,"turns":4.0},{"damage":14.0,"enemies":"Book of Stabbing","floor":23.0,"turns":8.0},{"damage":0.0,"enemies":"Chosen and Byrds","floor":24.0,"turns":5.0},{"damage":11.0,"enemies":"Snake Plant","floor":25.0,"turns":5.0},{"damage":18.0,"enemies":"Gremlin Leader","floor":28.0,"turns":6.0},{"damage":23.0,"enemies":"Slavers","floor":31.0,"turns":6.0},{"damage":12.0,"enemies":"Collector","floor":33.0,"turns":7.0},{"damage":17.0,"enemies":"3 Shapes","floor":35.0,"turns":6.0},{"damage":4.0,"enemies":"Orb Walker","floor":36.0,"turns":3.0},{"damage":23.0,"enemies":"4 Shapes","floor":41.0,"turns":6.0},{"damage":2.0,"enemies":"3 Darklings","floor":42.0,"turns":4.0},{"damage":2.0,"enemies":"Nemesis","floor":44.0,"turns":9.0},{"damage":24.0,"enemies":"Spire Growth","floor":46.0,"turns":6.0},{"damage":0.0,"enemies":"Maw","floor":48.0,"turns":6.0},{"damage":24.0,"enemies":"Awakened One","floor":50.0,"turns":6.0},{"damage":101,"enemies":"Shield and Spear","floor":54,"turns":5}],"seed_played":"-95531478933474105","potions_obtained":[{"floor":1.0,"key":"Strength Potion"},{"floor":5.0,"key":"Ancient Potion"},{"floor":12.0,"key":"PowerPotion"},{"floor":20.0,"key":"GamblersBrew"},{"floor":25.0,"key":"BlessingOfTheForge"},{"floor":28.0,"key":"SkillPotion"},{"floor":31.0,"key":"Block Potion"},{"floor":33.0,"key":"Block Potion"},{"floor":35.0,"key":"Fire Potion"},{"floor":36.0,"key":"AttackPotion"},{"floor":41.0,"key":"Fruit Juice"},{"floor":42.0,"key":"Fire Potion"},{"floor":44.0,"key":"Ancient Potion"},{"floor":46.0,"key":"Block Potion"},{"floor":48.0,"key":"EntropicBrew"}],"is_trial":false,"path_per_floor":["M","?","$","?","M","E","R","E","T","E","?","E","M","$","R","B",null,"M","?","M","?","T","E","M","M","T","R","E","$","R","E","R","B",null,"M","M","?","?","$","R","M","M","T","E","T","M","R","M","R","B",null,"R","$","E"],"character_chosen":"WATCHER","items_purchased":["Regal Pillow","Bottled Tornado","Crescendo","Adaptation","Shuriken","Damaru"],"campfire_rested":5,"item_purchase_floors":[14,29,29,29,39,53],"current_hp_per_floor":[46,46,46,46,46,19,40,25,25,23,23,5,5,5,41,9,72,40,40,40,40,40,26,26,15,15,51,33,48,48,25,61,49,72,55,51,42,42,57,57,34,37,37,37,37,13,51,53,53,44,81,81,81,0,0],"gold":39,"neow_bonus":"ONE_RARE_RELIC","is_daily":false,"chose_seed":false,"campfire_upgraded":3,"win_rate":0.0,"timestamp":1608742166,"path_taken":["M","?","?","?","M","E","R","E","T","E","?","E","M","$","R","BOSS","M","?","M","?","?","E","M","M","T","R","E","$","R","E","R","BOSS","M","?","?","?","$","R","M","M","T","E","?","M","R","M","R","BOSS","R","$","E"],"items_purchased_type":["Relic","Relic","Card","Card","Relic","Relic"],"build_version":"2020-12-22","purchased_purges":3,"victory":false,"max_hp_per_floor":[72,72,72,72,72,72,72,72,72,72,72,72,72,72,72,72,72,72,72,72,72,72,72,72,72,72,72,72,72,72,72,72,72,72,72,72,72,72,72,72,72,77,77,79,79,79,79,81,81,81,81,81,81,81,81],"card_choices":[{"not_picked":["LikeWater","Swivel"],"picked":"Consecrate","floor":1.0},{"not_picked":["Halt","Prostrate"],"picked":"FlurryOfBlows","floor":5.0},{"not_picked":["ReachHeaven","Conclude"],"picked":"Halt","floor":6.0},{"not_picked":["InnerPeace","Consecrate"],"picked":"Fasting2","floor":8.0},{"not_picked":["TalkToTheHand","Crescendo"],"picked":"JustLucky","floor":10.0},{"not_picked":["SpiritShield","EmptyFist"],"picked":"CutThroughFate","floor":12.0},{"not_picked":["JustLucky","Consecrate"],"picked":"Brilliance","floor":13.0},{"not_picked":["Scrawl","Omniscience"],"picked":"DevaForm","floor":16.0},{"not_picked":["EmptyFist","Consecrate"],"picked":"ClearTheMind","floor":18.0},{"not_picked":["FollowUp+1","Halt"],"picked":"Prostrate","floor":20.0},{"not_picked":["ClearTheMind","SpiritShield"],"picked":"Wish","floor":23.0},{"not_picked":["MentalFortress","WheelKick","Collect"],"picked":"SKIP","floor":24.0},{"not_picked":["FlurryOfBlows","JustLucky"],"picked":"Meditate+1","floor":25.0},{"not_picked":["InnerPeace","Study"],"picked":"JustLucky+1","floor":28.0},{"not_picked":["SandsOfTime","Indignation"],"picked":"Devotion","floor":31.0},{"not_picked":["ConjureBlade","Vault"],"picked":"LessonLearned","floor":33.0},{"not_picked":["Perseverance","JustLucky"],"picked":"Weave","floor":35.0},{"not_picked":["Worship+1","FlurryOfBlows"],"picked":"Protect+1","floor":36.0},{"not_picked":["WreathOfFlame+1","MentalFortress+1","SashWhip+1"],"picked":"SKIP","floor":41.0},{"not_picked":["Collect+1","Protect+1"],"picked":"Halt+1","floor":42.0},{"not_picked":["FlyingSleeves+1","ForeignInfluence+1","SashWhip"],"picked":"Singing Bowl","floor":44.0},{"not_picked":["Crescendo","JustLucky+1"],"picked":"EmptyMind","floor":46.0},{"not_picked":["Halt","FlyingSleeves+1","Wallop"],"picked":"Singing Bowl","floor":48.0}],"player_experience":581541,"relics_obtained":[{"floor":6.0,"key":"Tiny Chest"},{"floor":8.0,"key":"Incense Burner"},{"floor":9.0,"key":"Orichalcum"},{"floor":10.0,"key":"Lantern"},{"floor":12.0,"key":"Potion Belt"},{"floor":22.0,"key":"MealTicket"},{"floor":23.0,"key":"Mercury Hourglass"},{"floor":26.0,"key":"White Beast Statue"},{"floor":28.0,"key":"Art of War"},{"floor":31.0,"key":"Sundial"},{"floor":43.0,"key":"Singing Bowl"},{"floor":44.0,"key":"Juzu Bracelet"}],"event_choices":[{"damage_healed":0.0,"max_hp_gain":0.0,"max_hp_loss":0.0,"gold_gain":0.0,"event_name":"Upgrade Shrine","player_choice":"Upgraded","floor":2.0,"gold_loss":0.0,"damage_taken":0.0,"cards_upgraded":["Eruption"]},{"damage_healed":0.0,"max_hp_gain":0.0,"max_hp_loss":0.0,"gold_gain":0.0,"cards_transformed":["Defend_P"],"event_name":"Living Wall","player_choice":"Change","floor":4.0,"gold_loss":0.0,"damage_taken":0.0,"cards_obtained":["Study"]},{"damage_healed":0.0,"max_hp_gain":0.0,"max_hp_loss":0.0,"gold_gain":175.0,"event_name":"Liars Game","player_choice":"AGREE","floor":11.0,"gold_loss":0.0,"damage_taken":0.0,"cards_obtained":["Doubt"]},{"damage_healed":0.0,"max_hp_gain":0.0,"max_hp_loss":0.0,"gold_gain":99.0,"event_name":"Nest","player_choice":"Stole From Cult","floor":19.0,"gold_loss":0.0,"damage_taken":0.0},{"damage_healed":0.0,"max_hp_gain":0.0,"max_hp_loss":0.0,"gold_gain":0.0,"event_name":"The Library","player_choice":"Read","floor":21.0,"gold_loss":0.0,"damage_taken":0.0,"cards_obtained":["Wireheading"]},{"damage_healed":0.0,"max_hp_gain":0.0,"max_hp_loss":0.0,"gold_gain":0.0,"event_name":"Winding Halls","player_choice":"Embrace Madness","floor":37.0,"gold_loss":0.0,"damage_taken":9.0,"cards_obtained":["Madness","Madness"]},{"damage_healed":0.0,"max_hp_gain":0.0,"max_hp_loss":0.0,"gold_gain":0.0,"event_name":"Tomb of Lord Red Mask","player_choice":"Ignored","floor":38.0,"gold_loss":0.0,"damage_taken":0.0}],"is_beta":false,"boss_relics":[{"not_picked":["Runic Pyramid","Snecko Eye"],"picked":"Astrolabe"},{"not_picked":["Sozu","Philosopher\u0027s Stone"],"picked":"SlaversCollar"}],"items_purged_floors":[3,14,29],"is_endless":false,"potions_floor_spawned":[1,5,12,20,25,28,31,33,35,36,41,42,44,46,48],"killed_by":"Shield and Spear","ascension_level":0}}