{"host":"or7h59boalwd0rey","time":1608724576,"event":{"mods":["ATMod(阿瑾Mod)","Act Like it!","BaseMod","Colored Powertips","Conspire","Gensokyo","Minty Spire (QoL Compilation)","Relic Stats","Replay The Spire","RumiaBox-露米娅的神秘盒子","StSLib","TestMod","vexMod","【遗物卡牌】REMEMod"],"gold_per_floor":[109,109,109,121,51,81,81,81,81,81,106,106,57,69,69,469,469,564,564,598,710,710,736,127,127,127,127],"floor_reached":26,"playtime":1044,"items_purged":[],"score":250,"play_id":"78f516ab-de37-4297-a11e-2990ec087e4b","local_time":"20201223195616","is_ascension_mode":false,"campfire_choices":[{"data":"AT_RightCognition","floor":9,"key":"SMITH"},{"data":"BasicCrystalCard","floor":12,"key":"SMITH"},{"floor":17,"key":"DIG"},{"floor":25,"key":"REST"}],"circlet_count":0,"master_deck":["Strike_B","Strike_B+1","Strike_B","Strike_B+1","Defend_B+1","Defend_B","Defend_B","Defend_B","Zap+1","Dualcast","testmod-Reverberation+1","AT_RightCognition+1","Gash","Pain","BasicCrystalCard+1","Beam Cell","Hologram","AT_HeatAcrobatics","Creative AI","Go for the Eyes","testmod-Superconductor","Gensokyo:AllTheWorldsEvil","ReplaySort"],"relics":["Cracked Core","AT_ATBox","testmod-TestBox","testmod-NegativeEmotionEnhancer","Juzu Bracelet","Gensokyo:LunaticRedEyes","Whetstone","Gensokyo:NagashiBinaDoll","PreservedInsect","Geode","REME_LowDesire","vexMod:BarristanHead","Replay:Bandana","conspire:InfiniteJournal","SecretRecord","Runic Capacitor","testmod-Charity","vexMod:TimeEaterHat","TheAbacus"],"acts_visited":["Gensokyo:Gensokyo","Gensokyo:Gensokyoer"],"potions_floor_usage":[18],"damage_taken":[{"damage":0,"enemies":"Gensokyo:3_Fairies","floor":1,"turns":1},{"damage":0,"enemies":"Gensokyo:Gryphon","floor":4,"turns":1},{"damage":0,"enemies":"Gensokyo:Cirno","floor":6,"turns":2},{"damage":0,"enemies":"Gensokyo:2_Kodama","floor":14,"turns":3},{"damage":29,"enemies":"Gensokyo:Kokoro","floor":18,"turns":10},{"damage":23,"enemies":"Gensokyo:CosmicMonolith","floor":20,"turns":4},{"damage":43,"enemies":"Gensokyo:CosmicMonolith","floor":21,"turns":9},{"damage":9,"enemies":"Gensokyo:AngelMirror","floor":23,"turns":7},{"damage":48,"enemies":"Gensokyo:Monolith_and_Dog","floor":26,"turns":3}],"seed_played":"-542225870324968841","potions_obtained":[{"floor":4,"key":"Elixir"},{"floor":6,"key":"BlessingOfTheForge"}],"is_trial":false,"path_per_floor":["M","?","?","M","?","E","PTL","PTL","R","?","T","R","$","M","?","?","R","B",null,"M","?","?","M","COS","R","M"],"character_chosen":"DEFECT","items_purchased":["Hologram"],"campfire_rested":1,"item_purchase_floors":[13],"current_hp_per_floor":[76,76,76,77,77,78,78,78,78,78,78,78,78,79,79,79,79,52,80,59,18,18,11,11,35,0,0],"gold":127,"neow_bonus":"THREE_ENEMY_KILL","is_daily":false,"chose_seed":false,"campfire_upgraded":2,"win_rate":0.0,"timestamp":1608724576,"path_taken":["M","?","?","M","?","E","PTL","PTL","R","?","T","R","?","M","?","?","R","BOSS","M","?","?","M","COS","R","M"],"items_purchased_type":["Card"],"build_version":"2020-12-22","purchased_purges":0,"victory":false,"max_hp_per_floor":[76,76,76,77,77,78,78,78,78,78,78,78,78,79,79,79,79,80,80,81,82,82,83,83,83,93,93],"relic_stats":{"TheAbacus":[0],"counters":[9,40],"PreservedInsect":55,"Juzu Bracelet":2,"Whetstone":["Strike_B","Strike_B"],"obtain_stats":[{"AT_ATBox":0,"testmod-TestBox":0,"NeowsBlessing":0,"vexMod:TimeEaterHat":24,"Gensokyo:NagashiBinaDoll":10,"PreservedInsect":11,"SecretRecord":21,"testmod-NegativeEmotionEnhancer":0,"Juzu Bracelet":2,"Geode":17,"Runic Capacitor":24,"Whetstone":6,"Gensokyo:LunaticRedEyes":3,"testmod-Charity":24,"conspire:InfiniteJournal":21,"Replay:Bandana":19,"vexMod:BarristanHead":19,"TheAbacus":24,"REME_LowDesire":19,"Cracked Core":0,"REME_ComplimentaryCards":0},{"AT_ATBox":0,"testmod-TestBox":0,"NeowsBlessing":0,"vexMod:TimeEaterHat":8,"Gensokyo:NagashiBinaDoll":3,"PreservedInsect":3,"SecretRecord":7,"testmod-NegativeEmotionEnhancer":0,"Juzu Bracelet":1,"Geode":4,"Runic Capacitor":8,"Whetstone":3,"Gensokyo:LunaticRedEyes":1,"testmod-Charity":8,"conspire:InfiniteJournal":7,"Replay:Bandana":5,"vexMod:BarristanHead":5,"TheAbacus":8,"REME_LowDesire":5,"Cracked Core":0,"REME_ComplimentaryCards":0},{"AT_ATBox":0,"testmod-TestBox":0,"NeowsBlessing":0,"vexMod:TimeEaterHat":37,"Gensokyo:NagashiBinaDoll":4,"PreservedInsect":4,"SecretRecord":30,"testmod-NegativeEmotionEnhancer":0,"Juzu Bracelet":1,"Geode":7,"Runic Capacitor":37,"Whetstone":4,"Gensokyo:LunaticRedEyes":1,"testmod-Charity":37,"conspire:InfiniteJournal":30,"Replay:Bandana":17,"vexMod:BarristanHead":17,"TheAbacus":37,"REME_LowDesire":17,"Cracked Core":0,"REME_ComplimentaryCards":0}]},"card_choices":[{"not_picked":["ReplayTheSpireMod:System Scan","Stack"],"picked":"Gash","floor":1},{"not_picked":["Stack","Tempest"],"picked":"BasicCrystalCard","floor":4},{"not_picked":["Multi-Cast","AT_HeatAcrobatics"],"picked":"Beam Cell","floor":6},{"not_picked":["Tempest","Sweeping Beam"],"picked":"AT_HeatAcrobatics","floor":14},{"not_picked":["Multi-Cast","Echo Form"],"picked":"Creative AI","floor":18},{"not_picked":["REME_DataAnalysis","ReplaySolidLightProjector+1","Jack Of All Trades"],"picked":"Go for the Eyes","floor":20},{"not_picked":["Streamline","Beam Cell+1","Rebound","Sweeping Beam"],"picked":"testmod-Superconductor","floor":21},{"not_picked":["conspire:SharedLibrary","Force Field+1","PanicButton"],"picked":"ReplaySort","floor":23}],"player_experience":65289,"relics_obtained":[{"floor":6,"key":"Whetstone"},{"floor":11,"key":"PreservedInsect"},{"floor":17,"key":"Geode"},{"floor":19,"key":"vexMod:BarristanHead"},{"floor":19,"key":"Replay:Bandana"},{"floor":21,"key":"conspire:InfiniteJournal"},{"floor":21,"key":"SecretRecord"}],"event_choices":[{"damage_healed":0,"gold_gain":0,"player_choice":"Swap Relic","damage_taken":0,"relics_obtained":["Juzu Bracelet"],"max_hp_gain":0,"max_hp_loss":0,"event_name":"给自己的盒子","floor":2,"relics_lost":["REME_ComplimentaryCards"],"gold_loss":0},{"damage_healed":0,"gold_gain":400,"player_choice":"Sell","damage_taken":0,"max_hp_gain":0,"max_hp_loss":0,"event_name":"恩洛斯的盘子","floor":16,"relics_lost":["NeowsBlessing"],"gold_loss":0}],"is_beta":false,"boss_relics":[{"not_picked":["vexMod:CursedCompass","Pandora\u0027s Box"],"picked":"REME_LowDesire"}],"items_purged_floors":[],"is_endless":false,"potions_floor_spawned":[4,6],"killed_by":"Gensokyo:Monolith_and_Dog","ascension_level":0}}