{"host":"mg6qqnp83j5r6p2r","time":1608685214,"event":{"mods":["BaseMod","Colored Map","Colored Powertips","Highlight Path","Minty Spire (QoL Compilation)","Rare Cards Sparkle","Relic Sorter","Relic Stats","StSLib"],"gold_per_floor":[115,115,115,127,141,141,167,167,167,9,9,41,41,75,75,173,173,190,209,209,209,229,229,154,154,154,184,42,76,96,18,18,113,113,131,131,142,161,161,161,36,36,36,47,81,81,81,107,107,107,107,107,28,59,59,59],"floor_reached":55,"playtime":3678,"items_purged":["Wallop"],"score":841,"play_id":"87d2cea9-8c9c-4df0-a602-502b489b8ac3","local_time":"20201222190014","is_ascension_mode":true,"campfire_choices":[{"data":"Panacea","floor":6.0,"key":"SMITH"},{"data":"Apotheosis","floor":11.0,"key":"SMITH"},{"floor":13.0,"key":"RECALL"},{"data":"Fasting2","floor":15.0,"key":"SMITH"},{"floor":23.0,"key":"REST"},{"floor":25.0,"key":"REST"},{"floor":32.0,"key":"REST"},{"floor":40.0,"key":"REST"},{"floor":46.0,"key":"REST"},{"floor":49.0,"key":"REST"},{"floor":52.0,"key":"REST"}],"circlet_count":0,"master_deck":["Defend_P","Defend_P","Defend_P","Eruption+1","Vigilance","Panacea+1","SashWhip","EmptyBody","Fasting2+1","EmptyBody","Apotheosis+1","Protect","Wireheading+1","EmptyFist","Bite+1","Bite","Bite+1","Bite","Bite","WaveOfTheHand","Weave","CutThroughFate+1","Blind","Panacea","JustLucky+1"],"relics":["PureWater","The Courier","Toy Ornithopter","Orichalcum","Frozen Egg 2","Fusion Hammer","Whetstone","Bronze Scales","Lizard Tail","Busted Crown","ClockworkSouvenir","Molten Egg 2","Boot","Pear","Bag of Marbles"],"acts_visited":["Exordium","TheCity","TheBeyond","TheEnding"],"potions_floor_usage":[54,54,55],"damage_taken":[{"damage":2.0,"enemies":"Jaw Worm","floor":1.0,"turns":4.0},{"damage":7.0,"enemies":"Small Slimes","floor":4.0,"turns":4.0},{"damage":0.0,"enemies":"Cultist","floor":5.0,"turns":2.0},{"damage":2.0,"enemies":"Lagavulin","floor":7.0,"turns":6.0},{"damage":0.0,"enemies":"Gremlin Nob","floor":12.0,"turns":3.0},{"damage":0.0,"enemies":"Lagavulin","floor":14.0,"turns":4.0},{"damage":10.0,"enemies":"Hexaghost","floor":16.0,"turns":9.0},{"damage":6.0,"enemies":"Spheric Guardian","floor":18.0,"turns":6.0},{"damage":0.0,"enemies":"3 Byrds","floor":19.0,"turns":6.0},{"damage":4.0,"enemies":"Snake Plant","floor":22.0,"turns":4.0},{"damage":37.0,"enemies":"Slavers","floor":27.0,"turns":6.0},{"damage":1.0,"enemies":"Gremlin Leader","floor":29.0,"turns":8.0},{"damage":6.0,"enemies":"Cultist and Chosen","floor":30.0,"turns":7.0},{"damage":34.0,"enemies":"Collector","floor":33.0,"turns":17.0},{"damage":23.0,"enemies":"3 Darklings","floor":35.0,"turns":7.0},{"damage":4.0,"enemies":"3 Shapes","floor":37.0,"turns":6.0},{"damage":34.0,"enemies":"Spire Growth","floor":38.0,"turns":7.0},{"damage":19.0,"enemies":"Writhing Mass","floor":44.0,"turns":9.0},{"damage":24.0,"enemies":"Giant Head","floor":45.0,"turns":10.0},{"damage":61.0,"enemies":"Reptomancer","floor":48.0,"turns":7.0},{"damage":120.0,"enemies":"Awakened One","floor":50.0,"turns":20.0},{"damage":51,"enemies":"Shield and Spear","floor":54,"turns":9},{"damage":165,"enemies":"The Heart","floor":55,"turns":12}],"seed_played":"-5753571535239587216","potions_obtained":[{"floor":1.0,"key":"ColorlessPotion"},{"floor":5.0,"key":"DuplicationPotion"},{"floor":7.0,"key":"AttackPotion"},{"floor":14.0,"key":"BottledMiracle"},{"floor":22.0,"key":"Explosive Potion"},{"floor":27.0,"key":"Energy Potion"},{"floor":33.0,"key":"FearPotion"},{"floor":35.0,"key":"Fire Potion"},{"floor":37.0,"key":"StancePotion"},{"floor":38.0,"key":"Dexterity Potion"},{"floor":54,"key":"PowerPotion"}],"is_trial":false,"path_per_floor":["M","?","?","M","M","R","E","?","T","$","R","E","R","E","R","B",null,"M","M","?","?","M","R","?","R","T","E","$","E","M","$","R","B",null,"M","?","M","M","?","R","$","?","T","M","E","R","?","E","R","B",null,"R","$","E","B"],"character_chosen":"WATCHER","items_purchased":["Apotheosis","EntropicBrew","FairyPotion","ClockworkSouvenir","SkillPotion","ColorlessPotion"],"campfire_rested":7,"item_purchase_floors":[10,28,31,41,53,53],"current_hp_per_floor":[70,70,70,63,63,63,61,61,61,61,61,66,66,66,66,61,72,66,66,50,50,50,50,50,50,50,30,30,50,50,50,50,49,50,50,60,59,38,38,56,56,56,56,60,45,60,60,32,53,30,70,70,70,52,0,0],"gold":59,"neow_bonus":"RANDOM_COLORLESS","is_daily":false,"chose_seed":false,"campfire_upgraded":3,"win_rate":0.0,"timestamp":1608685214,"path_taken":["M","?","?","M","?","R","E","?","T","$","R","E","R","E","R","BOSS","M","M","?","?","M","R","?","R","T","E","?","E","M","$","R","BOSS","M","?","?","M","?","R","$","?","T","?","E","R","?","E","R","BOSS","R","$","E","BOSS"],"items_purchased_type":["Card","Potion","Potion","Relic","Potion","Potion"],"build_version":"2020-12-13","purchased_purges":1,"victory":false,"max_hp_per_floor":[72,72,72,72,72,72,72,72,72,72,72,72,72,72,72,72,72,72,72,50,50,50,50,50,50,50,50,50,50,50,50,50,50,50,50,60,60,60,60,60,60,60,60,60,60,60,60,70,70,70,70,70,70,70,70,70],"relic_stats":{"Lizard Tail":35,"Busted Crown":16,"counters":[23,173],"Bronze Scales":[521],"Whetstone":["Bite","Bite"],"Orichalcum":[162],"Boot":[3],"obtain_stats":[{"Pear":48,"The Courier":3,"Whetstone":26,"Orichalcum":12,"Frozen Egg 2":14,"Boot":45,"ClockworkSouvenir":41,"Lizard Tail":29,"Busted Crown":34,"Bronze Scales":27,"Molten Egg 2":43,"Fusion Hammer":17,"Bag of Marbles":54,"PureWater":0,"Toy Ornithopter":7},{"Pear":20,"The Courier":1,"Whetstone":10,"Orichalcum":5,"Frozen Egg 2":6,"Boot":19,"ClockworkSouvenir":17,"Lizard Tail":12,"Busted Crown":14,"Bronze Scales":11,"Molten Egg 2":17,"Fusion Hammer":7,"Bag of Marbles":22,"PureWater":0,"Toy Ornithopter":4},{"Pear":132,"The Courier":4,"Whetstone":48,"Orichalcum":19,"Frozen Egg 2":23,"Boot":125,"ClockworkSouvenir":106,"Lizard Tail":62,"Busted Crown":86,"Bronze Scales":54,"Molten Egg 2":106,"Fusion Hammer":32,"Bag of Marbles":161,"PureWater":0,"Toy Ornithopter":16}],"Toy Ornithopter":18},"card_choices":[{"not_picked":["Blind","PanicButton"],"picked":"Panacea","floor":0.0},{"not_picked":["Halt","Wallop"],"picked":"SashWhip","floor":1.0},{"not_picked":["EmptyFist","Consecrate"],"picked":"EmptyBody","floor":4.0},{"not_picked":["BowlingBash","FollowUp"],"picked":"Fasting2","floor":5.0},{"not_picked":["Prostrate","ReachHeaven"],"picked":"EmptyBody","floor":7.0},{"not_picked":["EmptyBody","FlyingSleeves"],"picked":"Protect","floor":12.0},{"not_picked":["ThirdEye","Pray"],"picked":"Wireheading+1","floor":14.0},{"not_picked":["Consecrate","WindmillStrike","ThirdEye+1"],"picked":"SKIP","floor":18.0},{"not_picked":["BowlingBash","CarveReality"],"picked":"EmptyFist","floor":19.0},{"not_picked":["Protect+1","FollowUp"],"picked":"Weave","floor":22.0},{"not_picked":["EmptyBody","CrushJoints"],"picked":"Wallop","floor":27.0},{"not_picked":["ThirdEye","WaveOfTheHand","CrushJoints"],"picked":"SKIP","floor":29.0},{"not_picked":["Worship+1","Consecrate","JustLucky"],"picked":"SKIP","floor":30.0},{"not_picked":["Vault","ConjureBlade"],"picked":"Establishment+1","floor":33.0},{"not_picked":[],"picked":"CutThroughFate+1","floor":35.0},{"not_picked":["CutThroughFate"],"picked":"SKIP","floor":37.0},{"not_picked":["Sanctity"],"picked":"SKIP","floor":38.0},{"not_picked":[],"picked":"Blind","floor":39.0},{"not_picked":["Halt"],"picked":"SKIP","floor":44.0},{"not_picked":["Wallop+1"],"picked":"SKIP","floor":45.0},{"not_picked":["BowlingBash+1"],"picked":"SKIP","floor":48.0},{"not_picked":[],"picked":"JustLucky+1","floor":54}],"player_experience":158995,"relics_obtained":[{"floor":3.0,"key":"The Courier"},{"floor":7.0,"key":"Toy Ornithopter"},{"floor":12.0,"key":"Orichalcum"},{"floor":14.0,"key":"Frozen Egg 2"},{"floor":26.0,"key":"Whetstone"},{"floor":27.0,"key":"Bronze Scales"},{"floor":29.0,"key":"Lizard Tail"},{"floor":43.0,"key":"Molten Egg 2"},{"floor":45.0,"key":"Boot"},{"floor":48.0,"key":"Pear"},{"floor":54,"key":"Bag of Marbles"}],"event_choices":[{"damage_healed":0.0,"max_hp_gain":0.0,"max_hp_loss":0.0,"gold_gain":0.0,"event_name":"Living Wall","player_choice":"Grow","floor":2.0,"gold_loss":0.0,"damage_taken":0.0,"cards_upgraded":["Eruption"]},{"damage_healed":0.0,"max_hp_gain":0.0,"max_hp_loss":0.0,"gold_gain":0.0,"event_name":"Wheel of Change","player_choice":"Relic","floor":3.0,"gold_loss":0.0,"damage_taken":0.0},{"damage_healed":0.0,"max_hp_gain":0.0,"max_hp_loss":0.0,"gold_gain":0.0,"event_name":"Liars Game","player_choice":"Ignored","floor":8.0,"gold_loss":0.0,"damage_taken":0.0},{"damage_healed":0.0,"max_hp_gain":0.0,"max_hp_loss":22.0,"gold_gain":0.0,"event_name":"Vampires","player_choice":"Became a vampire","floor":20.0,"gold_loss":0.0,"damage_taken":0.0,"cards_obtained":["Bite","Bite","Bite","Bite","Bite"]},{"damage_healed":0.0,"max_hp_gain":0.0,"max_hp_loss":0.0,"gold_gain":0.0,"event_name":"The Library","player_choice":"Read","floor":21.0,"gold_loss":0.0,"damage_taken":0.0,"cards_obtained":["WaveOfTheHand"]},{"cards_removed":["Defend_P"],"damage_healed":0.0,"max_hp_gain":0.0,"max_hp_loss":0.0,"gold_gain":0.0,"event_name":"Beggar","player_choice":"Gave Gold","floor":24.0,"gold_loss":75.0,"damage_taken":0.0},{"cards_removed":["Establishment"],"damage_healed":0.0,"max_hp_gain":10.0,"max_hp_loss":0.0,"gold_gain":0.0,"event_name":"Bonfire Elementals","player_choice":"Offered Rare","floor":36.0,"gold_loss":0.0,"damage_taken":0.0},{"damage_healed":0.0,"max_hp_gain":0.0,"max_hp_loss":0.0,"gold_gain":0.0,"event_name":"SensoryStone","player_choice":"Memory 1","floor":39.0,"gold_loss":0.0,"damage_taken":0.0},{"damage_healed":0.0,"max_hp_gain":0.0,"max_hp_loss":0.0,"gold_gain":0.0,"event_name":"NoteForYourself","player_choice":"Ignored","floor":42.0,"gold_loss":0.0,"damage_taken":0.0},{"damage_healed":0.0,"max_hp_gain":0.0,"max_hp_loss":0.0,"gold_gain":0.0,"event_name":"Match and Keep!","player_choice":"1 cards matched","floor":47.0,"gold_loss":0.0,"damage_taken":0.0,"cards_obtained":["Panacea"]}],"is_beta":false,"boss_relics":[{"not_picked":["Black Star","Velvet Choker"],"picked":"Fusion Hammer"},{"not_picked":["VioletLotus","SacredBark"],"picked":"Busted Crown"}],"items_purged_floors":[28],"is_endless":false,"potions_floor_spawned":[1,5,7,14,22,27,33,35,37,38,54],"killed_by":"The Heart","ascension_level":1}}