{"host":"k6v1xkuzrj71f4ss","time":1608732011,"event":{"mods":["Act Like it!","BaseMod","Bestiary","Better Altar","Better Third Choice","BetterRewards","Block Reminder","Colored Map","Colored Powertips","Curses Come First","Hubris","Minty Spire (QoL Compilation)","Quick Restart","Relic Stats","Remove Card Discount Mod","Spicy Shops","StSLib","óô»ðÖ¸ÄÏ"],"gold_per_floor":[113,4601,4616,4616,4247,4275,4310,4335,4335,4370,4370,4401,4435,4445,4445,4544,4544,4563,4577,4577,4604,4616,4648,4679,4712,4712,4526,4553,4582,4459,4471,4471,4570,4570,4582,4582,4601,4601,4653,4682,4717,4727,4795,4826,4837,4868,4900,4139,4139,4242,4242,4258,4258,4097,4110,4125,4154,4186,4212,4235,4270,4305,4305,4338,4338,4338,4440,4440,4455,4455,4455,4370,4398,4221,4255,4268,4293,4293,4319,4346,4377,4412,4412,4509,4509,4522,4522,4522,4522],"floor_reached":88,"playtime":7965,"items_purged":["Strike_R","Defend_R","Strike_R","Strike_R","Defend_R","Strike_R","Strike_R","Panache","Tactician+1","Bash+1","Armaments+1","Defend_R+1","Underhanded Strike+1"],"score":3220,"play_id":"c7e302f5-cb83-49d2-8463-3c7a693d1484","local_time":"20201223220011","daily_mods":["Green Cards","Heirloom","Flight","DeadlyEvents"],"is_ascension_mode":true,"campfire_choices":[{"data":"Armaments","floor":15.0,"key":"SMITH"},{"data":"Dagger Throw","floor":32,"key":"SMITH"},{"data":"Panache","floor":49,"key":"SMITH"},{"data":"Dagger Throw","floor":66,"key":"SMITH"},{"data":"Berserk","floor":78,"key":"SMITH"},{"data":"hubris:EnhanceAbility","floor":83,"key":"SMITH"}],"circlet_count":0,"master_deck":["Defend_R+1","Dagger Throw+1","Twin Strike+1","Deflect+1","Dagger Throw+1","Venomology+1","Rage+1","Sentinel+1","Body Slam+1","Impervious+1","Slice+1","Impervious+1","Dagger Throw+1","Ghostly Armor+1","Deflect+1","Swift Strike+1","Hemokinesis+1","Body Slam+1","Panache+1","Rage+1","Cloak And Dagger+1","Glass Knife+1","Deadly Poison+1","Limit Break+1","Shrug It Off+1","Deflect+1","Berserk+1","Body Slam+1","Slice+1","hubris:EnhanceAbility+1","Body Slam+1","Burst+1"],"relics":["Burning Blood","Thread and Needle","Toxic Egg 2","hubris:EmptyBottle","CaptainsWheel","Turnip","Akabeko","Lantern","Molten Egg 2","Champion Belt","Orichalcum","MealTicket","hubris:IronBody","Busted Crown","Mummified Hand","hubris:Metronome","The Courier","War Paint","MawBank","HandDrill","hubris:DeckOfHolding","hubris:ChampionShield","DollysMirror","hubris:VirtuousBlindfold","hubris:Towel","Unceasing Top","Oddly Smooth Stone","Bottled Flame","hubris:SphereOfDissonance","Self Forming Clay","Bag of Preparation","Sundial","Whetstone","Potion Belt","hubris:CuriousFeather","Toy Ornithopter","SlaversCollar","hubris:TenFootPole","Ancient Tea Set","hubris:CrackedHourglass","Omamori","hubris:Backtick","Calipers"],"acts_visited":["Exordium","TheCity","TheBeyond","Exordium","TheCity","TheBeyond"],"potions_floor_usage":[24,24,25,25,28,28,29,29,29,31,31,33,33,33,33,37,39,40,40,40,40,42,42,45,45,46,46,46,46,50,50,50,50,50,50,50,50,50,50,50,50,50,50,50,50,50,50,50,50,50,50,59,59,62,62,62,62,77,77,80,80,82,82,84,84,86,86],"damage_taken":[{"damage":1.0,"enemies":"Cultist","floor":1.0,"turns":4.0},{"damage":5.0,"enemies":"2 Louse","floor":3.0,"turns":3.0},{"damage":7.0,"enemies":"Gremlin Nob","floor":6.0,"turns":3.0},{"damage":1.0,"enemies":"3 Sentries","floor":7.0,"turns":7.0},{"damage":4.0,"enemies":"Lagavulin","floor":8.0,"turns":6.0},{"damage":0.0,"enemies":"3 Sentries","floor":10.0,"turns":6.0},{"damage":0.0,"enemies":"Lagavulin","floor":12.0,"turns":5.0},{"damage":0.0,"enemies":"Gremlin Nob","floor":13.0,"turns":2.0},{"damage":0.0,"enemies":"Jaw Worm","floor":14.0,"turns":2.0},{"damage":20.0,"enemies":"Hexaghost","floor":16.0,"turns":6.0},{"damage":0.0,"enemies":"Shell Parasite","floor":18.0,"turns":4.0},{"damage":6.0,"enemies":"3 Byrds","floor":19.0,"turns":5.0},{"damage":39.0,"enemies":"Gremlin Leader","floor":21.0,"turns":8.0},{"damage":0.0,"enemies":"Snecko","floor":22.0,"turns":4.0},{"damage":0.0,"enemies":"Book of Stabbing","floor":23.0,"turns":4.0},{"damage":7,"enemies":"Slavers","floor":24,"turns":5},{"damage":0,"enemies":"Gremlin Leader","floor":25,"turns":5},{"damage":21,"enemies":"Slavers","floor":28,"turns":7},{"damage":3,"enemies":"Book of Stabbing","floor":29,"turns":4},{"damage":0,"enemies":"Centurion and Healer","floor":31,"turns":3},{"damage":19,"enemies":"Automaton","floor":33,"turns":11},{"damage":11,"enemies":"3 Darklings","floor":35,"turns":6},{"damage":0,"enemies":"3 Shapes","floor":37,"turns":5},{"damage":18,"enemies":"2 Orb Walkers","floor":39,"turns":5},{"damage":2,"enemies":"Reptomancer","floor":40,"turns":5},{"damage":2,"enemies":"Giant Head","floor":41,"turns":4},{"damage":1,"enemies":"Jaw Worm Horde","floor":42,"turns":5},{"damage":0,"enemies":"Nemesis","floor":44,"turns":1},{"damage":2,"enemies":"4 Shapes","floor":45,"turns":1},{"damage":2,"enemies":"Giant Head","floor":46,"turns":7},{"damage":2,"enemies":"Reptomancer","floor":47,"turns":3},{"damage":0,"enemies":"Awakened One","floor":50,"turns":3},{"damage":0,"enemies":"2 Louse","floor":52,"turns":1},{"damage":0,"enemies":"Cultist","floor":55,"turns":1},{"damage":0,"enemies":"Small Slimes","floor":56,"turns":1},{"damage":0,"enemies":"Lagavulin","floor":57,"turns":1},{"damage":0,"enemies":"3 Sentries","floor":58,"turns":3},{"damage":2,"enemies":"Lagavulin","floor":59,"turns":1},{"damage":0,"enemies":"Gremlin Nob","floor":61,"turns":1},{"damage":2,"enemies":"3 Sentries","floor":62,"turns":2},{"damage":0,"enemies":"Gremlin Nob","floor":64,"turns":1},{"damage":2,"enemies":"Slime Boss","floor":67,"turns":2},{"damage":0,"enemies":"Shell Parasite","floor":69,"turns":1},{"damage":2,"enemies":"Gremlin Leader","floor":73,"turns":1},{"damage":0,"enemies":"Slavers","floor":75,"turns":1},{"damage":0,"enemies":"Chosen","floor":76,"turns":1},{"damage":2,"enemies":"Gremlin Leader","floor":77,"turns":2},{"damage":0,"enemies":"Slavers","floor":79,"turns":1},{"damage":2,"enemies":"Book of Stabbing","floor":80,"turns":2},{"damage":0,"enemies":"Gremlin Leader","floor":81,"turns":2},{"damage":0,"enemies":"Book of Stabbing","floor":82,"turns":1},{"damage":2,"enemies":"Champ","floor":84,"turns":2},{"damage":2,"enemies":"3 Shapes","floor":86,"turns":2},{"damage":3,"enemies":"3 Darklings","floor":88,"turns":1}],"seed_played":"-525356362474964043","potions_obtained":[{"floor":6.0,"key":"Block Potion"},{"floor":7.0,"key":"Block Potion"},{"floor":10.0,"key":"Explosive Potion"},{"floor":13.0,"key":"BlessingOfTheForge"},{"floor":16.0,"key":"Energy Potion"},{"floor":21.0,"key":"ColorlessPotion"},{"floor":23.0,"key":"DuplicationPotion"},{"floor":28,"key":"Fire Potion"},{"floor":29,"key":"Dexterity Potion"},{"floor":50,"key":"Block Potion"},{"floor":52,"key":"SkillPotion"},{"floor":59,"key":"CultistPotion"},{"floor":64,"key":"Block Potion"},{"floor":67,"key":"EssenceOfSteel"},{"floor":80,"key":"Weak Potion"},{"floor":84,"key":"SpeedPotion"}],"is_trial":true,"path_per_floor":["M","$","M","?","$","E","E","E","T","E","?","E","E","M","R","B",null,"M","M","?","E","M","E","E","E","T","$","E","E","R","M","R","B",null,"M","?","M","?","?","E","E","M","T","E","M","E","E","$","R","B",null,"M","?","$","M","M","E","E","E","T","E","E","?","E","?","R","B",null,"M","?","?","?","E","R","E","M","E","R","E","E","E","E","R","B",null,"M","?","M"],"character_chosen":"IRONCLAD","items_purchased":["Armaments","Toxic Egg 2","hubris:EmptyBottle","Twin Strike","Dagger Throw","Turnip","Swift Strike+1","HandDrill","DollysMirror","Whetstone","Glass Knife+1","Deadly Poison+1","Potion Belt","hubris:CuriousFeather","Toy Ornithopter","Shrug It Off+1","hubris:TenFootPole","hubris:EnhanceAbility","Body Slam+1"],"campfire_rested":0,"item_purchase_floors":[2,2,2,2,5,5,27,27,30,48,48,48,48,48,48,54,54,74,74],"current_hp_per_floor":[80,80,80,77,77,76,80,80,80,80,80,80,80,80,80,66,80,80,80,80,47,53,59,58,64,64,79,64,67,67,73,73,60,80,75,75,80,70,58,62,66,71,71,77,80,80,80,80,80,80,80,80,80,80,80,80,80,80,80,80,80,80,80,80,80,80,80,80,80,80,80,80,80,80,80,80,80,80,80,80,80,80,80,80,80,80,80,0,0],"gold":4522,"neow_bonus":"","is_daily":false,"chose_seed":false,"campfire_upgraded":6,"win_rate":0.0,"timestamp":1608732011,"path_taken":["M","$","M","?","$","E","E","E","T","E","?","E","?","M","R","BOSS","M","M","?","?","M","E","E","E","T","$","E","E","R","?","R","BOSS","M","?","M","?","?","E","E","M","T","E","?","E","?","?","R","BOSS","M","?","?","?","?","E","E","E","T","?","E","?","E","?","R","BOSS","M","?","?","?","?","R","E","?","E","R","E","?","E","E","R","BOSS","M","?","M"],"items_purchased_type":["Card","Relic","Relic","Card","Card","Relic","Card","Relic","Relic","Relic","Card","Card","Relic","Relic","Relic","Card","Relic","Card","Card"],"build_version":"2020-12-22","purchased_purges":13,"victory":false,"max_hp_per_floor":[80,80,80,80,80,80,80,80,80,80,80,80,80,80,80,80,80,80,80,80,80,80,80,80,80,80,80,80,80,80,80,80,80,80,80,80,80,80,80,80,80,80,80,80,80,80,80,80,80,80,80,80,80,80,80,80,80,80,80,80,80,80,80,80,80,80,80,80,80,80,80,80,80,80,80,80,80,80,80,80,80,80,80,80,80,80,80,80,80],"relic_stats":{"counters":[54,180],"Self Forming Clay":[24],"Bag of Preparation":[48],"Whetstone":["Bash","Twin Strike"],"Orichalcum":[24],"War Paint":["Defend_R","Defend_R"],"MawBank":12,"Burning Blood":143,"Busted Crown":170,"Mummified Hand":[24],"Sundial":[2],"MealTicket":15,"Turnip":[0],"HandDrill":[36],"Champion Belt":[60],"obtain_stats":[{"Lantern":7,"hubris:Metronome":23,"Calipers":85,"hubris:VirtuousBlindfold":34,"Bag of Preparation":46,"Whetstone":48,"hubris:EmptyBottle":2,"Ancient Tea Set":60,"Burning Blood":0,"hubris:Backtick":85,"Mummified Hand":21,"DollysMirror":30,"Sundial":47,"MealTicket":12,"hubris:DeckOfHolding":28,"hubris:IronBody":13,"hubris:CuriousFeather":48,"HandDrill":27,"Toxic Egg 2":2,"hubris:ChampionShield":29,"Potion Belt":48,"Self Forming Clay":44,"Oddly Smooth Stone":40,"hubris:SphereOfDissonance":43,"Thread and Needle":0,"The Courier":24,"Omamori":72,"Orichalcum":10,"War Paint":25,"hubris:Towel":36,"MawBank":26,"Akabeko":6,"SlaversCollar":51,"CaptainsWheel":4,"Bottled Flame":41,"Busted Crown":17,"Molten Egg 2":8,"Turnip":5,"hubris:TenFootPole":54,"Champion Belt":9,"hubris:CrackedHourglass":68,"Unceasing Top":39,"Toy Ornithopter":48},{"Lantern":4,"hubris:Metronome":15,"Calipers":52,"hubris:VirtuousBlindfold":21,"Bag of Preparation":30,"Whetstone":31,"hubris:EmptyBottle":1,"Ancient Tea Set":38,"Burning Blood":0,"hubris:Backtick":52,"Mummified Hand":13,"DollysMirror":19,"Sundial":31,"MealTicket":7,"hubris:DeckOfHolding":18,"hubris:IronBody":8,"hubris:CuriousFeather":31,"HandDrill":17,"Toxic Egg 2":1,"hubris:ChampionShield":19,"Potion Belt":31,"Self Forming Clay":28,"Oddly Smooth Stone":25,"hubris:SphereOfDissonance":27,"Thread and Needle":0,"The Courier":16,"Omamori":43,"Orichalcum":6,"War Paint":17,"hubris:Towel":22,"MawBank":17,"Akabeko":3,"SlaversCollar":32,"CaptainsWheel":2,"Bottled Flame":26,"Busted Crown":10,"Molten Egg 2":5,"Turnip":2,"hubris:TenFootPole":33,"Champion Belt":5,"hubris:CrackedHourglass":42,"Unceasing Top":24,"Toy Ornithopter":31},{"Lantern":17,"hubris:Metronome":69,"Calipers":177,"hubris:VirtuousBlindfold":104,"Bag of Preparation":143,"Whetstone":146,"hubris:EmptyBottle":4,"Ancient Tea Set":157,"Burning Blood":0,"hubris:Backtick":177,"Mummified Hand":61,"DollysMirror":90,"Sundial":146,"MealTicket":34,"hubris:DeckOfHolding":86,"hubris:IronBody":36,"hubris:CuriousFeather":146,"HandDrill":79,"Toxic Egg 2":4,"hubris:ChampionShield":90,"Potion Belt":146,"Self Forming Clay":135,"Oddly Smooth Stone":125,"hubris:SphereOfDissonance":134,"Thread and Needle":0,"The Courier":74,"Omamori":164,"Orichalcum":29,"War Paint":79,"hubris:Towel":110,"MawBank":79,"Akabeko":10,"SlaversCollar":149,"CaptainsWheel":7,"Bottled Flame":129,"Busted Crown":44,"Molten Egg 2":23,"Turnip":7,"hubris:TenFootPole":150,"Champion Belt":23,"hubris:CrackedHourglass":163,"Unceasing Top":120,"Toy Ornithopter":146}],"Unceasing Top":[199],"Toy Ornithopter":6},"card_choices":[{"not_picked":["Sword Boomerang","Thunderclap"],"picked":"Dagger Throw","floor":1.0},{"not_picked":["Poisoned Stab","True Grit+1"],"picked":"Deflect+1","floor":3.0},{"not_picked":["Concentrate+1","True Grit+1","Quick Slash"],"picked":"SKIP","floor":6.0},{"not_picked":["Ghostly Armor+1","Dagger Throw"],"picked":"Venomology+1","floor":7.0},{"not_picked":["Quick Slash+1","Sucker Punch+1","Deadly Poison+1"],"picked":"SKIP","floor":8.0},{"not_picked":["Leg Sweep+1","Poisoned Stab+1"],"picked":"Underhanded Strike+1","floor":10.0},{"not_picked":["Venomology+1","Accuracy","Dodge and Roll+1"],"picked":"SKIP","floor":12.0},{"not_picked":["Backflip+1","Cleave+1"],"picked":"Sentinel+1","floor":13.0},{"not_picked":["Perfected Strike+1","Outmaneuver+1"],"picked":"Body Slam+1","floor":14.0},{"not_picked":["Malaise+1","Berserk"],"picked":"Impervious+1","floor":16.0},{"not_picked":["Dodge and Roll+1"],"picked":"SKIP","floor":18.0},{"not_picked":[],"picked":"Slice+1","floor":19.0},{"not_picked":[],"picked":"Dagger Throw+1","floor":21.0},{"not_picked":[],"picked":"Ghostly Armor+1","floor":22.0},{"not_picked":[],"picked":"Deflect+1","floor":23.0},{"not_picked":["Underhanded Strike+1"],"picked":"SKIP","floor":24},{"not_picked":["All Out Attack+1"],"picked":"SKIP","floor":25},{"not_picked":[],"picked":"Hemokinesis+1","floor":28},{"not_picked":["Crippling Poison+1"],"picked":"SKIP","floor":29},{"not_picked":["Crippling Poison+1"],"picked":"SKIP","floor":29},{"not_picked":["True Grit+1"],"picked":"SKIP","floor":31},{"not_picked":[],"picked":"Tactician+1","floor":35},{"not_picked":["Clothesline+1"],"picked":"SKIP","floor":37},{"not_picked":[],"picked":"Panache","floor":38},{"not_picked":[],"picked":"Panache","floor":38},{"not_picked":["Searing Blow+1"],"picked":"SKIP","floor":40},{"not_picked":["Dodge and Roll+1"],"picked":"SKIP","floor":41},{"not_picked":["Reckless Charge+1"],"picked":"SKIP","floor":42},{"not_picked":[],"picked":"Rage+1","floor":44},{"not_picked":["Reckless Charge+1"],"picked":"SKIP","floor":45},{"not_picked":["Corpse Explosion+1"],"picked":"SKIP","floor":46},{"not_picked":[],"picked":"Cloak And Dagger+1","floor":47},{"not_picked":[],"picked":"Limit Break+1","floor":50},{"not_picked":["Dodge and Roll+1"],"picked":"SKIP","floor":52},{"not_picked":["Fire Breathing"],"picked":"SKIP","floor":55},{"not_picked":["Thunderclap+1"],"picked":"SKIP","floor":56},{"not_picked":["Havoc+1"],"picked":"SKIP","floor":57},{"not_picked":["Bane+1"],"picked":"SKIP","floor":58},{"not_picked":["Tools of the Trade"],"picked":"SKIP","floor":59},{"not_picked":["Poisoned Stab+1"],"picked":"SKIP","floor":61},{"not_picked":["Slice+1"],"picked":"SKIP","floor":62},{"not_picked":[],"picked":"Deflect+1","floor":64},{"not_picked":[],"picked":"Berserk","floor":67},{"not_picked":[],"picked":"Body Slam+1","floor":69},{"not_picked":["Predator+1"],"picked":"SKIP","floor":73},{"not_picked":["Pommel Strike+1"],"picked":"SKIP","floor":75},{"not_picked":["Carnage+1"],"picked":"SKIP","floor":76},{"not_picked":["Deadly Poison+1"],"picked":"SKIP","floor":77},{"not_picked":["Heavy Blade+1"],"picked":"SKIP","floor":79},{"not_picked":["Underhanded Strike+1"],"picked":"SKIP","floor":80},{"not_picked":["All Out Attack+1"],"picked":"SKIP","floor":81},{"not_picked":["Deadly Poison+1"],"picked":"SKIP","floor":82},{"not_picked":[],"picked":"Burst+1","floor":84},{"not_picked":["Perfected Strike+1"],"picked":"SKIP","floor":86}],"player_experience":225683,"relics_obtained":[{"floor":6.0,"key":"Akabeko"},{"floor":7.0,"key":"Lantern"},{"floor":8.0,"key":"Molten Egg 2"},{"floor":9.0,"key":"Champion Belt"},{"floor":10.0,"key":"Orichalcum"},{"floor":12.0,"key":"MealTicket"},{"floor":13.0,"key":"hubris:IronBody"},{"floor":21.0,"key":"Mummified Hand"},{"floor":23.0,"key":"hubris:Metronome"},{"floor":24,"key":"The Courier"},{"floor":25,"key":"War Paint"},{"floor":26,"key":"MawBank"},{"floor":28,"key":"hubris:DeckOfHolding"},{"floor":29,"key":"hubris:ChampionShield"},{"floor":39,"key":"Unceasing Top"},{"floor":40,"key":"Oddly Smooth Stone"},{"floor":41,"key":"Bottled Flame"},{"floor":43,"key":"hubris:SphereOfDissonance"},{"floor":44,"key":"Self Forming Clay"},{"floor":46,"key":"Bag of Preparation"},{"floor":47,"key":"Sundial"},{"floor":60,"key":"Ancient Tea Set"}],"event_choices":[{"damage_healed":0.0,"max_hp_gain":0.0,"max_hp_loss":0.0,"gold_gain":0.0,"event_name":"betterThird:BetterScrap","player_choice":"Relic ","floor":4.0,"gold_loss":0.0,"damage_taken":3.0,"cards_obtained":["Scrape"]},{"damage_healed":0.0,"max_hp_gain":0.0,"max_hp_loss":0.0,"gold_gain":0.0,"event_name":"Duplicator","player_choice":"Copied","floor":20.0,"gold_loss":0.0,"damage_taken":0.0,"cards_obtained":["Impervious"]},{"damage_healed":0,"gold_gain":0,"player_choice":"Memory 3","damage_taken":10,"max_hp_gain":0,"max_hp_loss":0,"event_name":"SensoryStone","floor":38,"gold_loss":0},{"damage_healed":0,"gold_gain":0,"player_choice":"Fight","damage_taken":0,"max_hp_gain":0,"max_hp_loss":0,"event_name":"Mysterious Sphere","floor":39,"gold_loss":0},{"damage_healed":0,"gold_gain":0,"player_choice":"Ignored","damage_taken":4258,"max_hp_gain":0,"max_hp_loss":0,"event_name":"betterThird:BetterSerpent","floor":53,"gold_loss":0},{"damage_healed":0,"gold_gain":0,"player_choice":"Ignored","damage_taken":0,"max_hp_gain":0,"max_hp_loss":0,"event_name":"Golden Wing","floor":63,"gold_loss":0},{"damage_healed":0,"gold_gain":0,"player_choice":"Ignored","damage_taken":0,"max_hp_gain":0,"max_hp_loss":0,"event_name":"Golden Idol","floor":65,"gold_loss":0},{"damage_healed":0,"gold_gain":0,"player_choice":"Ignored","damage_taken":0,"max_hp_gain":0,"max_hp_loss":0,"event_name":"Ghosts","floor":70,"gold_loss":0},{"damage_healed":0,"gold_gain":0,"player_choice":"Read","damage_taken":0,"max_hp_gain":0,"max_hp_loss":0,"event_name":"The Library","floor":71,"gold_loss":0,"cards_obtained":["Slice"]},{"damage_healed":0,"gold_gain":0,"player_choice":"Obtained Relic","damage_taken":0,"relics_obtained":["Omamori"],"max_hp_gain":0,"max_hp_loss":0,"event_name":"Addict","floor":72,"gold_loss":85}],"is_beta":false,"boss_relics":[{"not_picked":["hubris:CrackedHourglass","Calling Bell"],"picked":"Busted Crown"},{"not_picked":["Cursed Key","hubris:TerracottaHorce"],"picked":"hubris:VirtuousBlindfold"},{"not_picked":["SacredBark","Tiny House"],"picked":"SlaversCollar"},{"not_picked":["hubris:ScarierMask","Snecko Eye"],"picked":"hubris:CrackedHourglass"},{"not_picked":["Empty Cage","Velvet Choker"],"picked":"hubris:Backtick"}],"items_purged_floors":[2,2,2,2,2,5,48,48,48,48,48,54,74],"is_endless":true,"potions_floor_spawned":[6,7,10,13,16,21,23,28,29,31,35,39,42,50,52,56,59,64,67,69,77,79,80,84,86],"killed_by":"3 Darklings","ascension_level":4}}