{"host":"mt3nndg5ku536gxi","time":1608721209,"event":{"mods":["BaseMod","Colored Powertips","Minty Spire (QoL Compilation)","Permanent Neow","Quick Restart","StSLib","UnlockEverythingMod"],"gold_per_floor":[118,268,193,213,20,50,60,86,113,142,142,162,190,190,190,266,266,266,266],"floor_reached":18,"playtime":1104,"items_purged":["Doubt"],"score":376,"play_id":"e994d186-3085-4d71-83d2-7dc31870ba64","local_time":"20201223190009","is_ascension_mode":true,"campfire_choices":[{"data":"Eruption","floor":11.0,"key":"SMITH"},{"data":"Meditate","floor":15.0,"key":"SMITH"}],"circlet_count":0,"master_deck":["AscendersBane","Strike_P","Defend_P","Defend_P","Defend_P","Eruption+1","Vigilance","BattleHymn","Conclude","Adaptation","Vengeance","EmptyBody","Meditate+1","InnerPeace","DeceiveReality","LessonLearned","DevaForm+1","Sanctity+1","Blasphemy+1"],"relics":["Runic Dome","Blood Vial","Ancient Tea Set","Bronze Scales","Ginger","Mummified Hand","Astrolabe"],"acts_visited":["Exordium","TheCity"],"potions_floor_usage":[],"damage_taken":[{"damage":8.0,"enemies":"2 Louse","floor":1.0,"turns":3.0},{"damage":4.0,"enemies":"Small Slimes","floor":4.0,"turns":3.0},{"damage":3.0,"enemies":"Gremlin Nob","floor":6.0,"turns":3.0},{"damage":2.0,"enemies":"Jaw Worm","floor":7.0,"turns":3.0},{"damage":2.0,"enemies":"3 Sentries","floor":8.0,"turns":3.0},{"damage":15.0,"enemies":"Lagavulin","floor":10.0,"turns":4.0},{"damage":5.0,"enemies":"Exordium Wildlife","floor":12.0,"turns":2.0},{"damage":2.0,"enemies":"Gremlin Nob","floor":13.0,"turns":3.0},{"damage":25.0,"enemies":"The Guardian","floor":16.0,"turns":9.0},{"damage":100000,"enemies":"Shell Parasite","floor":18,"turns":5}],"seed_played":"3976790627123503546","potions_obtained":[{"floor":6.0,"key":"LiquidMemories"},{"floor":12.0,"key":"SkillPotion"},{"floor":13.0,"key":"Energy Potion"},{"floor":16.0,"key":"Weak Potion"}],"is_trial":false,"path_per_floor":["M","?","?","M","$","E","M","E","T","E","R","M","E","?","R","B",null,"M"],"character_chosen":"WATCHER","items_purchased":["Adaptation","Vengeance"],"campfire_rested":0,"item_purchase_floors":[5,5],"current_hp_per_floor":[53,53,53,49,49,46,46,46,46,33,33,30,30,30,30,7,53,0,0],"gold":266,"neow_bonus":"BOSS_RELIC","is_daily":false,"chose_seed":false,"campfire_upgraded":2,"win_rate":0.0,"timestamp":1608721209,"path_taken":["M","?","?","M","$","E","M","E","T","E","R","M","E","?","R","BOSS","M"],"items_purchased_type":["Card","Card"],"build_version":"2020-12-22","purchased_purges":1,"victory":false,"max_hp_per_floor":[68,68,68,68,68,68,68,68,68,68,68,68,68,68,68,68,68,68,68],"card_choices":[{"not_picked":["ClearTheMind","Crescendo"],"picked":"BattleHymn","floor":1.0},{"not_picked":["FollowUp","PathToVictory"],"picked":"Conclude","floor":4.0},{"not_picked":["WindmillStrike","PathToVictory","CrushJoints"],"picked":"SKIP","floor":6.0},{"not_picked":["Crescendo","BowlingBash"],"picked":"EmptyBody","floor":7.0},{"not_picked":["Judgement","FlyingSleeves"],"picked":"Meditate","floor":8.0},{"not_picked":["PathToVictory","WindmillStrike"],"picked":"InnerPeace","floor":10.0},{"not_picked":["Prostrate","Study"],"picked":"DeceiveReality","floor":12.0},{"not_picked":["SignatureMove","Wish","JustLucky"],"picked":"SKIP","floor":13.0},{"not_picked":["SpiritShield","DevaForm"],"picked":"LessonLearned","floor":16.0}],"player_experience":147298,"relics_obtained":[{"floor":6.0,"key":"Blood Vial"},{"floor":8.0,"key":"Ancient Tea Set"},{"floor":9.0,"key":"Bronze Scales"},{"floor":10.0,"key":"Ginger"},{"floor":13.0,"key":"Mummified Hand"}],"event_choices":[{"damage_healed":0.0,"max_hp_gain":0.0,"max_hp_loss":0.0,"gold_gain":150.0,"event_name":"Liars Game","player_choice":"AGREE","floor":2.0,"gold_loss":0.0,"damage_taken":0.0,"cards_obtained":["Doubt"]},{"cards_removed":["Strike_P"],"damage_healed":0.0,"max_hp_gain":0.0,"max_hp_loss":0.0,"gold_gain":0.0,"event_name":"The Cleric","player_choice":"Card Removal","floor":3.0,"gold_loss":75.0,"damage_taken":0.0},{"damage_healed":0.0,"max_hp_gain":0.0,"max_hp_loss":0.0,"gold_gain":0.0,"event_name":"Shining Light","player_choice":"Ignored","floor":14.0,"gold_loss":0.0,"damage_taken":0.0}],"is_beta":false,"boss_relics":[{"not_picked":["VioletLotus","Cursed Key"],"picked":"Astrolabe"}],"items_purged_floors":[5],"is_endless":false,"potions_floor_spawned":[6,12,13,16],"killed_by":"Shell Parasite","ascension_level":20}}