{"host":"4tnjxquzd1sn7hrw","time":1608697972,"event":{"mods":["BaseMod","Colored Map","Downfall","Hubris","Minty Spire (QoL Compilation)","Quick Restart","StSLib"],"gold_per_floor":[99,115,131,144,144,244,268,296,308,319,354,371,371,385,396,501,501,501,520,720,61,74,74,74,74,74,94,123,48,83,103,113,218,218,143,162,182,192,204,357,432,283,208,241,253,275,287,318,348,360,372,409,2,2,2,2,2],"floor_reached":55,"playtime":3166,"items_purged":[],"score":1055,"play_id":"fec3dadf-5064-4464-ae46-3ccfe1c38d7c","local_time":"20201223133251","is_ascension_mode":false,"campfire_choices":[{"data":"champ:Execute","floor":1,"key":"SMITH"},{"data":"champ:Taunt","floor":13,"key":"SMITH"},{"floor":18,"key":"RECALL"},{"data":"champ:RecklessLeap","floor":23,"key":"SMITH"},{"data":"champ:BladeFlurry","floor":26,"key":"SMITH"},{"data":"champ:BladeFlurry","floor":29,"key":"SMITH"},{"data":"champ:Encircle","floor":35,"key":"SMITH"},{"data":"champ:Devastate","floor":43,"key":"SMITH"},{"data":"champ:RecklessLeap","floor":45,"key":"SMITH"},{"data":"champ:PerfectForm","floor":54,"key":"SMITH"}],"circlet_count":0,"master_deck":["champ:Strike","champ:Strike","champ:Strike","champ:Strike","champ:Defend","champ:Defend","champ:Defend","champ:Defend","champ:Execute+1","champ:Taunt+1","champ:Duel","champ:DeathBlow","champ:Encircle+1","champ:StrikeOfGenius","champ:Lariat","champ:RecklessLeap+1","champ:HeartStrike","champ:BringItOn","champ:Devastate+1","champ:BringItOn","champ:VampiricStrike","champ:CrookedStrike","champ:BladeFlurry","champ:PerfectForm+1","champ:FocusedDefense","champ:ViciousMockery","champ:BladeFlurry+1","champ:PerfectedStrike","champ:CrookedStrike","champ:BladeFlurry+1","champ:Haymaker","champ:BerserkerStyle+1","champ:CalledShot+1","champ:Encircle+1","champ:PerfectForm+1","champ:FanOfKnives+1","champ:Haymaker+1","champ:FanOfKnives","champ:GladiatorsShout+1","champ:EndlessRage+1","Panache+1","champ:CalledShot+1","champ:Haymaker+1","champ:TornadoPunch+1","champ:FocusedBerserking+1","champ:RecklessLeap+1","champ:BladeFlurry","champ:GladiatorsShout+1","champ:TornadoPunch+1","champ:CalledShot+1","Panache+1","expansioncontent:Chronoboost+1","champ:Haymaker","champ:BladeFlurry"],"relics":["hubris:TerracottaHorce","PreservedInsect","hubris:MysteriousPyramids","Bronze Scales","hubris:BlackHole","Unceasing Top","Toxic Egg 2","Matryoshka","Frozen Egg 2","downfall:HeartBlessingRed","hubris:Zylophone","Black Star","downfall:HeartBlessingGreen","hubris:TenFootPole","Orrery","downfall:HeartBlessingBlue","MawBank","Darkstone Periapt","Anchor","hubris:DisguiseKit"],"acts_visited":["Exordium","TheCity","TheBeyond","TheEnding"],"potions_floor_usage":[8,21,27,27,27,27,50,55,55,55],"damage_taken":[{"damage":5,"enemies":"2 Louse","floor":2,"turns":3},{"damage":5,"enemies":"Cultist","floor":3,"turns":2},{"damage":5,"enemies":"Jaw Worm","floor":4,"turns":2},{"damage":33,"enemies":"Lagavulin","floor":8,"turns":5},{"damage":7,"enemies":"2 Fungi Beasts","floor":9,"turns":3},{"damage":19,"enemies":"3 Louse","floor":10,"turns":2},{"damage":40,"enemies":"3 Sentries","floor":11,"turns":4},{"damage":15,"enemies":"Large Slime","floor":12,"turns":4},{"damage":39,"enemies":"Gremlin Gang","floor":14,"turns":3},{"damage":16,"enemies":"Exordium Thugs","floor":15,"turns":3},{"damage":76,"enemies":"downfall:Defect","floor":16,"turns":5},{"damage":32,"enemies":"Shell Parasite","floor":19,"turns":3},{"damage":37,"enemies":"downfall:FleeingMerchant","floor":21,"turns":4},{"damage":41,"enemies":"Cultist and Chosen","floor":22,"turns":1},{"damage":5,"enemies":"Snake Plant","floor":27,"turns":2},{"damage":15,"enemies":"Book of Stabbing","floor":28,"turns":1},{"damage":20,"enemies":"Slavers","floor":30,"turns":1},{"damage":12,"enemies":"Snecko","floor":31,"turns":2},{"damage":25,"enemies":"Cultist and Chosen","floor":32,"turns":2},{"damage":32,"enemies":"downfall:Ironclad","floor":33,"turns":2},{"damage":44,"enemies":"3 Darklings","floor":36,"turns":1},{"damage":8,"enemies":"Orb Walker","floor":37,"turns":2},{"damage":31,"enemies":"Spire Growth","floor":38,"turns":1},{"damage":56,"enemies":"Transient","floor":39,"turns":2},{"damage":25,"enemies":"downfall:FleeingMerchant","floor":40,"turns":1},{"damage":25,"enemies":"Giant Head","floor":44,"turns":3},{"damage":10,"enemies":"Jaw Worm Horde","floor":46,"turns":1},{"damage":18,"enemies":"3 Darklings","floor":48,"turns":1},{"damage":27,"enemies":"Writhing Mass","floor":49,"turns":1},{"damage":61,"enemies":"downfall:Watcher","floor":50,"turns":2},{"damage":17,"enemies":"downfall:CharBossMerchant","floor":52,"turns":1},{"damage":212,"enemies":"downfall:NeowBoss","floor":55,"turns":14}],"seed_played":"-1288273173673112097","potions_obtained":[{"floor":2,"key":"sneckomod:MuddlingPotion"},{"floor":3,"key":"SkillPotion"},{"floor":4,"key":"Swift Potion"},{"floor":14,"key":"EntropicBrew"},{"floor":16,"key":"EssenceOfSteel"},{"floor":19,"key":"Fruit Juice"},{"floor":22,"key":"Guardian:BlockOnCardUsePotion"},{"floor":31,"key":"champ:OpenerPotion"},{"floor":52,"key":"hexamod:EctoCoolerPotion"}],"is_trial":false,"path_per_floor":["R","M","M","M","?","?","T","E","M","M","E","M","R","M","M","B",null,"R","M","?","$","M","R","T","T","R","M","E","R","E","M","M","B",null,"R","M","M","M","M","$","T","$","R","E","R","M","?","M","M","B",null,"E","$","R","B"],"character_chosen":"THE_CHAMP","items_purchased":["Unceasing Top","champ:PerfectForm","champ:FocusedDefense","champ:ViciousMockery","champ:BladeFlurry","champ:PerfectedStrike","Panache+1","Orrery","Panache+1","expansioncontent:Chronoboost+1","champ:Haymaker","champ:BladeFlurry","PowerPotion"],"campfire_rested":0,"item_purchase_floors":[21,21,21,21,21,21,40,42,53,53,53,53,53],"current_hp_per_floor":[90,90,90,90,95,95,95,94,94,94,84,83,83,71,68,27,78,78,78,78,99,99,99,99,99,99,99,100,100,100,100,98,98,100,100,100,95,100,100,100,100,100,110,107,107,110,110,110,110,110,110,110,110,110,0,0,0],"gold":2,"neow_bonus":"BOSS_RELIC","is_daily":false,"chose_seed":false,"campfire_upgraded":9,"win_rate":0.0,"timestamp":1608697971,"path_taken":["R","M","M","M","?","?","T","E","M","M","E","M","R","M","M","BOSS","R","M","?","$","?","R","T","?","R","M","E","R","E","M","M","BOSS","R","M","M","M","M","$","T","$","R","E","R","M","?","?","M","BOSS","E","$","R","BOSS"],"items_purchased_type":["Relic","Card","Card","Card","Card","Card","Card","Relic","Card","Card","Card","Card","Potion"],"build_version":"2020-12-13","purchased_purges":0,"victory":false,"max_hp_per_floor":[90,90,90,90,95,95,95,95,95,95,95,95,95,95,95,95,95,95,95,95,100,100,100,100,100,100,100,100,100,100,100,100,100,100,100,100,100,100,100,100,100,100,110,110,110,110,110,110,110,110,110,110,110,110,110,110,110],"card_choices":[{"not_picked":["champ:FightOn","champ:FalseCounter"],"picked":"champ:Duel","floor":2},{"not_picked":["champ:Haymaker","champ:BladeFlurry"],"picked":"champ:DeathBlow","floor":3},{"not_picked":["champ:GladiatorsShout","champ:FanOfKnives"],"picked":"champ:Encircle","floor":4},{"not_picked":["champ:Encircle","champ:TornadoPunch"],"picked":"champ:StrikeOfGenius","floor":8},{"not_picked":["champ:TornadoPunch","champ:FanOfKnives"],"picked":"champ:Lariat","floor":9},{"not_picked":["champ:CrookedStrike","champ:PreciseThrust"],"picked":"champ:RecklessLeap","floor":10},{"not_picked":["champ:FanOfKnives","champ:DeathBlow"],"picked":"champ:HeartStrike","floor":11},{"not_picked":["champ:GutPunch","champ:IronFortress"],"picked":"champ:BringItOn","floor":12},{"not_picked":["champ:TornadoPunch","champ:Duel"],"picked":"champ:Devastate","floor":14},{"not_picked":["champ:FlashCut","champ:Backstep"],"picked":"champ:BringItOn","floor":15},{"not_picked":["champ:LastStand","champ:IgnorePain"],"picked":"champ:VampiricStrike","floor":16},{"not_picked":["champ:EndlessRage+1","champ:Riposte"],"picked":"champ:CrookedStrike","floor":19},{"not_picked":["champ:Backstep","champ:Duel"],"picked":"champ:BladeFlurry","floor":21},{"not_picked":["champ:IronFortress+1","champ:BringItOn"],"picked":"champ:CrookedStrike","floor":22},{"not_picked":["champ:EnGarde+1","champ:PreciseThrust"],"picked":"champ:BladeFlurry","floor":27},{"not_picked":["champ:Encircle","champ:Backstep+1"],"picked":"champ:Haymaker","floor":28},{"not_picked":["champ:BringItOn+1","champ:ShieldSlam"],"picked":"champ:BerserkerStyle+1","floor":30},{"not_picked":["champ:BladeFlurry","champ:Riposte+1"],"picked":"champ:CalledShot+1","floor":31},{"not_picked":["champ:SkillfulDodge+1","champ:FocusedBerserking+1"],"picked":"champ:Encircle+1","floor":32},{"not_picked":["champ:LastStand+1","champ:SwordThrow"],"picked":"champ:PerfectForm+1","floor":33},{"not_picked":["champ:TornadoPunch+1","champ:BringItOn+1"],"picked":"champ:FanOfKnives+1","floor":36},{"not_picked":["champ:DefensiveShout+1","champ:SwordThrow"],"picked":"champ:Haymaker+1","floor":37},{"not_picked":["champ:Backstep+1","champ:DefensiveShout+1"],"picked":"champ:FanOfKnives","floor":38},{"not_picked":["champ:Circumvent+1","champ:AdrenalArmor+1"],"picked":"champ:GladiatorsShout+1","floor":39},{"not_picked":["champ:DefensiveShout+1","champ:BerserkersShout+1"],"picked":"champ:EndlessRage+1","floor":40},{"not_picked":["champ:Lariat+1","champ:FocusedDefense+1"],"picked":"champ:CalledShot+1","floor":42},{"not_picked":["champ:GladiatorsShout+1","champ:BladeFlurry"],"picked":"champ:Haymaker+1","floor":42},{"not_picked":["champ:AdrenalArmor+1","champ:GladiatorsShout+1"],"picked":"champ:TornadoPunch+1","floor":42},{"not_picked":["champ:SwordThrow","champ:BringItOn+1"],"picked":"champ:FocusedBerserking+1","floor":42},{"not_picked":["champ:StrikeOfGenius+1","champ:Backstep+1"],"picked":"champ:RecklessLeap","floor":44},{"not_picked":["champ:FightOn","champ:BringItOn+1"],"picked":"champ:BladeFlurry","floor":46},{"not_picked":["champ:FalseCounter+1","champ:Backstep+1"],"picked":"champ:GladiatorsShout+1","floor":48},{"not_picked":["champ:PreciseThrust+1","champ:FlashCut"],"picked":"champ:TornadoPunch+1","floor":49},{"not_picked":["champ:FanOfKnives","champ:CrookedStrike+1"],"picked":"champ:CalledShot+1","floor":52}],"player_experience":486559,"relics_obtained":[{"floor":7,"key":"PreservedInsect"},{"floor":8,"key":"hubris:MysteriousPyramids"},{"floor":11,"key":"Bronze Scales"},{"floor":24,"key":"Toxic Egg 2"},{"floor":25,"key":"Matryoshka"},{"floor":28,"key":"Frozen Egg 2"},{"floor":30,"key":"hubris:Zylophone"},{"floor":41,"key":"hubris:TenFootPole"},{"floor":44,"key":"MawBank"},{"floor":44,"key":"Darkstone Periapt"},{"floor":52,"key":"Anchor"},{"floor":52,"key":"hubris:DisguiseKit"}],"event_choices":[{"damage_healed":0,"gold_gain":0,"player_choice":"Donut","damage_taken":0,"max_hp_gain":5,"max_hp_loss":0,"event_name":"Big Fish","floor":5,"gold_loss":0},{"damage_healed":0,"gold_gain":0,"player_choice":"Ignored","damage_taken":0,"max_hp_gain":0,"max_hp_loss":0,"event_name":"NoteForYourself","floor":47,"gold_loss":0}],"is_beta":false,"boss_relics":[{"not_picked":["Calling Bell","Pandora\u0027s Box"],"picked":"hubris:BlackHole"},{"not_picked":["hubris:ScarierMask","hubris:HollowSoul"],"picked":"Black Star"}],"items_purged_floors":[],"is_endless":false,"potions_floor_spawned":[2,3,4,14,16,19,22,31,33,36,39,46,48,52],"killed_by":"downfall:NeowBoss","ascension_level":0}}