{"host":"4nqeo0vu1vuav7gg","time":1608722863,"event":{"mods":["AchievementEnabler","BaseMod","Block Reminder","Colored Map","Colored Powertips","Highlight Path","Minty Spire (QoL Compilation)","Quick Restart","Rare Cards Sparkle","Relic Relevance Reorder","StSLib"],"gold_per_floor":[119,134,2,152,166,166,201,213,251,328,340,340],"floor_reached":11,"playtime":334,"items_purged":["Strike_B"],"score":128,"play_id":"a8458777-046f-4cba-9f72-7c7fb2198a7b","local_time":"20201223122743","is_ascension_mode":true,"campfire_choices":[{"data":"Gash","floor":6.0,"key":"SMITH"},{"floor":8.0,"key":"REST"}],"circlet_count":0,"master_deck":["AscendersBane","Strike_B","Strike_B","Strike_B","Defend_B","Defend_B","Defend_B","Defend_B","Zap+1","Dualcast","Gash+1","Self Repair","Gash","Doubt","BootSequence","Static Discharge","Conserve Battery"],"relics":["Cracked Core","Happy Flower","MawBank","MealTicket"],"acts_visited":["Exordium"],"potions_floor_usage":[11],"damage_taken":[{"damage":2.0,"enemies":"Jaw Worm","floor":1.0,"turns":3.0},{"damage":2.0,"enemies":"2 Louse","floor":2.0,"turns":2.0},{"damage":0.0,"enemies":"Cultist","floor":5.0,"turns":3.0},{"damage":40.0,"enemies":"3 Sentries","floor":7.0,"turns":7.0},{"damage":35.0,"enemies":"3 Sentries","floor":10.0,"turns":6.0},{"damage":34,"enemies":"Gremlin Nob","floor":11,"turns":3}],"seed_played":"-4664512942820117282","potions_obtained":[{"floor":1.0,"key":"Swift Potion"},{"floor":10.0,"key":"CultistPotion"}],"is_trial":false,"path_per_floor":["M","M","$","?","M","R","E","R","T","?","E"],"character_chosen":"DEFECT","items_purchased":["Gash"],"campfire_rested":1,"item_purchase_floors":[3],"current_hp_per_floor":[62,60,60,60,67,67,34,55,55,27,0,0],"gold":340,"neow_bonus":"UPGRADE_CARD","is_daily":false,"chose_seed":false,"campfire_upgraded":1,"win_rate":0.0,"timestamp":1608722863,"path_taken":["M","M","$","?","M","R","E","R","T","?","E"],"items_purchased_type":["Card"],"build_version":"2020-12-22","purchased_purges":1,"victory":false,"max_hp_per_floor":[71,71,71,71,71,71,71,71,71,71,71,71],"card_choices":[{"not_picked":["Capacitor","Double Energy"],"picked":"Gash","floor":1.0},{"not_picked":["Hologram","Barrage"],"picked":"Self Repair","floor":2.0},{"not_picked":["Stack","Turbo"],"picked":"BootSequence","floor":5.0},{"not_picked":["Streamline","Tempest"],"picked":"Static Discharge","floor":7.0},{"not_picked":["Meteor Strike","Rebound"],"picked":"Conserve Battery","floor":10.0}],"player_experience":986975,"relics_obtained":[{"floor":7.0,"key":"MawBank"},{"floor":9.0,"key":"Happy Flower"},{"floor":10.0,"key":"MealTicket"}],"event_choices":[{"damage_healed":0.0,"max_hp_gain":0.0,"max_hp_loss":0.0,"gold_gain":150.0,"event_name":"Liars Game","player_choice":"AGREE","floor":4.0,"gold_loss":0.0,"damage_taken":0.0,"cards_obtained":["Doubt"]},{"damage_healed":0.0,"max_hp_gain":0.0,"max_hp_loss":0.0,"gold_gain":0.0,"event_name":"Dead Adventurer","player_choice":"Searched \u00271\u0027 times","floor":10.0,"gold_loss":0.0,"damage_taken":0.0}],"is_beta":false,"boss_relics":[],"items_purged_floors":[3],"is_endless":false,"potions_floor_spawned":[1,10],"killed_by":"Gremlin Nob","ascension_level":16}}