{"host":"e2ju6k0wppswbhbd","time":1608766411,"event":{"mods":["BaseMod","Minty Spire (QoL Compilation)","Rare Cards Sparkle","StSLib"],"gold_per_floor":[113,128,148,21,21,51,51,62,86,86,86,98,74,94,94,199,199,217,234,251,268,284,318,318,31,56,100,127,127,7,47,47,47,47],"floor_reached":33,"playtime":4623,"items_purged":[],"score":309,"play_id":"0c6e4b1c-d82f-437a-a48b-d2d1a6381ec9","local_time":"20201224003331","is_ascension_mode":false,"campfire_choices":[{"floor":7.0,"key":"RECALL"},{"data":"Cold Snap","floor":10.0,"key":"SMITH"},{"data":"Aggregate","floor":15.0,"key":"SMITH"},{"floor":24.0,"key":"REST"},{"floor":29.0,"key":"REST"},{"floor":32,"key":"REST"}],"circlet_count":0,"master_deck":["Strike_B","Strike_B","Strike_B","Defend_B","Defend_B","Defend_B","Zap+1","Dualcast","Redo+1","Steam","Glacier","Bandage Up+1","Conserve Battery","Auto Shields","Cold Snap+1","Sweeping Beam","Ball Lightning","Aggregate+1","Reboot","Compile Driver+1","Redo","FTL","Streamline","Fusion","Beam Cell+1","Self Repair+1","Coolheaded","Loop","Darkness"],"relics":["Cracked Core","Strawberry","Anchor","SlaversCollar","Toy Ornithopter","DataDisk","CeramicFish","War Paint","Question Card"],"acts_visited":["Exordium","TheCity"],"potions_floor_usage":[],"damage_taken":[{"damage":0.0,"enemies":"Small Slimes","floor":1.0,"turns":3.0},{"damage":0.0,"enemies":"Cultist","floor":2.0,"turns":3.0},{"damage":0.0,"enemies":"Jaw Worm","floor":3.0,"turns":3.0},{"damage":8.0,"enemies":"Lagavulin","floor":6.0,"turns":9.0},{"damage":6.0,"enemies":"Exordium Wildlife","floor":8.0,"turns":8.0},{"damage":0.0,"enemies":"Red Slaver","floor":12.0,"turns":3.0},{"damage":0.0,"enemies":"3 Louse","floor":14.0,"turns":2.0},{"damage":51.0,"enemies":"Slime Boss","floor":16.0,"turns":14.0},{"damage":22.0,"enemies":"Chosen","floor":18.0,"turns":7.0},{"damage":0.0,"enemies":"2 Thieves","floor":19.0,"turns":4.0},{"damage":21.0,"enemies":"Centurion and Healer","floor":20.0,"turns":10.0},{"damage":15.0,"enemies":"Sentry and Sphere","floor":21.0,"turns":5.0},{"damage":10.0,"enemies":"3 Cultists","floor":22.0,"turns":5.0},{"damage":30.0,"enemies":"Book of Stabbing","floor":23.0,"turns":6.0},{"damage":3.0,"enemies":"Slavers","floor":27.0,"turns":6.0},{"damage":22.0,"enemies":"Chosen and Byrds","floor":28.0,"turns":6.0},{"damage":57.0,"enemies":"Gremlin Leader","floor":31.0,"turns":13.0},{"damage":59,"enemies":"Automaton","floor":33,"turns":8}],"seed_played":"-6186693865005784561","potions_obtained":[{"floor":8.0,"key":"SpeedPotion"},{"floor":12.0,"key":"Energy Potion"},{"floor":16.0,"key":"Regen Potion"},{"floor":21.0,"key":"FearPotion"},{"floor":23.0,"key":"Energy Potion"},{"floor":28.0,"key":"Block Potion"}],"is_trial":false,"path_per_floor":["M","M","M","$","?","E","R","M","T","R","?","M","$","M","R","B",null,"M","M","M","M","M","E","R","$","T","E","M","R","$","E","R","B"],"character_chosen":"DEFECT","items_purchased":["Bandage Up","Conserve Battery","Ball Lightning","DataDisk","CeramicFish","Coolheaded","Loop","Block Potion"],"campfire_rested":3,"item_purchase_floors":[4,4,13,25,25,30,30,30],"current_hp_per_floor":[75,75,75,75,68,71,71,69,69,69,69,73,73,73,73,26,82,64,64,62,51,45,19,43,43,43,49,27,51,51,20,44,0,0],"gold":47,"neow_bonus":"UPGRADE_CARD","is_daily":false,"chose_seed":false,"campfire_upgraded":2,"win_rate":0.0,"timestamp":1608766411,"path_taken":["M","M","M","$","?","E","R","M","T","R","?","?","?","?","R","BOSS","M","M","M","M","?","E","R","$","T","E","M","R","$","E","R","BOSS"],"items_purchased_type":["Card","Card","Card","Relic","Relic","Card","Card","Potion"],"build_version":"2020-12-22","purchased_purges":0,"victory":false,"max_hp_per_floor":[75,75,75,75,75,82,82,82,82,82,82,82,82,82,82,82,82,82,82,82,82,82,82,82,82,82,82,82,82,82,82,82,82,82],"card_choices":[{"not_picked":["Leap","Lockon"],"picked":"Redo","floor":1.0},{"not_picked":["Redo","Beam Cell"],"picked":"Steam","floor":2.0},{"not_picked":["Streamline","Genetic Algorithm"],"picked":"Glacier","floor":3.0},{"not_picked":["White Noise","Reboot"],"picked":"Auto Shields","floor":6.0},{"not_picked":["Stack","Loop"],"picked":"Cold Snap","floor":8.0},{"not_picked":["Rebound","Hologram"],"picked":"Sweeping Beam","floor":12.0},{"not_picked":["Heatsinks","Leap"],"picked":"Aggregate","floor":14.0},{"not_picked":["Buffer","Biased Cognition"],"picked":"Reboot","floor":16.0},{"not_picked":["Ball Lightning","Sweeping Beam","Gash"],"picked":"SKIP","floor":18.0},{"not_picked":["Conserve Battery+1","Leap"],"picked":"Compile Driver+1","floor":19.0},{"not_picked":["Coolheaded","Beam Cell"],"picked":"Redo","floor":20.0},{"not_picked":["Ball Lightning","Steam+1"],"picked":"FTL","floor":21.0},{"not_picked":["Ball Lightning","Gash"],"picked":"Streamline","floor":22.0},{"not_picked":["Barrage","Reprogram+1"],"picked":"Fusion","floor":23.0},{"not_picked":["Redo","Leap"],"picked":"Beam Cell+1","floor":27.0},{"not_picked":["Sweeping Beam","Rainbow"],"picked":"Self Repair+1","floor":28.0},{"not_picked":["Stack","Go for the Eyes"],"picked":"Darkness","floor":31.0}],"player_experience":2561054,"relics_obtained":[{"floor":6.0,"key":"Strawberry"},{"floor":9.0,"key":"Anchor"},{"floor":23.0,"key":"Toy Ornithopter"},{"floor":27.0,"key":"War Paint"},{"floor":31.0,"key":"Question Card"}],"event_choices":[{"cards_removed":["Strike_B"],"damage_healed":0.0,"max_hp_gain":0.0,"max_hp_loss":0.0,"gold_gain":0.0,"event_name":"Golden Wing","player_choice":"Card Removal","floor":5.0,"gold_loss":0.0,"damage_taken":7.0},{"cards_removed":["Defend_B"],"damage_healed":0.0,"max_hp_gain":0.0,"max_hp_loss":0.0,"gold_gain":0.0,"event_name":"Purifier","player_choice":"Purged","floor":11.0,"gold_loss":0.0,"damage_taken":0.0}],"is_beta":false,"boss_relics":[{"not_picked":["Sozu","Runic Pyramid"],"picked":"SlaversCollar"}],"items_purged_floors":[],"is_endless":false,"potions_floor_spawned":[8,12,16,21,23,28],"killed_by":"Automaton","ascension_level":0}}