{"host":"mg3e76uznu9x14du","time":1608700257,"event":{"mods":["BaseMod","Colored Map","Minty Spire (QoL Compilation)","Permanent Neow","Relic Stats","StSLib"],"gold_per_floor":[119,69,69,144,144,144,170,183,229,247,266,266,12,32,32,32,32],"floor_reached":16,"playtime":882,"items_purged":["Strike_P"],"score":120,"play_id":"58e10c47-23cb-423d-a334-7c6f45a22812","local_time":"20201223001057","is_ascension_mode":true,"campfire_choices":[{"data":"LikeWater","floor":6,"key":"SMITH"},{"floor":12,"key":"REST"},{"data":"Eruption","floor":15,"key":"SMITH"}],"circlet_count":0,"master_deck":["Defend_P","Defend_P","Defend_P","Defend_P","Eruption+1","Vigilance","LikeWater+1","WreathOfFlame","SashWhip","SignatureMove","EmptyFist","Ragnarok","Pray","Halt"],"relics":["PureWater","Bird Faced Urn","The Courier","Blood Vial"],"acts_visited":["Exordium"],"potions_floor_usage":[7],"damage_taken":[{"damage":13,"enemies":"Cultist","floor":1,"turns":5},{"damage":25,"enemies":"3 Sentries","floor":7,"turns":26},{"damage":11,"enemies":"Small Slimes","floor":8,"turns":5},{"damage":0,"enemies":"2 Louse","floor":10,"turns":4},{"damage":21,"enemies":"Blue Slaver","floor":11,"turns":6},{"damage":11,"enemies":"Large Slime","floor":14,"turns":7},{"damage":22,"enemies":"Hexaghost","floor":16,"turns":11}],"seed_played":"8616386208892030644","potions_obtained":[{"floor":1,"key":"SmokeBomb"},{"floor":7,"key":"Fruit Juice"}],"is_trial":false,"path_per_floor":["M","?","?","?","?","R","E","M","T","M","M","R","$","M","R","B"],"character_chosen":"WATCHER","items_purchased":["Ragnarok","Pray"],"campfire_rested":1,"item_purchase_floors":[13,13],"current_hp_per_floor":[59,59,52,41,41,41,23,14,14,18,1,24,24,17,17,0,0],"gold":32,"neow_bonus":"REMOVE_CARD","is_daily":false,"chose_seed":false,"campfire_upgraded":2,"win_rate":0.0,"timestamp":1608700257,"path_taken":["M","?","?","?","?","R","E","M","T","M","?","R","?","M","R","BOSS"],"items_purchased_type":["Card","Card"],"build_version":"2020-12-22","purchased_purges":1,"victory":false,"max_hp_per_floor":[72,72,72,72,72,72,77,77,77,77,77,77,77,77,77,77,77],"relic_stats":{"Blood Vial":8,"counters":[7,64],"Bird Faced Urn":[12],"obtain_stats":[{"Blood Vial":9,"Bird Faced Urn":5,"The Courier":7,"PureWater":0},{"Blood Vial":3,"Bird Faced Urn":1,"The Courier":2,"PureWater":0},{"Blood Vial":36,"Bird Faced Urn":5,"The Courier":31,"PureWater":0}]},"card_choices":[{"not_picked":["DeceiveReality","WreathOfFlame"],"picked":"LikeWater","floor":1},{"not_picked":["Conclude","BowlingBash"],"picked":"WreathOfFlame","floor":7},{"not_picked":["CrushJoints","Crescendo"],"picked":"SashWhip","floor":8},{"not_picked":["Crescendo","Meditate"],"picked":"SignatureMove","floor":10},{"not_picked":["FollowUp","Collect"],"picked":"EmptyFist","floor":11},{"not_picked":["WaveOfTheHand","ReachHeaven"],"picked":"Halt","floor":14}],"player_experience":237740,"relics_obtained":[{"floor":7,"key":"The Courier"},{"floor":9,"key":"Blood Vial"}],"event_choices":[{"cards_removed":["Strike_P"],"damage_healed":0,"gold_gain":0,"player_choice":"Card Removal","damage_taken":0,"max_hp_gain":0,"max_hp_loss":0,"event_name":"The Cleric","floor":2,"gold_loss":50},{"cards_removed":["Strike_P"],"damage_healed":0,"gold_gain":0,"player_choice":"Card Removal","damage_taken":7,"max_hp_gain":0,"max_hp_loss":0,"event_name":"Golden Wing","floor":3,"gold_loss":0},{"damage_healed":0,"gold_gain":75,"player_choice":"Gather Gold","damage_taken":11,"max_hp_gain":0,"max_hp_loss":0,"event_name":"World of Goop","floor":4,"gold_loss":0},{"damage_healed":0,"gold_gain":0,"player_choice":"Gave Potion","damage_taken":0,"relics_obtained":["Bird Faced Urn"],"max_hp_gain":0,"max_hp_loss":0,"event_name":"WeMeetAgain","floor":5,"gold_loss":0}],"is_beta":false,"boss_relics":[],"items_purged_floors":[13],"is_endless":false,"potions_floor_spawned":[1,7],"killed_by":"Hexaghost","ascension_level":4}}