{"host":"sdjng9zhqonqi3uc","time":1608745042,"event":{"mods":["2.2 Compatiblity","AchievementEnabler","BaseMod","BetterRewards","Colored Powertips","Hero for Fun","Minty Spire (QoL Compilation)","StSLib","Td1madao Mod","The Animator","The Cursed","The Servant 0.9.4"],"gold_per_floor":[124,144,69,84,84,114,114,114,138,180,195,44,44,115,115,225,225,238,261,271,271,287,287,287],"floor_reached":23,"playtime":1889,"items_purged":["animator:Strike"],"score":201,"play_id":"44368893-991f-4dad-a77f-96b55af6759d","local_time":"20201223183722","is_ascension_mode":false,"campfire_choices":[{"floor":8,"key":"REST"},{"floor":13,"key":"REST"},{"data":"animator:Demiurge","floor":15,"key":"SMITH"}],"circlet_count":0,"master_deck":["animator:Strike_Overlord","animator:Defend_Overlord","animator:Cocytus","animator:Demiurge+1","animator:YachiyoNanami","animator:RoryMercury","animator:Entoma+4","animator:Togame","animator:PandorasActor","animator:CowGirl","animator:Sloth","animator:Shizu","animator:NarberalGamma","animator:PandorasActor","animator:Ainz"],"relics":["animator:LivingPicture","animator:TheMissingPiece","animator:PurgingStone","Torii","Bottled Lightning","Toy Ornithopter","Paper Frog","Omamori","Shuriken","Empty Cage"],"acts_visited":["Exordium","TheCity"],"potions_floor_usage":[10,10,23,23],"damage_taken":[{"damage":5,"enemies":"Cultist","floor":1,"turns":4},{"damage":8,"enemies":"Jaw Worm","floor":2,"turns":5},{"damage":0,"enemies":"Small Slimes","floor":4,"turns":3},{"damage":30,"enemies":"Lagavulin","floor":6,"turns":8},{"damage":9,"enemies":"Gremlin Nob","floor":10,"turns":3},{"damage":19,"enemies":"Exordium Wildlife","floor":11,"turns":6},{"damage":8,"enemies":"Hexaghost","floor":16,"turns":12},{"damage":1,"enemies":"Chosen","floor":18,"turns":4},{"damage":21,"enemies":"2 Thieves","floor":19,"turns":5},{"damage":15,"enemies":"Centurion and Healer","floor":20,"turns":8},{"damage":27,"enemies":"Cultist and Chosen","floor":22,"turns":6},{"damage":16,"enemies":"Slavers","floor":23,"turns":3}],"seed_played":"-8863427812764938816","potions_obtained":[{"floor":4,"key":"Energy Potion"},{"floor":6,"key":"FearPotion"},{"floor":16,"key":"SteroidPotion"},{"floor":20,"key":"Strength Potion"}],"is_trial":false,"path_per_floor":["M","M","$","M","?","E","?","R","T","E","M","$","R","T","R","B",null,"M","M","M","?","M","E"],"character_chosen":"THE_ANIMATOR","items_purchased":["Omamori"],"campfire_rested":2,"item_purchase_floors":[12],"current_hp_per_floor":[55,47,47,49,46,17,10,28,28,29,12,12,31,31,31,23,65,64,45,30,30,6,0,0],"gold":287,"neow_bonus":"TRANSFORM_TWO_CARDS","is_daily":false,"chose_seed":false,"campfire_upgraded":1,"win_rate":0.0,"timestamp":1608745042,"path_taken":["M","M","$","?","?","E","?","R","T","E","M","?","R","?","R","BOSS","M","M","M","?","M","E"],"items_purchased_type":["Relic"],"build_version":"2020-12-22","purchased_purges":1,"victory":false,"max_hp_per_floor":[60,60,60,62,62,63,63,63,63,63,65,65,65,65,65,65,65,65,67,67,67,70,70,70],"card_choices":[{"not_picked":["animator:Benimaru","animator:MetalKnight"],"picked":"animator:Entoma","floor":1},{"not_picked":["animator:Gillette","animator:Evileye","animator:Konayuki"],"picked":"SKIP","floor":2},{"not_picked":["animator:YachiyoNanami","animator:TsurugaMeisai"],"picked":"animator:Togame","floor":4},{"not_picked":["animator:Shalltear","animator:Cocytus"],"picked":"animator:PandorasActor","floor":6},{"not_picked":["animator:Cocytus","animator:Scar"],"picked":"animator:CowGirl","floor":10},{"not_picked":["animator:Hitei","animator:Gluttony"],"picked":"animator:Sloth","floor":11},{"not_picked":["animator:MadokaKaname","animator:Greed"],"picked":"animator:Shizu","floor":16},{"not_picked":["animator:OrikoMikuni","animator:Fredrika","animator:Mikaela"],"picked":"SKIP","floor":18},{"not_picked":["animator:Entoma","animator:Demiurge"],"picked":"animator:NarberalGamma","floor":19},{"not_picked":["animator:HiiragiShinya","animator:OrikoMikuni"],"picked":"animator:PandorasActor","floor":20},{"not_picked":["animator:YuiTsuruno","animator:GuildGirl"],"picked":"animator:Ainz","floor":22}],"player_experience":237153,"relics_obtained":[{"floor":6,"key":"Bottled Lightning"},{"floor":9,"key":"Toy Ornithopter"},{"floor":10,"key":"Paper Frog"},{"floor":14,"key":"Shuriken"}],"event_choices":[{"damage_healed":0,"gold_gain":0,"player_choice":"Success","damage_taken":3,"relics_obtained":["Torii"],"max_hp_gain":0,"max_hp_loss":0,"event_name":"Scrap Ooze","floor":5,"gold_loss":0},{"cards_removed":["animator:Defend"],"damage_healed":0,"gold_gain":0,"player_choice":"Card Removal","damage_taken":7,"max_hp_gain":0,"max_hp_loss":0,"event_name":"Golden Wing","floor":7,"gold_loss":0},{"damage_healed":0,"gold_gain":0,"player_choice":"Smashed Altar","damage_taken":0,"max_hp_gain":0,"max_hp_loss":0,"event_name":"Forgotten Altar","floor":21,"gold_loss":0,"cards_obtained":["Decay"]}],"is_beta":false,"boss_relics":[{"not_picked":["Sozu","Philosopher\u0027s Stone"],"picked":"Empty Cage"}],"items_purged_floors":[3],"is_endless":false,"potions_floor_spawned":[4,6,16,20],"killed_by":"Slavers","ascension_level":0}}