{"host":"3ghjvsatr2fxka2l","time":1608765965,"event":{"mods":["2.2 Compatiblity","AchievementEnabler","Act Like it!","Aspiration","BaseMod","Better Third Choice","Better Vampires","BetterRewards","Clawfect","Colored Powertips","Conspire","Curses Come First","Defuse TimeMaze Blight","Displayed Cursed Tome","Energized Spire","Gold Saver","Grow up Mod","Hallownest","Hubris","Infinite Spire","Lobotomy","Marked Mod","Minty Spire (QoL Compilation)","Permanent Neow","Quick Restart","Replay The Spire","SacredBarkPlus","StSLib","The Blue Laboratory","The Bug Knight","Transform Curses","Uncapped","Waifu the Spire","Wandering Minibosses","vexMod","??????REMEMod"],"gold_per_floor":[150,178,178,213,243,293,353,353,379,379,379,379,444,136,136,231,231,294,294,294,362,375,405,405,19,19,19,75,75,114,114,114,240,240,252,252,252,272,127,127,166,201,228,282,293,268,280,317,317,417,417,429,432,432,439,433,433,461,386,386,402,71,71,71,63,63],"floor_reached":65,"playtime":7800,"items_purged":["Strike_G","Strike_G","Strike_G"],"score":910,"play_id":"d04f8b47-1128-48b4-b28b-6d2dd64012db","local_time":"20201223152605","is_ascension_mode":false,"campfire_choices":[{"data":"HandOfGreed","floor":8.0,"key":"SMITH"},{"data":"Poisoned Stab","floor":12.0,"key":"SMITH"},{"data":"Defend_G","floor":15.0,"key":"SMITH"},{"data":"Hallownest:attackMasterCycloneSlash","floor":29.0,"key":"SMITH"},{"data":"A Thousand Cuts","floor":32.0,"key":"SMITH"},{"data":"After Image","floor":40.0,"key":"SMITH"},{"data":"Terror","floor":49,"key":"SMITH"},{"data":"ReplayTheSpireMod:From All Sides","floor":57,"key":"SMITH"},{"data":"Dagger Spray","floor":64,"key":"SMITH"}],"circlet_count":0,"master_deck":["Strike_G","Strike_G","Defend_G+1","Defend_G+1","Defend_G","Defend_G","Defend_G+1","Survivor","Neutralize","HandOfGreed+1","FairyFestival","Poisoned Stab+1","Noxious Fumes+1","VoidDream","UniverseFragment","A Thousand Cuts+1","MHz","Hallownest:attackMasterCycloneSlash+1","ShyLook","Blade Dance+1","Deadly Poison","DreamingCurrent","Noxious Fumes+1","Toxin Wave+1","ReplayTheSpireMod:From All Sides+1","SilentOrchestra","After Image+1","Terror+1","LaLuna","Fluid Movement","BlueStar","Dagger Spray+1","WhitesApple","Toxin Wave+1","BlackSwan","BlackArmy","DespairKnight","Dagger Spray+1","Scarecrow","Yin"],"relics":["Ring of the Snake","REME_ComplimentaryCards","CogitoBucket","Replay:Rubber Ducky","Hallownest:DreamNailRelic","Replay:Bottled Flurry","Theresia","Lantern","Vajra","War Paint","TreeSap","Mercury Hourglass","aspiration:VileToxins","infinitespire:CheckeredPen","DollysMirror","Bag of Marbles","hubris:Spice","ReplayFunnel","LuminousBracelet","AtMidnight","ReplayTheSpireMod:Shallot","hubris:Towel","Ancient Tea Set","Replay:PocketPolymizer","Happy Flower","Hallownest:BankAccountRelic"],"acts_visited":["Exordium","Hallownest:Greenpath","Hallownest:CityofTears","Hallownest:KingdomsEdge"],"potions_floor_usage":[50,50],"damage_taken":[{"damage":2.0,"enemies":"Hallownest:2_Tiktiks_and_1_Crawlid","floor":1.0,"turns":3.0},{"damage":12.0,"enemies":"Hallownest:eliteMossKnight","floor":2.0,"turns":10.0},{"damage":1.0,"enemies":"Hallownest:monsterHuskWarrior","floor":4.0,"turns":3.0},{"damage":9.0,"enemies":"2_ Uuma","floor":5.0,"turns":2.0},{"damage":6.0,"enemies":"Hallownest:eliteVengeflyKing","floor":6.0,"turns":8.0},{"damage":31.0,"enemies":"Hallownest:monsterAspidMother","floor":7.0,"turns":5.0},{"damage":12.0,"enemies":"Hallownest:1_Baldur_1_Crawlid_1_Warrior","floor":13.0,"turns":4.0},{"damage":22.0,"enemies":"Hallownest:BossBrokenVessel","floor":16.0,"turns":8.0},{"damage":9.0,"enemies":"Hallownest:Flukemon_and_Top","floor":18.0,"turns":7.0},{"damage":25.0,"enemies":"Hallownest:2_Mistakes","floor":21.0,"turns":7.0},{"damage":42.0,"enemies":"Hallownest:2_Husk_Sentries","floor":22.0,"turns":7.0},{"damage":44.0,"enemies":"Nightmare","floor":23.0,"turns":7.0},{"damage":86.0,"enemies":"Hallownest:eliteWatcherKnight","floor":28.0,"turns":9.0},{"damage":47.0,"enemies":"Hallownest:3_Mistakes","floor":30.0,"turns":4.0},{"damage":69.0,"enemies":"Hallownest:BossMantisLord","floor":33.0,"turns":7.0},{"damage":121.0,"enemies":"Hallownest:3_Siblings","floor":35.0,"turns":5.0},{"damage":0.0,"enemies":"Hallownest:2_Littles","floor":38.0,"turns":1.0},{"damage":28.0,"enemies":"Hallownest:monsterPrimalAspid","floor":41.0,"turns":2.0},{"damage":99.0,"enemies":"Hallownest:2_Wandering_and_1_Horned","floor":42.0,"turns":5.0},{"damage":96.0,"enemies":"conspire:MimicChest","floor":44.0,"turns":7.0},{"damage":32,"enemies":"Hallownest:Xero_Hu_Marmu","floor":45,"turns":4},{"damage":3,"enemies":"Hallownest:2_Great","floor":47,"turns":4},{"damage":18,"enemies":"Hallownest:Shield_Sturdy","floor":48,"turns":5},{"damage":65,"enemies":"Hallownest:BossGreyPrinceZote","floor":50,"turns":6},{"damage":0,"enemies":"Hallownest:2_Tiktiks_and_1_Crawlid","floor":52,"turns":1},{"damage":0,"enemies":"Hallownest:monsterHuskWarrior","floor":53,"turns":2},{"damage":0,"enemies":"Hallownest:2_Baldur","floor":55,"turns":1},{"damage":0,"enemies":"Hallownest:monsterMarmu","floor":56,"turns":1},{"damage":0,"enemies":"Hallownest:1_Ooma_and_2_Uuma","floor":58,"turns":2},{"damage":4,"enemies":"Hallownest:eliteMossKnight","floor":61,"turns":2},{"damage":0,"enemies":"Hallownest:2_Tiktiks_1_Baldur_1_Crawlid","floor":65,"turns":1}],"seed_played":"-5906602632546390859","potions_obtained":[{"floor":1.0,"key":"blueLaboratory:ArtistsPotion"},{"floor":7.0,"key":"blueLaboratory:BlinkPotion"},{"floor":13.0,"key":"LiquidBronze"},{"floor":18.0,"key":"AttackPotion"},{"floor":28.0,"key":"blueLaboratory:HummingbirdPotion"},{"floor":30.0,"key":"blueLaboratory:ArtistsPotion"},{"floor":33.0,"key":"blueLaboratory:PolymorphPotion"},{"floor":44.0,"key":"Poison Potion"},{"floor":45,"key":"Fire Potion"},{"floor":52,"key":"conspire:TimeTravelPotion"}],"is_trial":false,"path_per_floor":["M","?","?","M","M","E","M","R","T","?","?","R","M","$","R","B",null,"M","?","?","M","M","NM","?","$","T","AVR","E","R","M","?","R","B",null,"M","AVR","?","M","$","R","M","M","T","?","M","?","M","M","R","B",null,"M","M","AVR","M","?","R","M","?","T","E","$","?","R","M"],"character_chosen":"THE_SILENT","items_purchased":["Vajra","War Paint","infinitespire:CheckeredPen","DollysMirror","Ancient Tea Set","hubris:Spice"],"campfire_rested":0,"item_purchase_floors":[14,14,25,25,39,62],"current_hp_per_floor":[88,86,96,108,111,126,109,119,129,139,171,181,182,192,202,192,272,273,283,293,281,255,228,238,248,258,276,213,223,195,205,215,169,458,362,372,382,392,402,412,397,342,352,303,286,296,303,307,317,277,619,629,631,641,643,647,657,667,677,679,681,683,684,694,0,0],"gold":63,"neow_bonus":"","is_daily":false,"chose_seed":false,"campfire_upgraded":9,"win_rate":0.0,"timestamp":1608765965,"path_taken":["M","?","?","M","M","E","M","R","T","?","?","R","M","?","R","BOSS","M","?","?","M","M","NM","?","$","T","AVR","E","R","?","?","R","BOSS","M","AVR","?","M","$","R","M","?","T","?","M","?","?","M","R","BOSS","M","M","AVR","M","?","R","M","?","T","E","?","?","R","M"],"items_purchased_type":["Relic","Relic","Relic","Relic","Relic","Relic"],"build_version":"2020-12-22","purchased_purges":3,"victory":false,"max_hp_per_floor":[90,100,110,120,130,140,150,160,170,180,212,222,232,242,252,262,272,282,292,302,312,322,332,342,352,362,380,390,400,410,420,430,440,458,483,493,503,513,523,533,543,553,555,565,575,585,595,605,615,617,619,629,631,641,643,647,657,667,677,679,681,683,693,703,703,703],"card_choices":[{"not_picked":["Funeral","Rudolta","Murderer"],"picked":"Singing Bowl","floor":1.0},{"not_picked":["Prepared","Bane","Setup"],"picked":"SKIP","floor":1.0},{"not_picked":["Funeral","Murderer"],"picked":"FairyFestival","floor":2.0},{"not_picked":["Endless Agony","PiercingWail"],"picked":"Poisoned Stab","floor":2.0},{"not_picked":["Scarecrow","Bloodbath","LittlePrince"],"picked":"Singing Bowl","floor":4.0},{"not_picked":["hubris:SlightOfHand","Underhanded Strike","Sucker Punch"],"picked":"SKIP","floor":4.0},{"not_picked":["Alriune","ShyLook","SpiderBud"],"picked":"Singing Bowl","floor":5.0},{"not_picked":["Eviscerate","Draining Mist"],"picked":"Noxious Fumes","floor":5.0},{"not_picked":["BlueStar","BlackSwan","CherryBlossoms"],"picked":"Singing Bowl","floor":6.0},{"not_picked":["Dagger Spray","Dodge and Roll","Cloak And Dagger"],"picked":"SKIP","floor":6.0},{"not_picked":["Bloodbath","OldLady"],"picked":"VoidDream","floor":7.0},{"not_picked":["REME_ShadowStrike","Malaise","Dagger Throw"],"picked":"SKIP","floor":7.0},{"not_picked":["Variant","OSAHOGD"],"picked":"UniverseFragment","floor":13.0},{"not_picked":["Escape Plan","Reflex","Cloak And Dagger"],"picked":"SKIP","floor":13.0},{"not_picked":["BodiesMountain","BeautyBeast","NakedNest"],"picked":"Singing Bowl","floor":16.0},{"not_picked":["Glass Knife","Night Terror"],"picked":"A Thousand Cuts","floor":16.0},{"not_picked":["GalaxyChild","BeautyBeast","SingingMachine"],"picked":"Singing Bowl","floor":18.0},{"not_picked":["MeatLantern","BigBird"],"picked":"MHz","floor":18.0},{"not_picked":["Dagger Throw","Acrobatics","Backflip"],"picked":"SKIP","floor":18.0},{"not_picked":["OSAHOGD","QueenOfHatred","CherryBlossoms"],"picked":"Singing Bowl","floor":21.0},{"not_picked":["REME_ShadowStrike","Backflip","Calculated Gamble"],"picked":"SKIP","floor":21.0},{"not_picked":["PunishingBird","WallGazer","Porccubus"],"picked":"Singing Bowl","floor":22.0},{"not_picked":["Alriune","Variant"],"picked":"ShyLook","floor":22.0},{"not_picked":["Distraction","Tools of the Trade"],"picked":"Blade Dance+1","floor":22.0},{"not_picked":["Expertise","Quick Slash+1"],"picked":"Deadly Poison","floor":23.0},{"not_picked":["LittlePrince","PunishingBird","CherryBlossoms"],"picked":"Singing Bowl","floor":23.0},{"not_picked":["OSAHOGD","Alriune"],"picked":"DreamingCurrent","floor":23.0},{"not_picked":["Murderer","LongBird","HeroicMonk"],"picked":"Singing Bowl","floor":28.0},{"not_picked":["Endless Agony","ReplayTheSpireMod:Exploit Weakness","Replay:Bag of Tricks"],"picked":"SKIP","floor":28.0},{"not_picked":["BlackSwan","Bloodbath","LaLuna"],"picked":"Singing Bowl","floor":30.0},{"not_picked":["Choke","Bane"],"picked":"Toxin Wave","floor":30.0},{"not_picked":["GreedKing","CherryBlossoms","CENSORED"],"picked":"Singing Bowl","floor":33.0},{"not_picked":["Glass Knife","Tools of the Trade"],"picked":"ReplayTheSpireMod:From All Sides","floor":33.0},{"not_picked":["MeatLantern","SilentOrchestra","MeltingLove"],"picked":"Singing Bowl","floor":35.0},{"not_picked":["ReplayTheSpireMod:The Works","Dodge and Roll+1","Deflect"],"picked":"SKIP","floor":35.0},{"not_picked":["Yin","SpiderBud","GalaxyChild"],"picked":"Singing Bowl","floor":38.0},{"not_picked":["Variant","LongBird"],"picked":"SilentOrchestra","floor":38.0},{"not_picked":["Quick Slash","Bane"],"picked":"After Image","floor":38.0},{"not_picked":["SpiderBud","Funeral","BigBadWolf"],"picked":"Singing Bowl","floor":41.0},{"not_picked":["Deadly Poison+1","Backstab+1"],"picked":"Terror","floor":41.0},{"not_picked":["LittleHelper","RedShoes","MeltingLove"],"picked":"Singing Bowl","floor":42.0},{"not_picked":["Variant","RedShoes"],"picked":"LaLuna","floor":42.0},{"not_picked":["Riddle With Holes","Replay:Poison Smokescreen+1"],"picked":"Fluid Movement","floor":42.0},{"not_picked":["NakedNest","WhitesApple","BeautyBeast"],"picked":"Singing Bowl","floor":44.0},{"not_picked":["MeatLantern","Mercenary"],"picked":"BlueStar","floor":44.0},{"not_picked":["Concentrate+1","Sucker Punch"],"picked":"Dagger Spray+1","floor":45},{"not_picked":["GreedKing","CherryBlossoms","QueenOfHatred"],"picked":"Singing Bowl","floor":45},{"not_picked":["Variant","Scarecrow","Porccubus"],"picked":"Singing Bowl","floor":47},{"not_picked":["MeltingLove","Woodsman"],"picked":"WhitesApple","floor":47},{"not_picked":["Outmaneuver","ReplayTheSpireMod:Scrap Shanks+1","Deflect+1"],"picked":"SKIP","floor":47},{"not_picked":["hubris:SlightOfHand","ReplayTheSpireMod:Scrap Shanks+1"],"picked":"Toxin Wave+1","floor":48},{"not_picked":["SingingMachine","Laetitia"],"picked":"BlackSwan","floor":48},{"not_picked":["HeroicMonk","Laetitia"],"picked":"BlackArmy","floor":50},{"not_picked":["Corpse Explosion","REME_ShadowForm"],"picked":"hubris:SpiceAddiction","floor":50},{"not_picked":["CENSORED","Yin"],"picked":"DespairKnight","floor":52},{"not_picked":["ReplayTheSpireMod:Shiv Toss","Caltrops"],"picked":"Dagger Spray","floor":52},{"not_picked":["BodiesMountain","MeltingLove"],"picked":"Scarecrow","floor":53},{"not_picked":["Leg Sweep","Flying Knee"],"picked":"hubris:SpiceAddiction","floor":53},{"not_picked":["BigBird","BodiesMountain"],"picked":"Yin","floor":55},{"not_picked":["Quick Slash","Flying Knee"],"picked":"hubris:SpiceAddiction","floor":55},{"not_picked":["conspire:DoublingDagger","Dash","ReplayTheSpireMod:Shiv Toss"],"picked":"SKIP","floor":58},{"not_picked":["Poisoned Stab","Flying Knee","Riddle With Holes"],"picked":"SKIP","floor":61}],"player_experience":280745,"relics_obtained":[{"floor":2.0,"key":"Replay:Rubber Ducky"},{"floor":6.0,"key":"Replay:Bottled Flurry"},{"floor":9.0,"key":"Lantern"},{"floor":23.0,"key":"Mercury Hourglass"},{"floor":26.0,"key":"Bag of Marbles"},{"floor":28.0,"key":"ReplayFunnel"},{"floor":35.0,"key":"AtMidnight"},{"floor":43.0,"key":"hubris:Spice"},{"floor":44.0,"key":"Replay:PocketPolymizer"},{"floor":60,"key":"hubris:Spice"},{"floor":61,"key":"hubris:Spice"}],"event_choices":[],"is_beta":false,"boss_relics":[{"not_picked":["hubris:Stopwatch","Fusion Hammer","energizedSpire:SpiderWeb"]},{"not_picked":["aspiration:RunicSpoon","Snecko Eye"],"picked":"hubris:Spice"},{"not_picked":["hubris:Spice","hubris:Spice"],"picked":"hubris:Spice"}],"items_purged_floors":[27,36,62],"is_endless":true,"potions_floor_spawned":[1,7,13,18,28,30,33,38,44,45,52,55,58],"killed_by":"Hallownest:2_Tiktiks_1_Baldur_1_Crawlid","ascension_level":0}}