{"host":"7o30bgpqouqblh42","time":1608740159,"event":{"mods":["AchievementEnabler","Aspiration","BaseMod","Colored Map","Downfall","Highlight Path","Minty Spire (QoL Compilation)","StSLib","SuperFastMode"],"gold_per_floor":[117,132,132,132,50,50,80,93,93,106,106,35,210,210,210,315,315,329,244,244,262,30,30,63,63,63,97,113,388,138,151,151,255,255,267,28,78,78,78,78,105,105,105,155,155,189,189,222,222,222,222],"floor_reached":50,"playtime":2714,"items_purged":["Doubt","Defend_G"],"score":774,"play_id":"7048b887-8960-4052-be8a-129f96f919d6","local_time":"20201223111559","is_ascension_mode":true,"campfire_choices":[{"data":"Blade Dance","floor":6,"key":"SMITH"},{"floor":11,"key":"RECALL"},{"data":"Noxious Fumes","floor":15,"key":"SMITH"},{"data":"Strike_G","floor":23,"key":"PURGE"},{"data":"Strike_G","floor":25,"key":"PURGE"},{"data":"Strike_G","floor":32,"key":"PURGE"},{"data":"Finisher","floor":40,"key":"SMITH"},{"data":"Strike_G","floor":42,"key":"PURGE"},{"data":"Strike_G","floor":49,"key":"PURGE"}],"circlet_count":0,"master_deck":["Defend_G+1","Defend_G","Survivor","Neutralize","Finisher+1","Blade Dance+1","Prepared","Malaise+1","Noxious Fumes+1","Phantasmal Killer+1","Infinite Blades","Escape Plan+1","Finesse+1","Slice","Endless Agony","Prepared+1","Secret Weapon+1","Terror+1","Venomology+1","Cloak And Dagger+1","Finisher+1","Accuracy","Deflect+1","Reflex+1","Thinking Ahead+1"],"relics":["Ring of the Snake","NeowsBlessing","Ninja Scroll","Peace Pipe","Toxic Egg 2","Runic Pyramid","Juzu Bracelet","Toy Ornithopter","Omamori","aspiration:SeaSaltIceCream","NeowsBlessing","Darkstone Periapt","Busted Crown","Gambling Chip","Snake Skull","Ginger","aspiration:HatOfInfinitePower","Bottled Flame","Sundial","Centennial Puzzle"],"acts_visited":["Exordium","TheCity","TheBeyond"],"potions_floor_usage":[16,16,33,33,35,35,37,41,44,44,46,50,50],"damage_taken":[{"damage":0,"enemies":"2 Louse","floor":1,"turns":1},{"damage":0,"enemies":"Jaw Worm","floor":2,"turns":1},{"damage":0,"enemies":"Lagavulin","floor":7,"turns":1},{"damage":0,"enemies":"Small Slimes","floor":8,"turns":2},{"damage":0,"enemies":"Red Slaver","floor":10,"turns":1},{"damage":18,"enemies":"Hexaghost","floor":16,"turns":10},{"damage":0,"enemies":"Chosen","floor":18,"turns":3},{"damage":0,"enemies":"Spheric Guardian","floor":21,"turns":1},{"damage":12,"enemies":"Book of Stabbing","floor":24,"turns":4},{"damage":0,"enemies":"Gremlin Leader","floor":27,"turns":1},{"damage":0,"enemies":"Cultist and Chosen","floor":28,"turns":1},{"damage":0,"enemies":"Shelled Parasite and Fungi","floor":31,"turns":1},{"damage":25,"enemies":"Automaton","floor":33,"turns":6},{"damage":17,"enemies":"3 Shapes","floor":35,"turns":3},{"damage":10,"enemies":"2 Orb Walkers","floor":37,"turns":3},{"damage":4,"enemies":"Giant Head","floor":41,"turns":4},{"damage":8,"enemies":"Mind Bloom Boss Battle","floor":44,"turns":4},{"damage":0,"enemies":"Nemesis","floor":46,"turns":1},{"damage":11,"enemies":"Reptomancer","floor":48,"turns":2},{"damage":67,"enemies":"Donu and Deca","floor":50,"turns":5}],"seed_played":"7639131715684214641","potions_obtained":[{"floor":7,"key":"BlessingOfTheForge"},{"floor":8,"key":"FearPotion"},{"floor":24,"key":"champ:CounterPotion"},{"floor":31,"key":"FearPotion"},{"floor":33,"key":"Energy Potion"},{"floor":35,"key":"LiquidBronze"},{"floor":44,"key":"SpeedPotion"}],"is_trial":false,"path_per_floor":["M","M","?","?","?","R","E","M","T","M","R","$","?","T","R","B",null,"M","?","?","M","$","R","E","R","T","E","M","?","$","M","R","B",null,"M","$","?","?","?","R","E","R","T","?","T","E","?","E","R","B"],"character_chosen":"THE_SILENT","items_purchased":["Noxious Fumes","Finesse+1","Toy Ornithopter","Secret Weapon+1","Finisher","Accuracy"],"campfire_rested":0,"item_purchase_floors":[12,22,22,30,36,36],"current_hp_per_floor":[70,70,56,56,56,56,56,56,56,56,56,56,56,56,56,38,70,70,70,57,57,57,57,45,45,45,45,45,45,45,45,45,30,75,68,68,63,75,75,75,71,71,71,67,67,72,67,56,56,0,0],"gold":222,"neow_bonus":"THREE_ENEMY_KILL","is_daily":false,"chose_seed":false,"campfire_upgraded":3,"win_rate":0.0,"timestamp":1608740159,"path_taken":["M","M","?","?","?","R","E","?","T","M","R","$","?","?","R","BOSS","M","?","?","M","?","R","E","R","T","E","M","?","$","M","R","BOSS","M","$","?","?","?","R","E","R","T","?","?","E","?","E","R","BOSS"],"items_purchased_type":["Card","Card","Relic","Card","Card","Card"],"build_version":"2020-12-22","purchased_purges":2,"victory":false,"max_hp_per_floor":[70,70,70,70,70,70,70,70,70,70,70,70,70,70,70,70,70,70,70,75,75,75,75,75,75,75,75,75,75,75,75,75,75,75,75,75,75,75,75,75,75,75,75,75,75,75,75,75,75,75,75],"card_choices":[{"not_picked":["Dodge and Roll","Dagger Spray"],"picked":"Finisher","floor":1},{"not_picked":["Prepared","Finisher"],"picked":"Blade Dance","floor":2},{"not_picked":["Acrobatics","Caltrops"],"picked":"Prepared","floor":7},{"not_picked":["Acrobatics","Bane","Dagger Spray"],"picked":"SKIP","floor":8},{"not_picked":["Quick Slash","Bane"],"picked":"Malaise+1","floor":10},{"not_picked":["After Image","Doppelganger+1"],"picked":"Phantasmal Killer+1","floor":16},{"not_picked":["Slice","Well Laid Plans"],"picked":"Infinite Blades","floor":18},{"not_picked":["Acrobatics+1","Terror+1"],"picked":"Escape Plan+1","floor":21},{"not_picked":["Escape Plan+1","Dagger Spray"],"picked":"Slice","floor":24},{"not_picked":["Cloak And Dagger+1","Deflect+1"],"picked":"Endless Agony","floor":27},{"not_picked":["Leg Sweep+1","Masterful Stab"],"picked":"Prepared+1","floor":28},{"not_picked":["Envenom","Eviscerate+1"],"picked":"Terror+1","floor":31},{"not_picked":["Die Die Die","Phantasmal Killer+1"],"picked":"Venomology+1","floor":33},{"not_picked":[],"picked":"Cloak And Dagger+1","floor":35},{"not_picked":[],"picked":"Deflect+1","floor":37},{"not_picked":["Underhanded Strike"],"picked":"SKIP","floor":41},{"not_picked":[],"picked":"Reflex+1","floor":46},{"not_picked":[],"picked":"Thinking Ahead+1","floor":47},{"not_picked":["Blur+1"],"picked":"SKIP","floor":48}],"player_experience":105757,"relics_obtained":[{"floor":7,"key":"Peace Pipe"},{"floor":9,"key":"Toxic Egg 2"},{"floor":24,"key":"Omamori"},{"floor":26,"key":"aspiration:SeaSaltIceCream"},{"floor":27,"key":"Darkstone Periapt"},{"floor":37,"key":"Gambling Chip"},{"floor":41,"key":"Snake Skull"},{"floor":43,"key":"Ginger"},{"floor":44,"key":"aspiration:HatOfInfinitePower"},{"floor":45,"key":"Bottled Flame"},{"floor":46,"key":"Sundial"},{"floor":48,"key":"Centennial Puzzle"}],"event_choices":[{"damage_healed":0,"gold_gain":0,"player_choice":"Entered Light","damage_taken":14,"max_hp_gain":0,"max_hp_loss":0,"event_name":"Shining Light","floor":3,"gold_loss":0,"cards_upgraded":["Defend_G","Finisher"]},{"cards_removed":["Defend_G"],"damage_healed":0,"gold_gain":0,"player_choice":"Forget","damage_taken":0,"max_hp_gain":0,"max_hp_loss":0,"event_name":"Living Wall","floor":4,"gold_loss":0},{"damage_healed":0,"gold_gain":0,"player_choice":"Paid Gold","damage_taken":0,"relics_obtained":["Ninja Scroll"],"max_hp_gain":0,"max_hp_loss":0,"event_name":"WeMeetAgain","floor":5,"gold_loss":82},{"damage_healed":0,"gold_gain":175,"player_choice":"AGREE","damage_taken":0,"max_hp_gain":0,"max_hp_loss":0,"event_name":"Liars Game","floor":13,"gold_loss":0,"cards_obtained":["Doubt"]},{"damage_healed":0,"gold_gain":0,"player_choice":"Obtained Relic","damage_taken":0,"relics_obtained":["Juzu Bracelet"],"max_hp_gain":0,"max_hp_loss":0,"event_name":"Addict","floor":19,"gold_loss":85},{"damage_healed":0,"gold_gain":0,"player_choice":"Shed Blood","damage_taken":18,"max_hp_gain":5,"max_hp_loss":0,"event_name":"Forgotten Altar","floor":20,"gold_loss":0},{"damage_healed":0,"gold_gain":275,"player_choice":"Desecrate","damage_taken":0,"max_hp_gain":0,"max_hp_loss":0,"event_name":"Golden Shrine","floor":29,"gold_loss":0,"cards_obtained":["Regret"]},{"damage_healed":0,"gold_gain":0,"player_choice":"Fight","damage_taken":0,"max_hp_gain":0,"max_hp_loss":0,"event_name":"Mysterious Sphere","floor":37,"gold_loss":0},{"damage_healed":19,"gold_gain":0,"player_choice":"Writhe","damage_taken":0,"max_hp_gain":0,"max_hp_loss":0,"event_name":"Winding Halls","floor":38,"gold_loss":0,"cards_obtained":["Writhe"]},{"cards_removed":["Defend_G"],"damage_healed":0,"gold_gain":0,"player_choice":"Removed Skill","damage_taken":0,"max_hp_gain":0,"max_hp_loss":0,"event_name":"Falling","floor":39,"gold_loss":0},{"damage_healed":0,"gold_gain":0,"player_choice":"Fight","damage_taken":0,"max_hp_gain":0,"max_hp_loss":0,"event_name":"MindBloom","floor":44,"gold_loss":0},{"damage_healed":0,"gold_gain":0,"player_choice":"Memory 2","damage_taken":5,"max_hp_gain":0,"max_hp_loss":0,"event_name":"SensoryStone","floor":47,"gold_loss":0}],"is_beta":false,"boss_relics":[{"not_picked":["Tiny House","HoveringKite"],"picked":"Runic Pyramid"},{"not_picked":["aspiration:DefectSkillbook","Sozu"],"picked":"Busted Crown"}],"items_purged_floors":[30,36],"is_endless":false,"potions_floor_spawned":[7,8,24,31,33,35,44],"killed_by":"Donu and Deca","ascension_level":2}}