{"host":"raai0vtvcfkt8csp","time":1608751269,"event":{"mods":["2.2 Compatiblity","AchievementEnabler","BaseMod","Block Reminder","DeckTracker","Defective Defect","GifTheSpireLib","Minty Spire (QoL Compilation)","Quick Restart","Random Character Button","Rare Cards Sparkle","StSLib","Unceasing Turn Reminder"],"gold_per_floor":[118,118,118,132,12,12,43,61,108,142,142,167,191,191,191],"floor_reached":14,"playtime":425,"items_purged":[],"score":129,"play_id":"195354ab-bc82-42a7-8b17-087af9bd2fe0","local_time":"20201223202109","is_ascension_mode":true,"campfire_choices":[{"data":"Loop","floor":6,"key":"SMITH"}],"circlet_count":0,"master_deck":["Strike_B","Strike_B","Strike_B","Strike_B","Defend_B","Defend_B","Defend_B","Defend_B","Zap","Dualcast","Beam Cell","Storm","Loop+1","Barrage","Coolheaded","Redo","Chill","Force Field"],"relics":["Cracked Core","NeowsBlessing","Golden Idol","Bag of Preparation","Akabeko","Blood Vial","Boot","MealTicket"],"acts_visited":["Exordium"],"potions_floor_usage":[12,14],"damage_taken":[{"damage":0,"enemies":"Small Slimes","floor":1,"turns":1},{"damage":0,"enemies":"Jaw Worm","floor":4,"turns":1},{"damage":0,"enemies":"Lagavulin","floor":7,"turns":2},{"damage":4,"enemies":"2 Louse","floor":8,"turns":3},{"damage":38,"enemies":"3 Sentries","floor":10,"turns":10},{"damage":0,"enemies":"Exordium Wildlife","floor":12,"turns":2},{"damage":24,"enemies":"Gremlin Nob","floor":14,"turns":3}],"seed_played":"2591057847181377842","potions_obtained":[{"floor":10,"key":"BlessingOfTheForge"},{"floor":12,"key":"Explosive Potion"}],"is_trial":false,"path_per_floor":["M","?","?","M","$","R","E","M","T","E","?","M","T","E"],"character_chosen":"DEFECT","items_purchased":["Loop","Barrage"],"campfire_rested":0,"item_purchase_floors":[5,5],"current_hp_per_floor":[75,57,54,54,54,54,54,50,50,14,14,16,16,0,0],"gold":191,"neow_bonus":"THREE_ENEMY_KILL","is_daily":false,"chose_seed":false,"campfire_upgraded":1,"win_rate":0.0,"timestamp":1608751269,"path_taken":["M","?","?","M","$","R","E","M","T","E","?","?","?","E"],"items_purchased_type":["Card","Card"],"build_version":"2020-12-22","purchased_purges":0,"victory":false,"max_hp_per_floor":[75,75,75,75,75,75,75,75,75,75,75,75,75,75,75],"card_choices":[{"not_picked":["Rip and Tear","Coolheaded"],"picked":"Beam Cell","floor":1},{"not_picked":["Heatsinks","Beam Cell"],"picked":"Storm","floor":4},{"not_picked":["Barrage","Hologram"],"picked":"Coolheaded","floor":7},{"not_picked":["Streamline","FTL"],"picked":"Redo","floor":8},{"not_picked":["Rip and Tear","Coolheaded"],"picked":"Chill","floor":10},{"not_picked":["Rebound","Redo"],"picked":"Force Field","floor":12}],"player_experience":432059,"relics_obtained":[{"floor":7,"key":"Akabeko"},{"floor":9,"key":"Blood Vial"},{"floor":10,"key":"Boot"},{"floor":13,"key":"MealTicket"}],"event_choices":[{"damage_healed":0,"gold_gain":0,"player_choice":"Take Damage","damage_taken":18,"relics_obtained":["Golden Idol"],"max_hp_gain":0,"max_hp_loss":0,"event_name":"Golden Idol","floor":2,"gold_loss":0},{"damage_healed":0,"gold_gain":0,"player_choice":"Success","damage_taken":3,"relics_obtained":["Bag of Preparation"],"max_hp_gain":0,"max_hp_loss":0,"event_name":"Scrap Ooze","floor":3,"gold_loss":0},{"damage_healed":0,"gold_gain":0,"player_choice":"Ignored","damage_taken":0,"max_hp_gain":0,"max_hp_loss":0,"event_name":"Liars Game","floor":11,"gold_loss":0}],"is_beta":false,"boss_relics":[],"items_purged_floors":[],"is_endless":false,"potions_floor_spawned":[10,12],"killed_by":"Gremlin Nob","ascension_level":1}}