{"host":"cbq8yyebcqrqowe9","time":1608761526,"event":{"mods":["BaseMod","Better Altar","Better Match","Better Note","Better Sensory Stone","Better Skull","Better Third Choice","Hermit","Hubris","Minty Spire (QoL Compilation)","StSLib","The Blue Laboratory"],"gold_per_floor":[118,0,0,0,0,29,29,57,81,91,116,134,134,161,161,264,264,281,291,309,65,83,83,83],"floor_reached":23,"playtime":1394,"items_purged":[],"score":256,"play_id":"edb99e4a-d4d5-45e3-b2d9-02ef5d57bb85","local_time":"20201223141206","is_ascension_mode":true,"campfire_choices":[{"floor":7,"key":"REST"},{"floor":13,"key":"REST"},{"data":"Dramatic Entrance","floor":15,"key":"SMITH"}],"circlet_count":0,"master_deck":["Strike_G","Strike_G","Strike_G","Strike_G","Strike_G","Defend_G","Defend_G","Defend_G","Defend_G","Defend_G","Survivor","Neutralize","CurseOfTheBell","Footwork","Dramatic Entrance+1","Terror","Enlightenment+1","Bane","Poisoned Stab","Poisoned Stab","Deflect","Distraction","Grand Finale","Die Die Die","Slice","Deadly Poison","Poisoned Stab","hubris:SlightOfHand"],"relics":["Calling Bell","hubris:OldNail","hubris:PeanutButter","Tough Bandages","PreservedInsect","hubris:TenFootPole","Snake Skull","hubris:AncientText","Bottled Tornado","Sozu","Bottled Lightning"],"acts_visited":["Exordium","TheCity"],"potions_floor_usage":[6,8],"damage_taken":[{"damage":0,"enemies":"2 Louse","floor":1,"turns":4},{"damage":26,"enemies":"Gremlin Nob","floor":6,"turns":5},{"damage":12,"enemies":"3 Sentries","floor":8,"turns":9},{"damage":0,"enemies":"Cultist","floor":10,"turns":4},{"damage":0,"enemies":"Gremlin Nob","floor":11,"turns":3},{"damage":2,"enemies":"Small Slimes","floor":12,"turns":3},{"damage":1,"enemies":"3 Sentries","floor":14,"turns":7},{"damage":49,"enemies":"Hexaghost","floor":16,"turns":9},{"damage":15,"enemies":"2 Thieves","floor":18,"turns":4},{"damage":16,"enemies":"Spheric Guardian","floor":19,"turns":6},{"damage":26,"enemies":"Snecko","floor":20,"turns":6},{"damage":0,"enemies":"Chosen and Byrds","floor":22,"turns":5},{"damage":25,"enemies":"Slavers","floor":23,"turns":3}],"seed_played":"-3699709697560654854","potions_obtained":[{"floor":1,"key":"SteroidPotion"},{"floor":6,"key":"SneckoOil"}],"is_trial":false,"path_per_floor":["M","$","?","$","?","E","R","E","T","M","E","M","R","E","R","B",null,"M","M","M","$","M","E"],"character_chosen":"THE_SILENT","items_purchased":["Dramatic Entrance","Terror","Bottled Lightning"],"campfire_rested":2,"item_purchase_floors":[2,2,21],"current_hp_per_floor":[70,70,76,76,76,50,72,60,60,60,60,58,76,75,75,26,76,61,45,19,19,19,0,0],"gold":83,"neow_bonus":"BOSS_RELIC","is_daily":false,"chose_seed":false,"campfire_upgraded":1,"win_rate":0.0,"timestamp":1608761526,"path_taken":["M","$","?","$","?","E","R","E","T","M","E","?","R","E","R","BOSS","M","M","?","$","M","E"],"items_purchased_type":["Card","Card","Relic"],"build_version":"2020-12-22","purchased_purges":0,"victory":false,"max_hp_per_floor":[70,70,76,76,76,76,76,76,76,76,76,76,76,76,76,76,76,76,76,76,76,76,76,76],"card_choices":[{"not_picked":["Prepared","Underhanded Strike"],"picked":"Footwork","floor":1},{"not_picked":["Dodge and Roll","Dagger Spray"],"picked":"Bane","floor":6},{"not_picked":["Slice","hubris:SlightOfHand"],"picked":"Poisoned Stab","floor":8},{"not_picked":["Quick Slash","Dodge and Roll"],"picked":"Poisoned Stab","floor":10},{"not_picked":["Escape Plan","Outmaneuver"],"picked":"Deflect","floor":11},{"not_picked":["Riddle With Holes","Deflect"],"picked":"Distraction","floor":12},{"not_picked":["Predator","Deadly Poison"],"picked":"Grand Finale","floor":14},{"not_picked":["Storm of Steel","Doppelganger"],"picked":"Die Die Die","floor":16},{"not_picked":["Backflip+1","Infinite Blades"],"picked":"Slice","floor":18},{"not_picked":["Prepared+1","Infinite Blades"],"picked":"Deadly Poison","floor":19},{"not_picked":["Predator+1","Endless Agony"],"picked":"Poisoned Stab","floor":20},{"not_picked":["Blade Dance+1","Dagger Throw"],"picked":"hubris:SlightOfHand","floor":22}],"player_experience":225937,"relics_obtained":[{"floor":0,"key":"hubris:OldNail"},{"floor":0,"key":"hubris:PeanutButter"},{"floor":0,"key":"Tough Bandages"},{"floor":6,"key":"PreservedInsect"},{"floor":8,"key":"hubris:TenFootPole"},{"floor":9,"key":"Snake Skull"},{"floor":11,"key":"hubris:AncientText"},{"floor":14,"key":"Bottled Tornado"}],"event_choices":[{"damage_healed":0,"gold_gain":0,"player_choice":"RENOUNCE","damage_taken":0,"max_hp_gain":0,"max_hp_loss":0,"event_name":"betterThird:BetterSerpent","floor":3,"gold_loss":0,"cards_obtained":["Enlightenment"]},{"damage_healed":0,"gold_gain":0,"player_choice":"Upgraded","damage_taken":0,"max_hp_gain":0,"max_hp_loss":0,"event_name":"Upgrade Shrine","floor":5,"gold_loss":0,"cards_upgraded":["Enlightenment"]}],"is_beta":false,"boss_relics":[{"not_picked":["SacredBark","Black Star"],"picked":"Sozu"}],"items_purged_floors":[],"is_endless":false,"potions_floor_spawned":[1,6,20,22],"killed_by":"Slavers","ascension_level":1}}