{"host":"cyiefo55v5hz1ih5","time":1608693335,"event":{"mods":["2.2 Compatiblity","AchievementEnabler","BaseMod","Downfall","GifTheSpireLib","Hubris","Minty Spire (QoL Compilation)","Replay The Spire","Robot Space Explorer","Spicy Shops","StSLib"],"gold_per_floor":[349,361,536,548,139,239,239,306,326,376,396,133,133,183,194,293,293,218,234,254,304,375,375,447,497,532,552,584,646,496,546,558,658,658,658,677,727,830,264,314,314,327,207,235,245,245,320,350,362,362,362,391,20,20,20],"floor_reached":56,"playtime":5496,"items_purged":["Doubt","champ:Strike","champ:Strike","champ:Strike","champ:Strike","champ:Defend"],"score":1697,"play_id":"fae5697d-45bd-47bc-bd12-60f1ce8e52a9","local_time":"20201222221535","is_ascension_mode":true,"campfire_choices":[{"data":"champ:Taunt","floor":1,"key":"SMITH"},{"floor":13,"key":"RECALL"},{"data":"champ:Duel","floor":18,"key":"SMITH"},{"floor":23,"key":"REST"},{"floor":30,"key":"REST"},{"data":"champ:SteelEdge","floor":35,"key":"SMITH"},{"data":"champ:PerfectForm","floor":46,"key":"SMITH"},{"data":"expansioncontent:DecasProtection","floor":54,"key":"SMITH"}],"circlet_count":0,"master_deck":["champ:Defend","champ:Defend","champ:Defend","champ:Execute","champ:Taunt+1","champ:FlashCut","champ:ViciousMockery","champ:RecklessLeap","champ:Backstep","champ:Duel+1","Pot Of Greed","Pot Of Greed","champ:BringItOn","champ:EnchantCrown","AbeCurse","champ:GladiatorStyle","champ:SteelEdge+1","CurseOfTheBell","champ:ShieldWall+1","champ:PerfectForm+1","champ:StrikeOfGenius","champ:BerserkerStyle","champ:DefensiveStyle","expansioncontent:DecasProtection+1"],"relics":["champ:ChampionCrown","downfall:CloakOfManyFaces","CultistMask","FaceOfCleric","NlothsMask","GremlinMask","SsserpentHead","Replay:WaspNest","Replay:Baseball","Abe\u0027s Treasure","downfall:HeartBlessingRed","Enchiridion","downfall:RedIOU","hubris:MysteriousPyramids","Bronze Scales","downfall:HeartBlessingGreen","downfall:HeartBlessingBlue","Calling Bell","Replay:Rubber Ducky","Quantum Egg","hubris:CuriousFeather","hubris:Towel","champ:DuelingGlove","Membership Card","champ:BerserkersGuideToSlaughter","Vajra","Counterbalance","Happy Flower","hubris:PeanutButter","ClockworkSouvenir","Shuriken","Blood Vial","ReplayTheSpireMod:Lightbulb","champ:FightingForDummies","Bag of Preparation","Replay:Wax Seal","hubris:ToyBattleship","Medical Kit","Boot"],"acts_visited":["Exordium","TheCity","TheBeyond","TheEnding"],"potions_floor_usage":[11,12,26,26,33,38,48,55],"damage_taken":[{"damage":6,"enemies":"Jaw Worm","floor":2,"turns":4},{"damage":7,"enemies":"2 Louse","floor":4,"turns":2},{"damage":10,"enemies":"downfall:FleeingMerchant","floor":5,"turns":4},{"damage":28,"enemies":"downfall:FaceTrader","floor":6,"turns":8},{"damage":5,"enemies":"Cultist","floor":8,"turns":3},{"damage":22,"enemies":"3 Louse","floor":9,"turns":3},{"damage":23,"enemies":"2 Fungi Beasts","floor":11,"turns":2},{"damage":20,"enemies":"downfall:FleeingMerchant","floor":12,"turns":4},{"damage":0,"enemies":"Blue Slaver","floor":15,"turns":3},{"damage":23,"enemies":"downfall:Ironclad","floor":16,"turns":6},{"damage":15,"enemies":"Spheric Guardian","floor":19,"turns":3},{"damage":23,"enemies":"Shell Parasite","floor":20,"turns":3},{"damage":36,"enemies":"Slavers","floor":26,"turns":3},{"damage":41,"enemies":"Centurion and Healer","floor":27,"turns":6},{"damage":25,"enemies":"Gremlin Leader","floor":28,"turns":6},{"damage":26,"enemies":"3 Cultists","floor":29,"turns":5},{"damage":42,"enemies":"Snecko","floor":32,"turns":3},{"damage":31,"enemies":"downfall:Defect","floor":33,"turns":6},{"damage":20,"enemies":"3 Shapes","floor":36,"turns":4},{"damage":50,"enemies":"2 Orb Walkers","floor":38,"turns":4},{"damage":23,"enemies":"downfall:FleeingMerchant","floor":39,"turns":4},{"damage":0,"enemies":"Orb Walker","floor":42,"turns":2},{"damage":0,"enemies":"downfall:FleeingMerchant","floor":43,"turns":2},{"damage":6,"enemies":"R_Hoarder","floor":44,"turns":4},{"damage":8,"enemies":"Sphere and 2 Shapes","floor":45,"turns":4},{"damage":24,"enemies":"Reptomancer","floor":48,"turns":4},{"damage":8,"enemies":"Writhing Mass","floor":49,"turns":3},{"damage":13,"enemies":"downfall:Watcher","floor":50,"turns":4},{"damage":32,"enemies":"downfall:CharBossMerchant","floor":52,"turns":5},{"damage":128,"enemies":"downfall:NeowBoss","floor":55,"turns":14}],"seed_played":"5743612841967701665","potions_obtained":[{"floor":4,"key":"SpeedPotion"},{"floor":6,"key":"CultistPotion"},{"floor":8,"key":"champ:CounterPotion"},{"floor":16,"key":"Elixir"},{"floor":19,"key":"champ:CounterPotion"},{"floor":22,"key":"DistilledChaos"},{"floor":22,"key":"SteroidPotion"},{"floor":27,"key":"Death Potion"},{"floor":28,"key":"PowerPotion"},{"floor":42,"key":"Energy Potion"},{"floor":44,"key":"Dexterity Potion"},{"floor":48,"key":"Toxic Potion"},{"floor":49,"key":"Regen Potion"}],"is_trial":false,"path_per_floor":["R","M","?","M","$","?","T","M","M","?","M","$","R","?","M","B",null,"R","M","M","?","?","R","T","?","E","M","E","M","R","?","M","B",null,"R","M","?","?","$","?","T","M","$","E","M","R","T","E","M","B",null,"E","$","R","B",null],"character_chosen":"THE_CHAMP","items_purchased":["champ:Backstep","champ:Duel","Grinning Jar","Replay:Baseball","Membership Card","champ:BerserkersGuideToSlaughter","Vajra","Counterbalance","Happy Flower","ClockworkSouvenir","Shuriken","Blood Vial","champ:PerfectForm","hubris:ToyBattleship","Medical Kit","Boot","expansioncontent:DecasProtection"],"campfire_rested":2,"item_purchase_floors":[5,5,5,12,39,39,39,39,39,43,43,43,43,53,53,53,53],"current_hp_per_floor":[81,80,80,78,78,70,70,71,70,67,68,69,69,79,80,81,97,97,98,99,83,44,73,73,73,73,71,72,67,110,110,103,104,115,115,116,116,82,80,80,80,81,88,109,122,122,122,123,124,125,125,126,126,126,127],"gold":20,"neow_bonus":"TWO_FIFTY_GOLD","is_daily":false,"chose_seed":false,"campfire_upgraded":5,"win_rate":0.0,"timestamp":1608693335,"path_taken":["R","M","?","M","$","?","T","?","M","?","M","$","R","?","M","BOSS","R","M","M","?","?","R","T","?","E","M","E","?","R","?","M","BOSS","R","M","?","?","$","?","T","M","$","E","M","R","?","E","M","BOSS","E","$","R","BOSS"],"items_purchased_type":["Card","Card","Relic","Relic","Relic","Relic","Relic","Relic","Relic","Relic","Relic","Relic","Card","Relic","Relic","Relic","Card"],"build_version":"2020-12-13","purchased_purges":6,"victory":true,"max_hp_per_floor":[81,81,81,81,81,81,81,82,83,83,84,85,85,95,96,97,97,97,98,99,99,99,99,99,99,100,101,102,103,113,113,114,115,115,115,116,116,117,118,118,118,119,120,121,122,122,122,123,124,125,125,126,126,126,127],"card_choices":[{"not_picked":["champ:GladiatorsShout","champ:FocusedDefense"],"picked":"champ:FlashCut","floor":2},{"not_picked":["champ:FanOfKnives","champ:Lariat"],"picked":"champ:ViciousMockery","floor":4},{"not_picked":["champ:PerfectedStrike","champ:StanceDance"],"picked":"champ:RecklessLeap","floor":5},{"not_picked":["champ:EnGarde","champ:RageSigil","champ:AdrenalArmor"],"picked":"SKIP","floor":8},{"not_picked":["champ:Encircle","champ:Shatter","champ:FlashCut"],"picked":"SKIP","floor":9},{"not_picked":["champ:CalledShot","champ:EnGarde"],"picked":"champ:BringItOn","floor":11},{"not_picked":["champ:FocusedGladiator","champ:FlashCut","champ:Circumvent"],"picked":"SKIP","floor":12},{"not_picked":["champ:SwordSigil","champ:FanOfKnives","champ:ShieldSigil"],"picked":"SKIP","floor":15},{"not_picked":["champ:LastStand","champ:DancingMaster"],"picked":"champ:EnchantCrown","floor":16},{"not_picked":["champ:FlashCut","champ:RageSigil","champ:DefensiveShout+1"],"picked":"SKIP","floor":19},{"not_picked":["champ:Backstep+1","champ:PerfectedStrike","champ:Duel"],"picked":"SKIP","floor":20},{"not_picked":["champ:Riposte+1","champ:EnragedBash+1","champ:GladiatorsShout"],"picked":"SKIP","floor":26},{"not_picked":["champ:RisingSlash+1","champ:GladiatorsShout+1","champ:DeathBlow"],"picked":"SKIP","floor":27},{"not_picked":["champ:Aggression","champ:GutPunch"],"picked":"champ:GladiatorStyle","floor":28},{"not_picked":["champ:Backstep+1","champ:CalledShot","champ:Encircle"],"picked":"SKIP","floor":29},{"not_picked":["champ:ShieldSigil+1","champ:FaceSlap","champ:ShieldThrow"],"picked":"SKIP","floor":32},{"not_picked":["champ:ShieldSigil+1","champ:FaceSlap","champ:ShieldThrow"],"picked":"SKIP","floor":32},{"not_picked":["champ:ShieldSigil+1","champ:FaceSlap","champ:ShieldThrow"],"picked":"SKIP","floor":32},{"not_picked":["champ:ShieldThrow","champ:SwordThrow"],"picked":"champ:SteelEdge","floor":33},{"not_picked":["champ:Aggression","champ:Backstep+1","champ:DeathBlow"],"picked":"SKIP","floor":36},{"not_picked":["champ:Haymaker+1","champ:BladeFlurry"],"picked":"champ:ShieldWall+1","floor":39},{"not_picked":["champ:Duel+1","champ:ShieldWall","champ:ShieldThrow"],"picked":"SKIP","floor":42},{"not_picked":["champ:DefensiveShout+1","champ:FlashCut+1","champ:FanOfKnives"],"picked":"SKIP","floor":43},{"not_picked":["champ:Riposte","champ:StrikeOfGenius","champ:FightOn"],"picked":"SKIP","floor":44},{"not_picked":["champ:Riposte","champ:FightOn"],"picked":"champ:StrikeOfGenius","floor":44},{"not_picked":["champ:Encircle+1","champ:FocusedGladiator+1","champ:BladeFlurry+1"],"picked":"SKIP","floor":45},{"not_picked":["champ:Riposte","champ:AdrenalArmor","champ:Haymaker"],"picked":"SKIP","floor":48},{"not_picked":["champ:StanceDance","champ:CalledShot"],"picked":"champ:BerserkerStyle","floor":49},{"not_picked":["champ:AdrenalArmor","champ:DefensiveShout+1"],"picked":"champ:DefensiveStyle","floor":52}],"player_experience":800915,"relics_obtained":[{"floor":6,"key":"downfall:CloakOfManyFaces"},{"floor":21,"key":"Enchiridion"},{"floor":26,"key":"hubris:MysteriousPyramids"},{"floor":28,"key":"Bronze Scales"},{"floor":34,"key":"Replay:Rubber Ducky"},{"floor":34,"key":"Quantum Egg"},{"floor":34,"key":"hubris:CuriousFeather"},{"floor":38,"key":"champ:DuelingGlove"},{"floor":41,"key":"hubris:PeanutButter"},{"floor":44,"key":"ReplayTheSpireMod:Lightbulb"},{"floor":47,"key":"champ:FightingForDummies"},{"floor":48,"key":"Bag of Preparation"},{"floor":52,"key":"Replay:Wax Seal"}],"event_choices":[{"damage_healed":0,"gold_gain":0,"player_choice":"Success","damage_taken":3,"relics_obtained":["Replay:WaspNest"],"max_hp_gain":0,"max_hp_loss":0,"event_name":"Scrap Ooze","floor":10,"gold_loss":0},{"damage_healed":0,"gold_gain":0,"player_choice":"Ignored","damage_taken":0,"max_hp_gain":0,"max_hp_loss":0,"event_name":"Vampires","floor":31,"gold_loss":0},{"damage_healed":0,"gold_gain":0,"player_choice":"Fight","damage_taken":0,"max_hp_gain":0,"max_hp_loss":0,"event_name":"Mysterious Sphere","floor":38,"gold_loss":0}],"is_beta":false,"boss_relics":[{"not_picked":["hubris:Stopwatch","hubris:GrandSneckoEye"],"picked":"Abe\u0027s Treasure"},{"not_picked":["Tiny House","Runic Dome"],"picked":"Calling Bell"}],"items_purged_floors":[5,12,39,43,43,53],"is_endless":false,"potions_floor_spawned":[4,6,8,16,19,27,28,42,44,48,49],"ascension_level":1}}