{"host":"qw1m3zcvi888b4j7","time":1608706297,"event":{"mods":["AchievementEnabler","Act Like it!","BaseMod","Block Reminder","Colored Map","Colored Powertips","Curses Come First","DeckTracker","Hermit","Highlight Path","Hubris","Minty Spire (QoL Compilation)","Quick Restart","Rare Cards Sparkle","Relic Sorter","Relic Stats","Replay The Spire","StSLib","SuperFastMode","The Blue Laboratory","The Cursed","The Servant 0.9.4","everything is the same but u backflip on backflip"],"gold_per_floor":[217,217,272,282,293,293,311,342,342,377,392,392,412,412,412,514,514,480,27,45,71,11,11,27,27],"floor_reached":24,"playtime":1389,"items_purged":["Hallucinations"],"score":218,"play_id":"d4f64a52-1991-498e-8b06-2425454524eb","local_time":"20201223075137","is_ascension_mode":true,"campfire_choices":[{"floor":6,"key":"RECALL"},{"floor":12,"key":"REST"},{"floor":15,"key":"REST"},{"floor":23,"key":"REST"}],"circlet_count":0,"master_deck":["Strike_R","Strike_R","Strike_R","Strike_R","Strike_R","Defend_R","Defend_R","Defend_R","Bash","Perfected Strike","Flex","Fire Breathing+1","ReplayTheSpireMod:Stacked","Juggernaut","hubris:ReadiedAction","Feel No Pain","Infernal Blade","Cloak And Dagger","ReplayTheSpireMod:Scrap Shanks","Juggernaut","Infinite Blades","Life Link","Escape Plan","Dagger Throw"],"relics":["Burning Blood","The Courier","hubris:DisguiseKit","Toy Ornithopter","Boot","Ring of Panic","Ring of Peace","Ring of Chaos","Gremlin Food","HandDrill","Replay:Bandana"],"acts_visited":["Exordium","TheCity"],"potions_floor_usage":[8,8,11,18,20],"damage_taken":[{"damage":13,"enemies":"Jaw Worm","floor":1,"turns":3},{"damage":0,"enemies":"2 Louse","floor":4,"turns":3},{"damage":1,"enemies":"Cultist","floor":5,"turns":3},{"damage":7,"enemies":"2 Fungi Beasts","floor":7,"turns":4},{"damage":26,"enemies":"Gremlin Nob","floor":8,"turns":4},{"damage":33,"enemies":"3 Sentries","floor":10,"turns":7},{"damage":2,"enemies":"3 Louse","floor":11,"turns":2},{"damage":7,"enemies":"Blue Slaver","floor":13,"turns":4},{"damage":44,"enemies":"Hexaghost","floor":16,"turns":11},{"damage":27,"enemies":"2 Thieves","floor":18,"turns":5},{"damage":16,"enemies":"3 Byrds","floor":20,"turns":5},{"damage":23,"enemies":"Shelled Parasite and Fungi","floor":21,"turns":5},{"damage":71,"enemies":"Gremlin Leader","floor":24,"turns":5}],"seed_played":"4650179396940304245","potions_obtained":[{"floor":5,"key":"blueLaboratory:PhilterOfMotion"},{"floor":7,"key":"BlessingOfTheForge"},{"floor":10,"key":"Explosive Potion"},{"floor":16,"key":"Fire Potion"},{"floor":18,"key":"Adrenaline Potion"},{"floor":21,"key":"blueLaboratory:SmithPotion"}],"is_trial":false,"path_per_floor":["M","?","?","M","M","R","M","E","T","E","M","R","M","?","R","B",null,"M","$","M","M","?","R","E"],"character_chosen":"IRONCLAD","items_purchased":["Gremlin Food","HandDrill","Replay:Bandana","Life Link"],"campfire_rested":3,"item_purchase_floors":[19,19,19,19],"current_hp_per_floor":[73,66,46,52,57,57,56,36,36,9,18,42,41,41,65,27,80,59,59,54,37,37,61,0,0],"gold":27,"neow_bonus":"HUNDRED_GOLD","is_daily":false,"chose_seed":false,"campfire_upgraded":0,"win_rate":0.0,"timestamp":1608706297,"path_taken":["M","?","?","M","M","R","M","E","T","E","?","R","M","?","R","BOSS","M","$","M","M","?","R","E"],"items_purchased_type":["Relic","Relic","Relic","Card"],"build_version":"2020-12-13","purchased_purges":1,"victory":false,"max_hp_per_floor":[80,80,80,80,80,80,80,80,80,80,80,80,80,80,80,80,80,80,80,80,80,80,80,80,80],"relic_stats":{"counters":[13,61],"HandDrill":[4],"Boot":[39],"obtain_stats":[{"Gremlin Food":19,"hubris:DisguiseKit":8,"Replay:Bandana":19,"Ring of Peace":14,"The Courier":3,"Ring of Chaos":17,"HandDrill":19,"Ring of Panic":14,"Boot":10,"Burning Blood":0,"Toy Ornithopter":9},{"Gremlin Food":10,"hubris:DisguiseKit":5,"Replay:Bandana":10,"Ring of Peace":8,"The Courier":1,"Ring of Chaos":9,"HandDrill":10,"Ring of Panic":8,"Boot":6,"Burning Blood":0,"Toy Ornithopter":5},{"Gremlin Food":46,"hubris:DisguiseKit":17,"Replay:Bandana":46,"Ring of Peace":30,"The Courier":3,"Ring of Chaos":41,"HandDrill":46,"Ring of Panic":30,"Boot":24,"Burning Blood":0,"Toy Ornithopter":17}],"Burning Blood":72,"Toy Ornithopter":10},"card_choices":[{"not_picked":["Heavy Blade","Flame Barrier"],"picked":"Perfected Strike","floor":1},{"not_picked":["Cleave","True Grit"],"picked":"Flex","floor":3},{"not_picked":["Reckless Charge","Uppercut"],"picked":"Fire Breathing","floor":3},{"not_picked":["Searing Blow","Seeing Red"],"picked":"ReplayTheSpireMod:Stacked","floor":4},{"not_picked":["Shrug It Off","Pommel Strike"],"picked":"Juggernaut","floor":5},{"not_picked":["Wild Strike","Headbutt"],"picked":"hubris:ReadiedAction","floor":7},{"not_picked":["Headbutt","Havoc"],"picked":"Feel No Pain","floor":8},{"not_picked":["ReplayTheSpireMod:Muscle Training","hubris:SharpeningStone","Unload"],"picked":"Infernal Blade","floor":10},{"not_picked":["Anger","Offering","Heavy Blade"],"picked":"Cloak And Dagger","floor":11},{"not_picked":["Thunderclap","Twin Strike","Clash"],"picked":"ReplayTheSpireMod:Scrap Shanks","floor":13},{"not_picked":["Exhume","Bludgeon","Malaise"],"picked":"Juggernaut","floor":16},{"not_picked":["ReplayTheSpireMod:Corrosion Curse+1","Flame Barrier","Thunderclap"],"picked":"Infinite Blades","floor":18},{"not_picked":["Replay:Undeath\u0027s Touch","Wild Strike","hubris:ReadiedAction"],"picked":"Escape Plan","floor":20},{"not_picked":["Replay:Undeath\u0027s Touch","ReplayTheSpireMod:Muscle Training","Sword Boomerang+1"],"picked":"Dagger Throw","floor":21}],"player_experience":126172,"relics_obtained":[{"floor":3,"key":"The Courier"},{"floor":8,"key":"hubris:DisguiseKit"},{"floor":9,"key":"Toy Ornithopter"},{"floor":10,"key":"Boot"},{"floor":14,"key":"Ring of Panic"},{"floor":14,"key":"Ring of Peace"}],"event_choices":[{"cards_removed":["Defend_R"],"damage_healed":0,"gold_gain":0,"player_choice":"Card Removal","damage_taken":7,"max_hp_gain":0,"max_hp_loss":0,"event_name":"Golden Wing","floor":2,"gold_loss":0}],"is_beta":false,"boss_relics":[{"not_picked":["hubris:Backtick","Painkiller Herb"],"picked":"Ring of Chaos"}],"items_purged_floors":[19],"is_endless":false,"potions_floor_spawned":[5,7,10,16,18,21],"killed_by":"Gremlin Leader","ascension_level":1}}