{"host":"627up2rvtmm0cf0r","time":1608722519,"event":{"mods":["ATMod(阿瑾Mod)","Act Like it!","BaseMod","CapriCore","Card Filter","Card Forge","DeckTracker","Dota2Spire","Friendly Minions","Highlight Path","Minty Spire (QoL Compilation)","MostiFishMod","Permanent Neow","Quick Restart","Relic Stats","Shop Mod","Spicy Shops","StSLib","SuperFastMode","TestMod","[地精首领爬塔]The Maniac","【遗物卡牌】REMEMod","篝火指南"],"gold_per_floor":[368,318,393,393,404,490,538,564,564,99,162,178,195,236,236,340,340,352,752,763,763,763,794,855,907,907,51,178,290,377,377,99,328,328,420,420,420,587,655,838,276,512,592,669,734,734,902,960,960,1252,1252,347,97,426,590],"floor_reached":56,"playtime":2851,"items_purged":["Defend_P","Defend_P","Defend_P","Strike_P","Strike_P","Writhe"],"score":2082,"play_id":"0fb08c94-ac3f-4954-89f8-c8be03147d7b","local_time":"20201223192159","is_ascension_mode":true,"campfire_choices":[{"data":"AT_FamilyPortrait","floor":15,"key":"SMITH"},{"floor":49,"key":"RECALL"}],"circlet_count":0,"master_deck":["Strike_P+1","Strike_P+1","AT_FamilyPortrait+1","AT_ShadowStep+1","MostiFishMod:StarOceanP+1","Purity+1","AT_RealColorLess+1"],"relics":["PureWater","Hammer of Thor","Seething Fire","Anvil of the Gods","DaveBox","REME_ComplimentaryCards","AT_ATBox","testmod-HeartOfStrike","RhineSuit","Dota2Spire:CrimsonGuard","AT_BellDemon","testmod-TurbochargingSystem","BrkXgEgg","Gremlin Horn","testmod-OneHitWonder","Dota2Spire:OrchidMalevolence","Dota2Spire:ArmletOfMordiggian","AT_SpeedBoots","Bag of Marbles","Dota2Spire:PhaseBoots","HaiYi:Twilight","testmod-Hope","AT_MibuBalloonWealth","OriginationStaff","AT_ImmortalShieldbow","Bottled Lightning","Pantograph","REME_ArchaeologicalTools","BirthdayGift-Icosahedron","Dream Catcher","Bag of Preparation","Ornamental Fan","Dota2Spire:EtherealBlade","AT_SeraphEmbrace","testmod-AssaultLearning","ShadowXiaoBlade","AT_TheCollector","testmod-ThousandKnives","ArrowTower","Strawberry","AT_SilvercatRing","AT_ChloranthyRing","Shuriken","Potion Belt","Damaru","REME_LimitBreaker","CeramicFish","testmod-Justice","Oddly Smooth Stone","testmod-BalancedPeriapt","SynthV:C4","REME_HourglassOfDeath","Bronze Scales","Lee\u0027s Waffle","Calipers","ChiLing","Chi","Ling","Pen Nib","AT_EbonyIvory"],"acts_visited":["Exordium","TheCity","TheBeyond","TheEnding"],"potions_floor_usage":[24,39],"damage_taken":[{"damage":0,"enemies":"Jaw Worm","floor":1,"turns":1},{"damage":0,"enemies":"2 Louse","floor":5,"turns":1},{"damage":10,"enemies":"3 Sentries","floor":6,"turns":4},{"damage":8,"enemies":"Lagavulin","floor":8,"turns":5},{"damage":0,"enemies":"Lagavulin Event","floor":11,"turns":2},{"damage":0,"enemies":"Small Slimes","floor":12,"turns":1},{"damage":0,"enemies":"Exordium Wildlife","floor":13,"turns":2},{"damage":0,"enemies":"3 Louse","floor":14,"turns":5},{"damage":0,"enemies":"Slime Boss","floor":16,"turns":3},{"damage":0,"enemies":"Spheric Guardian","floor":18,"turns":2},{"damage":3,"enemies":"2 Thieves","floor":20,"turns":2},{"damage":0,"enemies":"Gremlin Leader","floor":23,"turns":4},{"damage":0,"enemies":"Centurion and Healer","floor":24,"turns":3},{"damage":0,"enemies":"Book of Stabbing","floor":25,"turns":2},{"damage":0,"enemies":"REME_1_Revenger","floor":28,"turns":1},{"damage":0,"enemies":"3 Cultists","floor":29,"turns":1},{"damage":0,"enemies":"Sentry and Sphere","floor":30,"turns":1},{"damage":0,"enemies":"Automaton","floor":33,"turns":1},{"damage":0,"enemies":"Orb Walker","floor":35,"turns":1},{"damage":0,"enemies":"3 Darklings","floor":38,"turns":1},{"damage":0,"enemies":"Transient","floor":39,"turns":3},{"damage":0,"enemies":"Nemesis","floor":40,"turns":1},{"damage":0,"enemies":"Reptomancer","floor":42,"turns":1},{"damage":0,"enemies":"Maw","floor":44,"turns":2},{"damage":0,"enemies":"Writhing Mass","floor":45,"turns":1},{"damage":0,"enemies":"4 Shapes","floor":47,"turns":1},{"damage":0,"enemies":"Spire Growth","floor":48,"turns":1},{"damage":0,"enemies":"Donu and Deca","floor":50,"turns":1},{"damage":2,"enemies":"Shield and Spear","floor":54,"turns":1},{"damage":7,"enemies":"The Heart","floor":55,"turns":1}],"seed_played":"312572653604342084","potions_obtained":[{"floor":5,"key":"Weak Potion"},{"floor":8,"key":"PowerPotion"},{"floor":13,"key":"Block Potion"},{"floor":14,"key":"DistilledChaos"},{"floor":24,"key":"Weak Potion"},{"floor":42,"key":"Energy Potion"},{"floor":44,"key":"Dexterity Potion"}],"is_trial":false,"path_per_floor":["M","?","?","?","M","E","T","E","T","$","?","M","M","M","R","B",null,"M","?","M","?","?","E","M","E","T","R","E","M","M","?","R","B",null,"M","?","?","M","M","E","$","E","T","M","M","T","M","M","R","B",null,"R","$","E","B",null],"character_chosen":"WATCHER","items_purchased":["BrkXgEgg","Gremlin Horn","BirthdayGift-Icosahedron","AT_ArchangelStaff","AT_ChloranthyRing","Shuriken","REME_HourglassOfDeath","Bronze Scales","Lee\u0027s Waffle","Calipers","ChiLing"],"campfire_rested":0,"item_purchase_floors":[10,10,27,32,41,41,52,52,52,52,53],"current_hp_per_floor":[51,51,40,40,40,30,30,28,28,28,28,28,28,28,28,34,72,72,72,69,56,56,56,56,56,56,56,77,77,77,77,77,77,77,77,77,67,77,77,84,84,84,84,84,84,84,84,84,84,84,84,84,84,84,84],"gold":590,"neow_bonus":"TWO_FIFTY_GOLD","is_daily":false,"chose_seed":false,"campfire_upgraded":1,"win_rate":0.0,"timestamp":1608722519,"path_taken":["M","?","?","?","M","E","?","E","T","$","?","M","?","M","R","BOSS","M","?","M","?","?","E","M","E","T","R","E","M","?","?","R","BOSS","M","?","?","M","M","E","?","E","T","?","M","?","M","M","R","BOSS","R","$","E","BOSS"],"items_purchased_type":["Relic","Relic","Relic","Relic","Relic","Relic","Relic","Relic","Relic","Relic","Relic"],"build_version":"2020-12-22","purchased_purges":6,"victory":true,"max_hp_per_floor":[72,72,72,72,72,72,72,72,72,72,72,72,72,72,72,72,72,72,72,72,77,77,77,77,77,77,77,77,77,77,77,77,77,77,77,77,77,77,77,84,84,84,84,84,84,84,84,84,84,84,84,84,84,84,84],"relic_stats":{"Dream Catcher":0,"Lee\u0027s Waffle":0,"Gremlin Horn":[14,21],"counters":[30,56],"Ornamental Fan":[36],"Shuriken":[1],"Pantograph":0,"CeramicFish":18,"Bronze Scales":[0],"Pen Nib":[0],"Bag of Preparation":[30],"obtain_stats":[{"testmod-HeartOfStrike":0,"AT_ATBox":0,"Calipers":52,"Gremlin Horn":10,"Chi":53,"Dota2Spire:ArmletOfMordiggian":12,"AT_MibuBalloonWealth":23,"CeramicFish":44,"Hammer of Thor":0,"BirthdayGift-Icosahedron":27,"Dota2Spire:EtherealBlade":30,"AT_ArchangelStaff":32,"Dota2Spire:CrimsonGuard":6,"Strawberry":40,"REME_ArchaeologicalTools":26,"testmod-TestBox":0,"Oddly Smooth Stone":46,"Pen Nib":54,"AT_EbonyIvory":54,"AT_SilvercatRing":40,"REME_LimitBreaker":43,"AT_SpeedBoots":13,"Ling":53,"REME_HourglassOfDeath":52,"Anvil of the Gods":0,"AT_TheCollector":35,"Shuriken":41,"Bronze Scales":52,"OriginationStaff":23,"ArrowTower":39,"testmod-OneHitWonder":11,"Dota2Spire:PhaseBoots":16,"ChiLing":53,"AT_BellDemon":8,"AT_SeraphEmbrace":48,"DaveBox":0,"Dota2Spire:OrchidMalevolence":11,"RhineSuit":0,"Bag of Preparation":28,"SynthV:C4":48,"Dream Catcher":28,"Pantograph":25,"testmod-ThousandKnives":38,"AT_ChloranthyRing":41,"Potion Belt":42,"Lee\u0027s Waffle":52,"Damaru":42,"ShadowXiaoBlade":34,"BrkXgEgg":10,"Seething Fire":0,"testmod-TurbochargingSystem":9,"testmod-Justice":45,"AT_ImmortalShieldbow":24,"HaiYi:Twilight":17,"Ornamental Fan":29,"testmod-AssaultLearning":33,"testmod-Hope":18,"Bag of Marbles":14,"Bottled Lightning":25,"PureWater":0,"testmod-BalancedPeriapt":47,"REME_ComplimentaryCards":0},{"testmod-HeartOfStrike":0,"AT_ATBox":0,"Calipers":28,"Gremlin Horn":4,"Chi":28,"Dota2Spire:ArmletOfMordiggian":6,"AT_MibuBalloonWealth":12,"CeramicFish":24,"Hammer of Thor":0,"BirthdayGift-Icosahedron":14,"Dota2Spire:EtherealBlade":17,"AT_ArchangelStaff":17,"Dota2Spire:CrimsonGuard":3,"Strawberry":22,"REME_ArchaeologicalTools":14,"testmod-TestBox":0,"Oddly Smooth Stone":25,"Pen Nib":29,"AT_EbonyIvory":29,"AT_SilvercatRing":22,"REME_LimitBreaker":23,"AT_SpeedBoots":7,"Ling":28,"REME_HourglassOfDeath":28,"Anvil of the Gods":0,"AT_TheCollector":19,"Shuriken":22,"Bronze Scales":28,"OriginationStaff":12,"ArrowTower":21,"testmod-OneHitWonder":4,"Dota2Spire:PhaseBoots":9,"ChiLing":28,"AT_BellDemon":4,"AT_SeraphEmbrace":27,"DaveBox":0,"Dota2Spire:OrchidMalevolence":5,"RhineSuit":0,"Bag of Preparation":15,"SynthV:C4":27,"Dream Catcher":15,"Pantograph":14,"testmod-ThousandKnives":20,"AT_ChloranthyRing":22,"Potion Belt":23,"Lee\u0027s Waffle":28,"Damaru":23,"ShadowXiaoBlade":18,"BrkXgEgg":4,"Seething Fire":0,"testmod-TurbochargingSystem":4,"testmod-Justice":25,"AT_ImmortalShieldbow":13,"HaiYi:Twilight":9,"Ornamental Fan":16,"testmod-AssaultLearning":18,"testmod-Hope":10,"Bag of Marbles":8,"Bottled Lightning":14,"PureWater":0,"testmod-BalancedPeriapt":26,"REME_ComplimentaryCards":0},{"testmod-HeartOfStrike":0,"AT_ATBox":0,"Calipers":54,"Gremlin Horn":11,"Chi":54,"Dota2Spire:ArmletOfMordiggian":14,"AT_MibuBalloonWealth":32,"CeramicFish":50,"Hammer of Thor":0,"BirthdayGift-Icosahedron":37,"Dota2Spire:EtherealBlade":40,"AT_ArchangelStaff":40,"Dota2Spire:CrimsonGuard":6,"Strawberry":47,"REME_ArchaeologicalTools":37,"testmod-TestBox":0,"Oddly Smooth Stone":51,"Pen Nib":55,"AT_EbonyIvory":55,"AT_SilvercatRing":47,"REME_LimitBreaker":48,"AT_SpeedBoots":16,"Ling":54,"REME_HourglassOfDeath":54,"Anvil of the Gods":0,"AT_TheCollector":42,"Shuriken":47,"Bronze Scales":54,"OriginationStaff":32,"ArrowTower":46,"testmod-OneHitWonder":11,"Dota2Spire:PhaseBoots":24,"ChiLing":54,"AT_BellDemon":11,"AT_SeraphEmbrace":53,"DaveBox":0,"Dota2Spire:OrchidMalevolence":13,"RhineSuit":0,"Bag of Preparation":38,"SynthV:C4":53,"Dream Catcher":38,"Pantograph":37,"testmod-ThousandKnives":43,"AT_ChloranthyRing":47,"Potion Belt":48,"Lee\u0027s Waffle":54,"Damaru":48,"ShadowXiaoBlade":41,"BrkXgEgg":11,"Seething Fire":0,"testmod-TurbochargingSystem":11,"testmod-Justice":51,"AT_ImmortalShieldbow":35,"HaiYi:Twilight":24,"Ornamental Fan":39,"testmod-AssaultLearning":41,"testmod-Hope":26,"Bag of Marbles":21,"Bottled Lightning":37,"PureWater":0,"testmod-BalancedPeriapt":52,"REME_ComplimentaryCards":0}]},"card_choices":[{"not_picked":["Adaptation","AT_SoftenMuscles","Crescendo"],"picked":"SKIP","floor":1},{"not_picked":["SashWhip","REME_MusicOfDeath","Crescendo"],"picked":"SKIP","floor":5},{"not_picked":["MostiFishMod:Clarity","MostiFishMod:LegendTransform","FlyingSleeves"],"picked":"SKIP","floor":6},{"not_picked":["FlyingSleeves","Prostrate","FollowUp"],"picked":"SKIP","floor":8},{"not_picked":["JustLucky","Conclude","EmptyFist"],"picked":"SKIP","floor":12},{"not_picked":["Weave","Adaptation","BattleHymn"],"picked":"SKIP","floor":13},{"not_picked":["WheelKick","Scrawl+1","Swivel"],"picked":"SKIP","floor":14},{"not_picked":["WheelKick","Scrawl+1","Swivel"],"picked":"SKIP","floor":14},{"not_picked":["LessonLearned+1","MostiFishMod:StarHerder+1"],"picked":"MostiFishMod:StarOceanP+1","floor":16},{"not_picked":["BowlingBash","Meditate","ClearTheMind"],"picked":"SKIP","floor":18},{"not_picked":["DeceiveReality","JustLucky","Consecrate+1"],"picked":"SKIP","floor":20},{"not_picked":["AT_DivineConfetti","PathToVictory+1","REME_Repentance"],"picked":"SKIP","floor":23},{"not_picked":["Prostrate","ClearTheMind+1","Halt"],"picked":"SKIP","floor":24},{"not_picked":["MostiFishMod:Dust+1","AT_OneInchPunch+1","WindmillStrike"],"picked":"SKIP","floor":25},{"not_picked":["MostiFishMod:Clarity","Pray","AT_RealFormLess+1","MostiFishMod:Minus+1","EmptyFist+1"],"picked":"SKIP","floor":28},{"not_picked":["Halt","CutThroughFate","PathToVictory"],"picked":"SKIP","floor":29},{"not_picked":["Consecrate","ClearTheMind","Indignation"],"picked":"SKIP","floor":30},{"not_picked":["Crescendo+1","Protect","EmptyBody+1"],"picked":"SKIP","floor":35},{"not_picked":["testmod-ConditionedReflex","AT_FalsePromise+1"],"picked":"Purity","floor":37},{"not_picked":["WreathOfFlame+1","AT_DivineConfetti","ClearTheMind"],"picked":"SKIP","floor":38},{"not_picked":["FlyingSleeves+1","Consecrate+1","FollowUp"],"picked":"SKIP","floor":39},{"not_picked":["Meditate+1","Crescendo","MostiFishMod:LegendTransform+1"],"picked":"SKIP","floor":40},{"not_picked":["WindmillStrike","Prostrate","REME_MusicOfDeath"],"picked":"SKIP","floor":42},{"not_picked":["ClearTheMind+1","Prostrate+1","PathToVictory","EmptyFist","Crescendo","SashWhip+1","CrushJoints+1"],"picked":"SKIP","floor":44},{"not_picked":["Wireheading+1","EmptyFist+1","Collect","Halt"],"picked":"AT_RealColorLess+1","floor":45},{"not_picked":["FollowUp","JustLucky","Protect+1"],"picked":"SKIP","floor":47},{"not_picked":["AT_ChampionKick+1","ThirdEye","Consecrate+1"],"picked":"SKIP","floor":48},{"not_picked":["TalkToTheHand","Vengeance+1","Weave+1"],"picked":"SKIP","floor":54}],"player_experience":16730,"relics_obtained":[{"floor":6,"key":"Dota2Spire:CrimsonGuard"},{"floor":8,"key":"AT_BellDemon"},{"floor":9,"key":"testmod-TurbochargingSystem"},{"floor":11,"key":"Dota2Spire:OrchidMalevolence"},{"floor":12,"key":"Dota2Spire:ArmletOfMordiggian"},{"floor":13,"key":"AT_SpeedBoots"},{"floor":14,"key":"Bag of Marbles"},{"floor":16,"key":"Dota2Spire:PhaseBoots"},{"floor":18,"key":"testmod-Hope"},{"floor":23,"key":"AT_MibuBalloonWealth"},{"floor":23,"key":"OriginationStaff"},{"floor":24,"key":"AT_ImmortalShieldbow"},{"floor":25,"key":"Bottled Lightning"},{"floor":25,"key":"Pantograph"},{"floor":26,"key":"REME_ArchaeologicalTools"},{"floor":28,"key":"Dream Catcher"},{"floor":28,"key":"Bag of Preparation"},{"floor":29,"key":"Ornamental Fan"},{"floor":30,"key":"Dota2Spire:EtherealBlade"},{"floor":33,"key":"testmod-AssaultLearning"},{"floor":35,"key":"AT_TheCollector"},{"floor":38,"key":"testmod-ThousandKnives"},{"floor":39,"key":"ArrowTower"},{"floor":40,"key":"Strawberry"},{"floor":40,"key":"AT_SilvercatRing"},{"floor":42,"key":"Potion Belt"},{"floor":42,"key":"Damaru"},{"floor":43,"key":"REME_LimitBreaker"},{"floor":44,"key":"CeramicFish"},{"floor":45,"key":"testmod-Justice"},{"floor":46,"key":"Oddly Smooth Stone"},{"floor":47,"key":"testmod-BalancedPeriapt"},{"floor":48,"key":"SynthV:C4"},{"floor":54,"key":"Pen Nib"},{"floor":54,"key":"AT_EbonyIvory"}],"event_choices":[{"cards_removed":["Vigilance"],"damage_healed":0,"gold_gain":0,"player_choice":"Card Removal","damage_taken":0,"max_hp_gain":0,"max_hp_loss":0,"event_name":"The Cleric","floor":2,"gold_loss":50},{"damage_healed":0,"gold_gain":75,"player_choice":"Gather Gold","damage_taken":11,"max_hp_gain":0,"max_hp_loss":0,"event_name":"World of Goop","floor":3,"gold_loss":0},{"cards_removed":["Eruption"],"damage_healed":0,"gold_gain":0,"player_choice":"Forget","damage_taken":0,"max_hp_gain":0,"max_hp_loss":0,"event_name":"Living Wall","floor":4,"gold_loss":0},{"damage_healed":0,"gold_gain":0,"player_choice":"Searched \u00273\u0027 times","damage_taken":0,"relics_obtained":["testmod-OneHitWonder"],"max_hp_gain":0,"max_hp_loss":0,"event_name":"Dead Adventurer","floor":11,"gold_loss":0},{"damage_healed":0,"gold_gain":400,"player_choice":"Sell","damage_taken":0,"max_hp_gain":0,"max_hp_loss":0,"event_name":"恩洛斯的盘子","floor":19,"relics_lost":["testmod-TestBox"],"gold_loss":0},{"damage_healed":0,"gold_gain":0,"player_choice":"Shed Blood","damage_taken":18,"max_hp_gain":5,"max_hp_loss":0,"event_name":"Forgotten Altar","floor":21,"gold_loss":0},{"damage_healed":0,"gold_gain":0,"player_choice":"Upgraded","damage_taken":0,"max_hp_gain":0,"max_hp_loss":0,"event_name":"Upgrade Shrine","floor":22,"gold_loss":0,"cards_upgraded":["AT_ShadowStep"]},{"cards_removed":["Defend_P"],"damage_healed":0,"gold_gain":0,"player_choice":"Elegance","damage_taken":0,"max_hp_gain":0,"max_hp_loss":0,"event_name":"Back to Basics","floor":31,"gold_loss":0},{"damage_healed":0,"gold_gain":0,"player_choice":"Ignored","damage_taken":0,"max_hp_gain":0,"max_hp_loss":0,"event_name":"给自己的盒子","floor":36,"gold_loss":0},{"damage_healed":0,"gold_gain":0,"player_choice":"Memory 3","damage_taken":10,"max_hp_gain":0,"max_hp_loss":0,"event_name":"SensoryStone","floor":37,"gold_loss":0}],"is_beta":false,"boss_relics":[{"not_picked":["Astrolabe","testmod-Recursion"],"picked":"HaiYi:Twilight"},{"not_picked":["HolyWater","NightmareShop"],"picked":"ShadowXiaoBlade"}],"items_purged_floors":[10,27,32,41,52,53],"is_endless":false,"potions_floor_spawned":[5,8,13,14,16,20,23,24,30,38,39,42,44,47],"ascension_level":3}}