{"host":"mq8ma9fwagsj51ix","time":1608713493,"event":{"mods":["2.2 Compatiblity","BaseMod","Downfall","Hermit","Hubris","Jorbs\u0027s Wanderer Trilogy","Minty Spire (QoL Compilation)","Replay The Spire","StSLib"],"gold_per_floor":[99,99,99,374,12,29,29,56,5,25,25,25,25,10,10,23,35,35,35],"floor_reached":18,"playtime":692,"items_purged":["Regret"],"score":133,"play_id":"a2112ba8-88a6-440b-9095-30f6c185c818","local_time":"20201223025133","is_ascension_mode":false,"campfire_choices":[{"floor":1,"key":"RECALL"},{"data":"sneckomod:UnlimitedRolls","floor":11,"key":"SMITH"},{"data":"sneckomod:CheapStock","floor":15,"key":"SMITH"}],"circlet_count":0,"master_deck":["sneckomod:Strike","sneckomod:Strike","sneckomod:Strike","sneckomod:Defend","sneckomod:Defend","sneckomod:Defend","sneckomod:TailWhip","sneckomod:SnekBite","sneckomod:Unknown","sneckomod:Unknown","sneckomod:DiceCrush","sneckomod:UnknownClassHEXA_GHOST_PURPLE","sneckomod:RainOfDice","sneckomod:UnknownUncommonPower","sneckomod:Unknown1Cost","sneckomod:UnknownUncommonAttack+1","Discovery","sneckomod:WideSting","sneckomod:UnknownBlock","sneckomod:UnknownVulnerable","sneckomod:CheapStock+1","sneckomod:UnlimitedRolls+1","sneckomod:UnknownBlock","sneckomod:UnknownX","sneckomod:UnknownClassTHE_CHAMP_GRAY"],"relics":["sneckomod:SneckoSoul","downfall:HeartsMalice","Membership Card","Bottled Tornado"],"acts_visited":["Exordium"],"potions_floor_usage":[8,18],"damage_taken":[{"damage":0,"enemies":"2 Louse","floor":2,"turns":1},{"damage":0,"enemies":"Cultist","floor":3,"turns":1},{"damage":0,"enemies":"downfall:FleeingMerchant","floor":5,"turns":1},{"damage":4,"enemies":"Jaw Worm","floor":6,"turns":5},{"damage":0,"enemies":"Gremlin Nob","floor":8,"turns":3},{"damage":14,"enemies":"downfall:FleeingMerchant","floor":9,"turns":4},{"damage":13,"enemies":"Exordium Wildlife","floor":10,"turns":4},{"damage":15,"enemies":"downfall:FleeingMerchant","floor":14,"turns":4},{"damage":9,"enemies":"2 Fungi Beasts","floor":16,"turns":2},{"damage":6,"enemies":"Large Slime","floor":17,"turns":5},{"damage":57,"enemies":"downfall:Ironclad","floor":18,"turns":5}],"seed_played":"3824747177068969243","potions_obtained":[{"floor":6,"key":"LifebloodPotion"},{"floor":8,"key":"PowerPotion"},{"floor":10,"key":"Elixir"},{"floor":10,"key":"Languid Potion"}],"is_trial":false,"path_per_floor":["R","M","M","?","$","M","T","E","$","M","R","PTL","PTL","$","R","M","M","B"],"character_chosen":"THE_SNECKO","items_purchased":["Membership Card","sneckomod:UnknownUncommonPower","sneckomod:Unknown1Cost","sneckomod:UnknownUncommonAttack+1","Discovery","sneckomod:CheapStock"],"campfire_rested":0,"item_purchase_floors":[5,5,5,5,5,9],"current_hp_per_floor":[90,90,91,91,94,90,90,91,82,69,69,69,69,55,55,47,54,0,0],"gold":35,"neow_bonus":"THREE_ENEMY_KILL","is_daily":false,"chose_seed":false,"campfire_upgraded":2,"win_rate":0.0,"timestamp":1608713493,"path_taken":["R","M","M","?","$","?","T","E","$","M","R","PTL","PTL","?","R","M","M","BOSS"],"items_purchased_type":["Relic","Card","Card","Card","Card","Card"],"build_version":"2020-12-22","purchased_purges":1,"victory":false,"max_hp_per_floor":[90,90,91,91,94,94,94,95,96,96,96,96,96,97,97,98,99,99,99],"card_choices":[{"not_picked":["sneckomod:QuickBite","sneckomod:QuickMove"],"picked":"sneckomod:DiceCrush","floor":2},{"not_picked":["sneckomod:ImprovisedGuard","sneckomod:SoulRoll"],"picked":"sneckomod:UnknownClassHEXA_GHOST_PURPLE","floor":3},{"not_picked":["sneckomod:UnknownStrike","sneckomod:SoulDraw"],"picked":"sneckomod:RainOfDice","floor":5},{"not_picked":["sneckomod:Nope","sneckomod:DiceBoulder"],"picked":"sneckomod:WideSting","floor":6},{"not_picked":["sneckomod:UnknownCommonAttack","sneckomod:QuickBite"],"picked":"sneckomod:UnknownBlock","floor":8},{"not_picked":["sneckomod:SoulDraw","sneckomod:UnknownCommonSkill"],"picked":"sneckomod:UnknownVulnerable","floor":9},{"not_picked":["sneckomod:DiceCrush","sneckomod:Unknown0Cost"],"picked":"sneckomod:UnlimitedRolls","floor":10},{"not_picked":["sneckomod:IronFang","sneckomod:UnknownCommonSkill"],"picked":"sneckomod:UnknownBlock","floor":14},{"not_picked":["sneckomod:DiceCrush","sneckomod:RainOfDice"],"picked":"sneckomod:UnknownX","floor":16},{"not_picked":["sneckomod:UnknownCommonAttack","sneckomod:SoulDraw"],"picked":"sneckomod:UnknownClassTHE_CHAMP_GRAY","floor":17}],"player_experience":143667,"relics_obtained":[{"floor":8,"key":"Bottled Tornado"}],"event_choices":[],"is_beta":false,"boss_relics":[],"items_purged_floors":[5],"is_endless":false,"potions_floor_spawned":[6,8,10],"killed_by":"downfall:Ironclad","ascension_level":0}}