{"host":"qbvxbacgnxuisbbe","time":1608740781,"event":{"mods":["Act Like it!","Alarm Clock","BaseMod","Friendly Minions","Gensokyo","Minty Spire (QoL Compilation)","Spicy Shops","StSLib","Uncapped"],"gold_per_floor":[113,113,130,140,159,159,186,186,212,212,36,113,125,159,171,254,266,298,322,31,54,66,24,49,49,101,429,429,429,464,564,564,641,641,653,653,653,668,17,46,46,63,63,81,114,114,131,144,144,144,144,144],"floor_reached":51,"playtime":7391,"items_purged":["Thunder Strike"],"score":1506,"play_id":"af661335-cacf-46c7-81d0-e9b29fc81eb0","local_time":"20201223162621","is_ascension_mode":true,"campfire_choices":[{"data":"Gensokyo:CrescentMoonSlash","floor":6.0,"key":"SMITH"},{"floor":8.0,"key":"REST"},{"data":"Biased Cognition","floor":15.0,"key":"SMITH"},{"data":"Undo","floor":32.0,"key":"SMITH"},{"data":"Consume","floor":41.0,"key":"SMITH"},{"data":"Barrage","floor":49.0,"key":"SMITH"}],"circlet_count":0,"master_deck":["AscendersBane","Strike_B","Strike_B","Strike_B","Strike_B","Defend_B+1","Defend_B+1","Defend_B","Defend_B","Zap","Dualcast","Coolheaded","Gensokyo:CrescentMoonSlash+1","Capacitor","Static Discharge","Leap","Cold Snap","Cold Snap","Streamline+1","Biased Cognition+1","Coolheaded","Rebound+1","Conserve Battery","Barrage+1","Undo+1","CurseOfTheBell","White Noise","Seek","Consume+1","Cold Snap"],"relics":["Cracked Core","Centennial Puzzle","Lantern","Runic Capacitor","Meat on the Bone","MawBank","Nuclear Battery","OrangePellets","Blood Vial","Orichalcum","Old Coin","Gensokyo:SongOfSouls","Potion Belt","DataDisk","Girya","StoneCalendar","Gensokyo:Companionship","Calling Bell","Oddly Smooth Stone","Matryoshka","Emotion Chip","War Paint","Pantograph","Pen Nib","Mummified Hand","Gambling Chip","Bag of Marbles"],"acts_visited":["Exordium","Gensokyo:Gensokyo","Gensokyo:Gensokyoer"],"potions_floor_usage":[],"damage_taken":[{"damage":9.0,"enemies":"Gensokyo:2_Kodama","floor":1.0,"turns":3.0},{"damage":3.0,"enemies":"Gensokyo:Gryphon","floor":3.0,"turns":3.0},{"damage":0.0,"enemies":"Gensokyo:3_Fairies","floor":4.0,"turns":3.0},{"damage":20.0,"enemies":"Gensokyo:3_Kodama","floor":5.0,"turns":6.0},{"damage":20.0,"enemies":"Gensokyo:Cirno","floor":7.0,"turns":6.0},{"damage":2.0,"enemies":"Gensokyo:VengefulSpirit","floor":13.0,"turns":5.0},{"damage":18.0,"enemies":"Gensokyo:Aya","floor":14.0,"turns":4.0},{"damage":4.0,"enemies":"Gensokyo:Reimu","floor":16.0,"turns":9.0},{"damage":9.0,"enemies":"Gensokyo:3_Dogs","floor":18.0,"turns":4.0},{"damage":10.0,"enemies":"Gensokyo:AngelMirror","floor":19.0,"turns":4.0},{"damage":24.0,"enemies":"Gensokyo:Slime_Group","floor":21.0,"turns":5.0},{"damage":17.0,"enemies":"Gensokyo:Koishi","floor":24.0,"turns":6.0},{"damage":3.0,"enemies":"Gensokyo:Reisen","floor":27.0,"turns":15.0},{"damage":35.0,"enemies":"Gensokyo:Tenshi","floor":30.0,"turns":4.0},{"damage":8.0,"enemies":"Gensokyo:Tenshi","floor":31.0,"turns":9.0},{"damage":20.0,"enemies":"Gensokyo:Eiki","floor":33.0,"turns":8.0},{"damage":4.0,"enemies":"Gensokyo:AncientGuardian","floor":35.0,"turns":8.0},{"damage":0.0,"enemies":"Gensokyo:3_Bats","floor":38.0,"turns":2.0},{"damage":25.0,"enemies":"Gensokyo:Marisa","floor":40.0,"turns":4.0},{"damage":10.0,"enemies":"Gensokyo:Sharpion","floor":42.0,"turns":5.0},{"damage":3.0,"enemies":"Gensokyo:Dusk_and_Dawn","floor":44.0,"turns":3.0},{"damage":9.0,"enemies":"Gensokyo:Kasen","floor":45.0,"turns":8.0},{"damage":0.0,"enemies":"Gensokyo:AtlasGolem","floor":47.0,"turns":6.0},{"damage":0.0,"enemies":"Gensokyo:Rafflesia","floor":48.0,"turns":7.0},{"damage":18.0,"enemies":"Gensokyo:Shinki","floor":50.0,"turns":10.0},{"damage":72,"enemies":"Gensokyo:Scarlet_Devils","floor":51,"turns":3}],"seed_played":"-1129576923782232430","potions_obtained":[{"floor":1.0,"key":"FocusPotion"},{"floor":3.0,"key":"BlessingOfTheForge"},{"floor":21.0,"key":"Block Potion"},{"floor":24.0,"key":"Energy Potion"},{"floor":33.0,"key":"CultistPotion"},{"floor":40.0,"key":"Swift Potion"},{"floor":47.0,"key":"Energy Potion"},{"floor":48.0,"key":"SkillPotion"}],"is_trial":false,"path_per_floor":["M","?","M","M","M","R","E","R","T","?","COS","T","M","E","R","B",null,"M","M","COS","M","?","$","E","$","T","E","?","?","E","?","R","B",null,"M","?","?","M","$","E","R","M","T","M","E","?","M","M","R","B","B"],"character_chosen":"DEFECT","items_purchased":["Coolheaded","Seek","PowerPotion","War Paint","Fire Potion","Swift Potion"],"campfire_rested":1,"item_purchase_floors":[23,39,39,39,39,39],"current_hp_per_floor":[62,52,49,49,29,29,9,32,32,32,32,32,42,36,36,44,70,61,51,51,39,39,39,34,34,34,45,45,45,24,30,30,24,59,57,57,57,59,59,36,36,40,40,39,44,44,46,48,48,53,0,0],"gold":144,"neow_bonus":"TEN_PERCENT_HP_BONUS","is_daily":false,"chose_seed":false,"campfire_upgraded":5,"win_rate":0.0,"timestamp":1608740781,"path_taken":["M","?","?","M","M","R","E","R","T","?","COS","?","M","E","R","BOSS","M","M","COS","M","?","?","E","?","T","E","?","?","E","?","R","BOSS","M","?","?","?","$","E","R","M","T","M","E","?","?","M","R","BOSS","BOSS"],"items_purchased_type":["Card","Card","Potion","Relic","Potion","Potion"],"build_version":"2020-12-22","purchased_purges":1,"victory":false,"max_hp_per_floor":[78,78,78,78,78,78,78,78,78,78,78,78,78,78,78,78,78,78,78,78,78,78,78,78,78,78,78,78,71,71,71,71,71,71,71,71,71,71,71,71,71,71,71,71,71,71,71,71,71,71,71,71],"card_choices":[{"not_picked":["Turbo","Doom and Gloom"],"picked":"Coolheaded","floor":1.0},{"not_picked":["Hologram","Leap"],"picked":"Capacitor","floor":3.0},{"not_picked":["Gash","Go for the Eyes"],"picked":"Static Discharge","floor":4.0},{"not_picked":["Beam Cell","Doom and Gloom"],"picked":"Leap","floor":5.0},{"not_picked":["Rebound","Gash"],"picked":"Cold Snap","floor":7.0},{"not_picked":["Go for the Eyes","Melter"],"picked":"Cold Snap","floor":13.0},{"not_picked":["Loop","Recycle"],"picked":"Biased Cognition","floor":14.0},{"not_picked":["Hyperbeam","Fission"],"picked":"Thunder Strike","floor":16.0},{"not_picked":["Aggregate","Fusion+1","Sunder"],"picked":"SKIP","floor":18.0},{"not_picked":["Hologram","Aggregate","Storm"],"picked":"SKIP","floor":19.0},{"not_picked":["Steam","Reprogram","Genetic Algorithm"],"picked":"SKIP","floor":21.0},{"not_picked":["Fusion","Sweeping Beam"],"picked":"Rebound+1","floor":24.0},{"not_picked":["Leap","Go for the Eyes"],"picked":"Conserve Battery","floor":27.0},{"not_picked":["Ball Lightning","Rebound"],"picked":"Barrage","floor":30.0},{"not_picked":["Stack","Go for the Eyes+1"],"picked":"Undo","floor":31.0},{"not_picked":["Turbo+1","Go for the Eyes","Compile Driver+1"],"picked":"SKIP","floor":35.0},{"not_picked":["Static Discharge","Barrage"],"picked":"White Noise","floor":38.0},{"not_picked":["Aggregate","Gash"],"picked":"Consume","floor":40.0},{"not_picked":["Force Field","Beam Cell","Turbo"],"picked":"SKIP","floor":42.0},{"not_picked":["Go for the Eyes+1","Blizzard","Undo"],"picked":"SKIP","floor":44.0},{"not_picked":["Redo","FTL","Compile Driver"],"picked":"SKIP","floor":45.0},{"not_picked":["Redo","Consume"],"picked":"Cold Snap","floor":47.0},{"not_picked":["Cold Snap","Steam","Rip and Tear+1"],"picked":"SKIP","floor":48.0}],"player_experience":116966,"relics_obtained":[{"floor":7.0,"key":"Centennial Puzzle"},{"floor":9.0,"key":"Lantern"},{"floor":12.0,"key":"Meat on the Bone"},{"floor":14.0,"key":"MawBank"},{"floor":24.0,"key":"Blood Vial"},{"floor":26.0,"key":"Orichalcum"},{"floor":27.0,"key":"Old Coin"},{"floor":30.0,"key":"DataDisk"},{"floor":31.0,"key":"Girya"},{"floor":31.0,"key":"StoneCalendar"},{"floor":34.0,"key":"Oddly Smooth Stone"},{"floor":34.0,"key":"Matryoshka"},{"floor":34.0,"key":"Emotion Chip"},{"floor":40.0,"key":"Pantograph"},{"floor":43.0,"key":"Pen Nib"},{"floor":43.0,"key":"Mummified Hand"},{"floor":45.0,"key":"Gambling Chip"}],"event_choices":[],"is_beta":false,"boss_relics":[{"not_picked":["FrozenCore","Coffee Dripper"],"picked":"Nuclear Battery"},{"not_picked":["Busted Crown","Velvet Choker"],"picked":"Calling Bell"}],"items_purged_floors":[39],"is_endless":false,"potions_floor_spawned":[1,3,7,21,24,33,40,47,48],"killed_by":"Gensokyo:Scarlet_Devils","ascension_level":20}}