{"host":"4w8ocelhatf0iefc","time":1608704481,"event":{"mods":["AchievementEnabler","Act Like it!","Aspiration","BaseMod","Colored Map","Colored Powertips","Hubris","Minty Spire (QoL Compilation)","Replay The Spire","StSLib"],"gold_per_floor":[111,111,121,121,46,72,72,100,100,135,150,150,150,160,160,257,257,267,267,8,19,33,67,67,101,181,181,30,46,66,66,66],"floor_reached":31,"playtime":1502,"items_purged":["Strike_P","Pain"],"score":322,"play_id":"b8d5b9c8-2025-450e-bb21-d6e7cf80623f","local_time":"20201223142121","is_ascension_mode":true,"campfire_choices":[{"data":"Eruption","floor":7,"key":"SMITH"},{"floor":15,"key":"REST"},{"floor":24,"key":"REST"},{"floor":27,"key":"REST"}],"circlet_count":0,"master_deck":["Strike_P","Strike_P","Strike_P","Defend_P","Defend_P","Defend_P+1","Defend_P","Eruption+1","Vigilance","Perseverance+1","Prostrate","BowlingBash","EmptyMind","SandsOfTime+1","Replay:LoomingThreat","Meditate","DeceiveReality","FlyingSleeves","EmptyBody+1","Devotion","WaveOfTheHand+1","ClearTheMind+1"],"relics":["PureWater","hubris:Towel","Pocketwatch","Pondfish Scales","Pantograph","Blue Doll","WarpedTongs","hubris:ScarierMask","aspiration:Lifesprig","ReplayTheSpireMod:Lightbulb","Onion Ring","hubris:BottledRain","MealTicket"],"acts_visited":["Exordium","TheCity"],"potions_floor_usage":[8,8,11,16,21,23,25,29,31],"damage_taken":[{"damage":9,"enemies":"2 Louse","floor":1,"turns":2},{"damage":3,"enemies":"Jaw Worm","floor":3,"turns":5},{"damage":7,"enemies":"Replay:BlueRogue","floor":6,"turns":7},{"damage":5,"enemies":"3 Sentries","floor":8,"turns":5},{"damage":9,"enemies":"Lagavulin","floor":10,"turns":6},{"damage":0,"enemies":"Small Slimes","floor":11,"turns":2},{"damage":3,"enemies":"Red Slaver","floor":14,"turns":2},{"damage":16,"enemies":"Fading Forest","floor":16,"turns":11},{"damage":13,"enemies":"Shell Parasite","floor":18,"turns":4},{"damage":4,"enemies":"3 Byrds","floor":21,"turns":2},{"damage":8,"enemies":"Snecko","floor":22,"turns":3},{"damage":35,"enemies":"Gremlin Leader","floor":23,"turns":4},{"damage":28,"enemies":"Book of Stabbing","floor":25,"turns":6},{"damage":3,"enemies":"Centurion and Healer","floor":29,"turns":5},{"damage":28,"enemies":"Snake Plant","floor":30,"turns":4},{"damage":8,"enemies":"Snecko","floor":31,"turns":3}],"seed_played":"6871252700600848752","potions_obtained":[{"floor":1,"key":"LifebloodPotion"},{"floor":6,"key":"ColorlessPotion"},{"floor":10,"key":"Explosive Potion"},{"floor":14,"key":"SneckoOil"},{"floor":16,"key":"AttackPotion"},{"floor":18,"key":"Toxic Potion"},{"floor":22,"key":"Elixir"},{"floor":23,"key":"PowerPotion"},{"floor":25,"key":"BottledMiracle"},{"floor":30,"key":"BlessingOfTheForge"}],"is_trial":false,"path_per_floor":["M","?","M","?","$","E","R","E","T","E","M","?","?","M","R","B",null,"M","?","$","M","M","E","R","E","T","R","$","M","M","M"],"character_chosen":"WATCHER","items_purchased":["aspiration:Lifesprig","FlyingSleeves","MealTicket"],"campfire_rested":3,"item_purchase_floors":[20,20,28],"current_hp_per_floor":[70,70,67,51,51,44,44,39,39,30,30,30,30,27,50,59,79,66,66,66,62,54,19,42,14,14,37,37,34,6,0,0],"gold":66,"neow_bonus":"TEN_PERCENT_HP_BONUS","is_daily":false,"chose_seed":false,"campfire_upgraded":1,"win_rate":0.0,"timestamp":1608704481,"path_taken":["M","?","M","?","?","E","R","E","T","E","M","?","?","M","R","BOSS","M","?","$","?","M","E","R","E","T","R","?","?","M","M"],"items_purchased_type":["Relic","Card","Relic"],"build_version":"2020-12-22","purchased_purges":2,"victory":false,"max_hp_per_floor":[79,79,79,79,79,79,79,79,79,79,79,79,79,79,79,79,79,79,79,79,79,79,79,79,79,79,79,79,79,79,79,79],"card_choices":[{"not_picked":["DeceiveReality","FlyingSleeves"],"picked":"Perseverance","floor":1},{"not_picked":["Worship","Replay:AtTheReady"],"picked":"Prostrate","floor":3},{"not_picked":["WheelKick","Worship"],"picked":"BowlingBash","floor":6},{"not_picked":["Replay:Cycle","Protect"],"picked":"EmptyMind","floor":8},{"not_picked":["Replay:AtTheReady","Nirvana"],"picked":"SandsOfTime","floor":10},{"not_picked":["Perseverance","Evaluate","Study"],"picked":"SKIP","floor":11},{"not_picked":["FlyingSleeves","BowlingBash","Halt"],"picked":"SKIP","floor":14},{"not_picked":["Replay:AllIn","Judgement"],"picked":"Replay:LoomingThreat","floor":16},{"not_picked":["Replay:AtTheReady","EmptyFist+1"],"picked":"Meditate","floor":18},{"not_picked":["CrushJoints","Meditate"],"picked":"EmptyBody+1","floor":21},{"not_picked":["Protect","Halt"],"picked":"Devotion","floor":22},{"not_picked":["Tantrum","Pray+1"],"picked":"WaveOfTheHand+1","floor":23},{"not_picked":["CutThroughFate","Study","BowlingBash"],"picked":"SKIP","floor":25},{"not_picked":["JustLucky","WheelKick+1","Vault"],"picked":"SKIP","floor":29},{"not_picked":["WreathOfFlame","Protect"],"picked":"ClearTheMind+1","floor":30}],"player_experience":260925,"relics_obtained":[{"floor":6,"key":"Pocketwatch"},{"floor":8,"key":"Pondfish Scales"},{"floor":9,"key":"Pantograph"},{"floor":10,"key":"Blue Doll"},{"floor":23,"key":"ReplayTheSpireMod:Lightbulb"},{"floor":25,"key":"Onion Ring"},{"floor":26,"key":"hubris:BottledRain"}],"event_choices":[{"damage_healed":0,"gold_gain":0,"player_choice":"Entered Light","damage_taken":16,"max_hp_gain":0,"max_hp_loss":0,"event_name":"Shining Light","floor":4,"gold_loss":0,"cards_upgraded":["Defend_P","Perseverance"]},{"damage_healed":0,"gold_gain":0,"player_choice":"Rummage","damage_taken":0,"relics_obtained":["WarpedTongs"],"max_hp_gain":0,"max_hp_loss":0,"event_name":"Accursed Blacksmith","floor":13,"gold_loss":0,"cards_obtained":["Pain"]},{"damage_healed":0,"gold_gain":0,"player_choice":"1 cards matched","damage_taken":0,"max_hp_gain":0,"max_hp_loss":0,"event_name":"Match and Keep!","floor":19,"gold_loss":0,"cards_obtained":["DeceiveReality"]}],"is_beta":false,"boss_relics":[{"not_picked":["hubris:VirtuousBlindfold","hubris:CrackedHourglass"],"picked":"hubris:ScarierMask"}],"items_purged_floors":[5,20],"is_endless":false,"potions_floor_spawned":[1,6,10,14,16,18,22,23,25,30],"killed_by":"Snecko","ascension_level":2}}