{"host":"1zjc08c6hob33401","time":1608731518,"event":{"mods":["AchievementEnabler","Act Like it!","Aspiration","BaseMod","Downfall","Energized Spire","GifTheSpireLib","Hermit","Hubris","Infinite Spire","Jedi Mod","Jorbs\u0027s Wanderer Trilogy","Minty Spire (QoL Compilation)","Pale of the Ancients","Quick Restart","Replay The Spire","Retaliation","Shop Mod","StSLib","Stuff the Spire","Swap Starting Deck Mod","The Blue Laboratory","The Gatherer","The Runesmith","Wandering Minibosses"],"gold_per_floor":[99,117,142,161,161,161,161,187,16,16,16,41,41,41,59,154,154,79,96,112,112,112,122,122,122,47,58,58,90,116,149,167,269,269,269,280,290,325,332,332],"floor_reached":39,"playtime":2322,"items_purged":["Regret"],"score":410,"play_id":"2b8b2dc0-1a3d-4753-9b0b-64012b57b014","local_time":"20201223155158","is_ascension_mode":false,"campfire_choices":[{"data":"hermit:DeadOrAlive","floor":1.0,"key":"SMITH"},{"data":"hermit:GoldenBullet","floor":6,"key":"SMITH"},{"data":"hermit:FlashPowder","floor":10,"key":"SMITH"},{"data":"hermit:RoundhouseKick","floor":18,"key":"SMITH"},{"data":"hubris:InfiniteBlow","floor":28,"key":"SMITH"},{"data":"hubris:InfiniteBlow+1","floor":35,"key":"SMITH"}],"circlet_count":0,"master_deck":["hermit:Strike_Hermit","hermit:Strike_Hermit","hermit:Strike_Hermit","hermit:Strike_Hermit","hermit:Defend_Hermit","hermit:Defend_Hermit","hermit:Defend_Hermit","hermit:Defend_Hermit","hermit:Snapshot","hermit:Covet","hermit:DeadOrAlive+1","hermit:GoldenBullet+1","hermit:Gestalt+1","hermit:FlashPowder","hermit:FlashPowder+1","hermit:DeadMansHand","Injury","hermit:Roughhouse","hermit:RoundhouseKick+1","hermit:Brawl","hubris:InfiniteBlow+2","hermit:PistolWhip+1","StuffTheSpire:CelestialWarden","hermit:TakeCover+1","hermit:Horror+1","hermit:Purgatory","hermit:Scavenge+1","hermit:Glare+1","hermit:TakeCover+1"],"relics":["hermit:Momento","ReplayTheSpireMod:Ninjato","Mango","Juzu Bracelet","Orichalcum","StuffTheSpire:MayFlowers","Toxic Egg 2","StuffTheSpire:Kangaroo","downfall:HeartBlessingGreen","aspiration:FutureDiary","hubris:GlazedTorus","jedi:bottledfury","Red Mask","jedi:battlestandard"],"acts_visited":["Exordium","TheCity","TheBeyond"],"potions_floor_usage":[8,9,16,20,29,29,33,39],"damage_taken":[{"damage":0.0,"enemies":"Cultist","floor":2.0,"turns":2.0},{"damage":3.0,"enemies":"Small Slimes","floor":3.0,"turns":2.0},{"damage":11,"enemies":"Jaw Worm","floor":4,"turns":2},{"damage":2,"enemies":"Gremlin Nob","floor":8,"turns":4},{"damage":5,"enemies":"downfall:FleeingMerchant","floor":9,"turns":4},{"damage":3,"enemies":"Exordium Wildlife","floor":12,"turns":4},{"damage":0,"enemies":"Blue Slaver","floor":15,"turns":2},{"damage":8,"enemies":"downfall:Watcher","floor":16,"turns":12},{"damage":6,"enemies":"Shell Parasite","floor":19,"turns":8},{"damage":5,"enemies":"Chosen","floor":20,"turns":5},{"damage":13,"enemies":"Shelled Parasite and Fungi","floor":23,"turns":5},{"damage":1,"enemies":"Snecko","floor":27,"turns":6},{"damage":6,"enemies":"Chosen and Byrds","floor":29,"turns":6},{"damage":0,"enemies":"3 Cultists","floor":30,"turns":3},{"damage":4,"enemies":"Masked Bandits","floor":31,"turns":2},{"damage":9,"enemies":"Centurion and Healer","floor":32,"turns":4},{"damage":41,"enemies":"downfall:Defect","floor":33,"turns":11},{"damage":24,"enemies":"3 Shapes","floor":36,"turns":2},{"damage":30,"enemies":"3 Darklings","floor":37,"turns":2},{"damage":6,"enemies":"4 Shapes","floor":38,"turns":2},{"damage":59,"enemies":"Transient","floor":39,"turns":4}],"seed_played":"952634836371924202","potions_obtained":[{"floor":2.0,"key":"BlessingOfTheForge"},{"floor":3.0,"key":"blueLaboratory:AbyssPotion"},{"floor":8,"key":"jedi:mysterypotion"},{"floor":15,"key":"Regen Potion"},{"floor":19,"key":"blueLaboratory:FruitPunch"},{"floor":20,"key":"SpeedPotion"},{"floor":23,"key":"blueLaboratory:BubblePotion"},{"floor":32,"key":"sneckomod:MuddlingPotion"},{"floor":38,"key":"blueLaboratory:EmptyBottle"}],"is_trial":false,"path_per_floor":["R","M","M","M","?","R","T","E","$","R","?","M","?","?","M","B",null,"R","M","M","AVR","?","M","T","?","?","M","R","M","M","?","M","B",null,"R","M","M","M","M"],"character_chosen":"HERMIT","items_purchased":["Juzu Bracelet"],"campfire_rested":0,"item_purchase_floors":[9],"current_hp_per_floor":[75,75,72,61,61,61,61,73,68,68,68,65,65,65,65,81,89,89,88,90,90,90,77,77,77,77,81,81,83,83,79,70,38,91,91,67,37,31,0,0],"gold":332,"neow_bonus":"ONE_RANDOM_RARE_CARD","is_daily":false,"chose_seed":false,"campfire_upgraded":6,"win_rate":0.0,"timestamp":1608731518,"path_taken":["R","M","M","M","?","R","T","E","$","R","?","M","?","?","M","BOSS","R","M","M","AVR","?","M","T","?","?","M","R","M","M","?","M","BOSS","R","M","M","M","M"],"items_purchased_type":["Relic"],"build_version":"2020-12-22","purchased_purges":1,"victory":false,"max_hp_per_floor":[75,75,75,75,75,75,75,89,89,89,89,89,89,89,89,89,89,89,89,91,91,91,91,91,91,91,91,91,91,91,91,91,91,91,91,91,91,91,91,91],"card_choices":[{"not_picked":["hermit:Desperado","hermit:ShadowCloak"],"picked":"hermit:GoldenBullet","floor":2.0},{"not_picked":["hermit:GoldenBullet","hermit:SprayPray"],"picked":"hermit:Gestalt","floor":3.0},{"not_picked":["hermit:HighCaliber","hermit:Misfire"],"picked":"hermit:FlashPowder","floor":4},{"not_picked":["hermit:LowProfile","hermit:SprayPray"],"picked":"hermit:FlashPowder","floor":8},{"not_picked":["hermit:SprayPray","hermit:Headshot"],"picked":"hermit:DeadMansHand","floor":9},{"not_picked":["hermit:Vantage","hermit:LowProfile","hermit:Snipe"],"picked":"SKIP","floor":12},{"not_picked":["hermit:Quickdraw","hermit:HoleUp+1"],"picked":"hermit:Roughhouse","floor":15},{"not_picked":["hermit:FatalDesire","hermit:HighNoon"],"picked":"hermit:RoundhouseKick","floor":16},{"not_picked":["hermit:Desperado+1","hermit:LowProfile+1"],"picked":"hermit:Brawl","floor":19},{"not_picked":["hermit:LowProfile+1","hermit:Desperado","hermit:Feint+1"],"picked":"SKIP","floor":20},{"not_picked":["hermit:Maintenance+1","hermit:Virtue+1"],"picked":"hermit:PistolWhip+1","floor":23},{"not_picked":["hermit:LuckOfTheDraw+1","hermit:HoleUp+1","hermit:WideOpen"],"picked":"SKIP","floor":27},{"not_picked":["hermit:DeadOrAlive","hermit:Roulette","hermit:Desperado+1"],"picked":"SKIP","floor":29},{"not_picked":["hermit:Dive+1","hermit:PistolWhip"],"picked":"hermit:TakeCover+1","floor":30},{"not_picked":["hermit:Roulette+1","hermit:SprayPray"],"picked":"hermit:Horror+1","floor":32},{"not_picked":["hermit:Dissolve+1","hermit:EternalForm"],"picked":"hermit:Purgatory","floor":33},{"not_picked":["hermit:Manifest+1","hermit:ItchyTrigger"],"picked":"hermit:Scavenge+1","floor":36},{"not_picked":["hermit:CalledShot","hermit:Feint+1"],"picked":"hermit:Glare+1","floor":37},{"not_picked":["hermit:Feint+1","hermit:Ricochet+1"],"picked":"hermit:TakeCover+1","floor":38}],"player_experience":474272,"relics_obtained":[{"floor":7,"key":"ReplayTheSpireMod:Ninjato"},{"floor":8,"key":"Mango"},{"floor":24,"key":"jedi:bottledfury"},{"floor":31,"key":"Red Mask"}],"event_choices":[{"damage_healed":0,"gold_gain":0,"player_choice":"Box","damage_taken":0,"relics_obtained":["StuffTheSpire:MayFlowers"],"max_hp_gain":0,"max_hp_loss":0,"event_name":"Big Fish","floor":13,"gold_loss":0,"cards_obtained":["Regret"]},{"damage_healed":0,"gold_gain":0,"player_choice":"Ignored","damage_taken":0,"max_hp_gain":0,"max_hp_loss":0,"event_name":"Vampires","floor":22,"gold_loss":0},{"damage_healed":0,"gold_gain":0,"player_choice":"Fought Bandits","damage_taken":0,"max_hp_gain":0,"max_hp_loss":0,"event_name":"Masked Bandits","floor":31,"gold_loss":0}],"is_beta":false,"boss_relics":[{"not_picked":["ReplayTheSpireMod:SealedPack","StuffTheSpire:RunicHypercube"],"picked":"StuffTheSpire:Kangaroo"},{"not_picked":["Painkiller Herb","Abe\u0027s Treasure"],"picked":"jedi:battlestandard"}],"items_purged_floors":[21],"is_endless":false,"potions_floor_spawned":[2,3,8,15,19,20,23,32,38],"killed_by":"Transient","ascension_level":0}}