{"host":"qmmd8zc7eqgl2j9h","time":1608714946,"event":{"mods":["AchievementEnabler","Aspiration","BaseMod","Better Altar","Better Note","Better Sensory Stone","Better Skull","BetterRewards","Colored Map","Conspire","Googly Eyes","Hermit","Highlight Path","Infinite Spire","Marisa????????","Minty Spire (QoL Compilation)","Permanent Neow","Replay The Spire","StSLib","The Hierophant","The Necromancer","The Servant 0.9.4","Unceasing Turn Reminder","everything is the same but u backflip on backflip","slay the spire mod where everything is the same but ironclad has a cowboy hat"],"gold_per_floor":[118,129,17,17,35,35,46,56,56,131,131,131,148,158,158,257,257,268,280,280,20,40,40,40,40,40,40,40,40,40,68,79,79,79,181,231,251,287,287,287,287],"floor_reached":40,"playtime":2398,"items_purged":["Replay:Sluggish"],"score":394,"play_id":"7931aa79-257d-4d78-af90-222eb230a7e1","local_time":"20201223011546","is_ascension_mode":false,"campfire_choices":[{"data":"InstantArmor","floor":6,"key":"SMITH"},{"floor":15,"key":"REST"},{"data":"PendulumOfEternity","floor":23,"key":"SMITH"},{"data":"SoulSculpture","floor":29,"key":"SMITH"},{"floor":34,"key":"DIG"}],"circlet_count":0,"master_deck":["Strike_S","Strike_S","Strike_S","Strike_S","Defend_S","Defend_S","Defend_S","Defend_S","KidneyShot+1","Exchange+1","Defy","TimeWarp","SoulSculpture","SoulSculpture+1","InstantArmor+1","SpecialFormula","ShatteredReality","Ricochet","MoonPhase","TrueSight+1","Rearm","Starlight","PendulumOfEternity+1","Luminosity","SpecialFormula","LightFlow","BestPractice","BottledTime","FastForward","infinitespire:TheBestDefense"],"relics":["Uniform","infinitespire:Joker Card","Durian","ReplayTheSpireMod:CursedCoin","conspire:SpecialSausage","Kunai","aspiration:StickyExplosives_weak","infinitespire:Beetle Shell","MutagenicStrength","Sundial","Tiny House"],"acts_visited":["Exordium","TheCity","TheBeyond"],"potions_floor_usage":[32,35],"damage_taken":[{"damage":10,"enemies":"2 Louse","floor":1,"turns":4},{"damage":4,"enemies":"Cultist","floor":2,"turns":5},{"damage":0,"enemies":"Small Slimes","floor":5,"turns":2},{"damage":0,"enemies":"2 Fungi Beasts","floor":7,"turns":3},{"damage":9,"enemies":"Gremlin Gang","floor":8,"turns":3},{"damage":0,"enemies":"3 Louse","floor":13,"turns":3},{"damage":0,"enemies":"Blue Slaver","floor":14,"turns":2},{"damage":12,"enemies":"The Guardian","floor":16,"turns":20},{"damage":18,"enemies":"2 Thieves","floor":18,"turns":3},{"damage":6,"enemies":"Shell Parasite","floor":19,"turns":6},{"damage":5,"enemies":"Snecko","floor":22,"turns":5},{"damage":45,"enemies":"Gremlin Leader","floor":31,"turns":10},{"damage":1,"enemies":"Centurion and Healer","floor":32,"turns":11},{"damage":33,"enemies":"Champ","floor":35,"turns":20},{"damage":6,"enemies":"Orb Walker","floor":37,"turns":4}],"seed_played":"-342077699157991087","potions_obtained":[{"floor":1,"key":"FearPotion"},{"floor":7,"key":"BlessingOfTheForge"},{"floor":13,"key":"Regen Potion"},{"floor":31,"key":"Adrenaline Potion"},{"floor":35,"key":"Milkshake"},{"floor":36,"key":"Dexterity Potion"}],"is_trial":false,"path_per_floor":["M","M","$","?","M","R","M","M","T","$","?","?","M","M","R","B",null,"M","M","?","$","M","R","?","?","PTL","PTL","T","R","$","E","M","?","R_BF","B",null,"M","?","?","M"],"character_chosen":"THE_SERVANT","items_purchased":["SoulSculpture","ReplayTheSpireMod:CursedCoin","Kunai"],"campfire_rested":1,"item_purchase_floors":[3,10,21],"current_hp_per_floor":[55,51,51,51,51,51,51,42,47,47,47,47,52,52,70,58,70,52,51,51,51,51,51,51,58,58,58,58,58,58,18,22,22,22,4,75,69,69,52,0,0],"gold":287,"neow_bonus":"ONE_RARE_RELIC","is_daily":false,"chose_seed":false,"campfire_upgraded":3,"win_rate":0.0,"timestamp":1608714946,"path_taken":["M","M","$","?","?","R","M","M","T","$","?","?","M","M","R","BOSS","M","?","?","$","M","R","?","?","PTL","PTL","T","R","?","E","?","?","R_BF","BOSS","M","?","?","?"],"items_purchased_type":["Card","Relic","Relic"],"build_version":"2020-12-13","purchased_purges":1,"victory":false,"max_hp_per_floor":[65,65,65,65,65,65,65,65,70,70,70,70,70,70,70,70,70,70,70,70,70,70,70,70,70,70,70,70,70,70,70,70,70,70,70,75,75,75,75,75,75],"card_choices":[{"not_picked":["Spin","Revamp"],"picked":"Defy","floor":1},{"not_picked":["TimeTheft","Moonlight"],"picked":"TimeWarp","floor":2},{"not_picked":["Rewind","Starlight"],"picked":"InstantArmor","floor":5},{"not_picked":["BottledTime","DoubleEdge"],"picked":"SpecialFormula","floor":7},{"not_picked":["Spin","Replace"],"picked":"ShatteredReality","floor":8},{"not_picked":["Replace","Potential"],"picked":"Ricochet","floor":13},{"not_picked":["Collapse","Foresight"],"picked":"MoonPhase","floor":14},{"not_picked":["Duplication","ForgedInTime"],"picked":"TrueSight","floor":16},{"not_picked":["Starlight","DoubleEdge"],"picked":"Rearm","floor":18},{"not_picked":["Foresight+1","ShatteredReality+1"],"picked":"Starlight","floor":19},{"not_picked":["FastForward","Spin"],"picked":"PendulumOfEternity","floor":22},{"not_picked":["Collapse","TimeWarp"],"picked":"Luminosity","floor":31},{"not_picked":["BottledTime","Defy+1"],"picked":"SpecialFormula","floor":32},{"not_picked":["ForgedInTime","Duplication"],"picked":"LightFlow","floor":35},{"not_picked":["Manipulate","WasteNot+1"],"picked":"BestPractice","floor":36},{"not_picked":["Unruled","Alleviate"],"picked":"BottledTime","floor":37},{"not_picked":["Shuttle","Replace"],"picked":"FastForward","floor":38},{"not_picked":["infinitespire:SevenWalls","Replay:Fractal Strike"],"picked":"infinitespire:TheBestDefense","floor":39}],"player_experience":210044,"relics_obtained":[{"floor":9,"key":"Durian"},{"floor":28,"key":"aspiration:StickyExplosives_weak"},{"floor":31,"key":"infinitespire:Beetle Shell"},{"floor":34,"key":"Sundial"}],"event_choices":[{"damage_healed":0,"gold_gain":0,"player_choice":"Upgraded","damage_taken":0,"max_hp_gain":0,"max_hp_loss":0,"event_name":"Upgrade Shrine","floor":4,"gold_loss":0,"cards_upgraded":["Exchange"]},{"cards_removed":["Overencumbered"],"damage_healed":0,"gold_gain":0,"player_choice":"Removed Curses","damage_taken":0,"max_hp_gain":0,"max_hp_loss":0,"event_name":"Fountain of Cleansing","floor":12,"gold_loss":0},{"damage_healed":0,"gold_gain":0,"player_choice":"Ignored","damage_taken":0,"max_hp_gain":0,"max_hp_loss":0,"event_name":"betterNote:BetterNote","floor":20,"gold_loss":0,"cards_obtained":["Strike_G"]},{"damage_healed":0,"gold_gain":0,"player_choice":"Leave","damage_taken":0,"max_hp_gain":0,"max_hp_loss":0,"event_name":"conspire:Investor","floor":24,"gold_loss":0},{"damage_healed":0,"gold_gain":0,"player_choice":"Inject Mutagens","damage_taken":0,"relics_obtained":["MutagenicStrength"],"max_hp_gain":0,"max_hp_loss":0,"event_name":"Drug Dealer","floor":33,"gold_loss":0}],"is_beta":false,"boss_relics":[{"not_picked":["Calling Bell","Pandora\u0027s Box"],"picked":"conspire:SpecialSausage"},{"not_picked":["ReplayTheSpireMod:SealedPack","Ring of Chaos"],"picked":"Tiny House"}],"items_purged_floors":[10],"is_endless":false,"potions_floor_spawned":[1,7,13,14,31,35],"killed_by":"3 Shapes","ascension_level":0}}