{"host":"Teixeira","time":1608702012,"event":{"mods":["2.2 Compatiblity","AchievementEnabler","Aspiration","BaseMod","Better Match","Better Note","Better Sensory Stone","Better Skull","Better Third Choice","Colored Map","Colored Powertips","Downfall","Hermit","Hubris","Infinite Spire","Marked Mod","Minty Spire (QoL Compilation)","Permanent Neow","Quick Restart","Rare Cards Sparkle","Relic Filter","Replay The Spire","Spicy Shops","StSLib","SuperFastMode"],"gold_per_floor":[99,118,134,134,44,75,75,116,131,151,151,166,91,116,132,255,255,255,280,299,315,333,333,333,333,333,377,377,303,322,28,46,172,172,172,191,316,339,239,260,285,309,16,16,195,45,68,104,129,129,129,172,34,34,34],"floor_reached":56,"playtime":4132,"items_purged":["sneckomod:Strike","sneckomod:Defend","sneckomod:Strike"],"score":1338,"play_id":"a9b57471-e809-46f7-872a-1c43a48c6bd4","local_time":"20201223024012","is_ascension_mode":false,"campfire_choices":[{"data":"sneckomod:Unknown","floor":1.0,"key":"SMITH"},{"data":"sneckomod:DiceBoulder+1","floor":13.0,"key":"SMITH"},{"floor":18.0,"key":"DIG"},{"data":"sneckomod:SnakeSap","floor":26.0,"key":"SMITH"},{"data":"sneckomod:SnekBite","floor":28.0,"key":"SMITH"},{"floor":35.0,"key":"RECALL"},{"data":"Mayhem","floor":44,"key":"SMITH"},{"data":"sneckomod:MasterEye","floor":46,"key":"SMITH"},{"data":"sneckomod:UnknownRarePower","floor":54,"key":"SMITH"}],"circlet_count":0,"master_deck":["sneckomod:Strike","sneckomod:Defend","sneckomod:Defend","sneckomod:TailWhip","sneckomod:SnekBite+1","sneckomod:Unknown","sneckomod:DiceBoulder+2","sneckomod:QuickBite","sneckomod:QuickMove","sneckomod:UnknownUncommonPower","sneckomod:UnknownRarePower+1","sneckomod:IronFang","sneckomod:DangerNoodle","sneckomod:RainOfDice","sneckomod:UnknownRareSkill","Mayhem+1","sneckomod:MasterEye+1","sneckomod:QuickBite","sneckomod:UnknownRareAttack","sneckomod:Mudshield","sneckomod:UnknownUncommonSkill","sneckomod:UnknownVulnerable","Regret","Ghostly","Dramatic Entrance"],"relics":["sneckomod:SneckoSoul","sneckomod:LoadedDie","Golden Idol","Gambling Chip","aspiration:Lifesprig","hubris:OldNail","downfall:HeartBlessingGreen","hubris:ScarierMask","Vajra","infinitespire:Lucky Rock","Coffee Dripper","aspiration:SeaSaltIceCream","Burning Blood","Nunchaku","BargainBundle","ReplayTheSpireMod:Lightbulb","aspiration:HummingbirdHeart","Bag of Marbles","Chemical X","Philosopher\u0027s Stone","downfall:GremlinSack","Membership Card","Anchor","HandDrill","Darkstone Periapt","downfall:HeartBlessingRed","downfall:HeartBlessingBlue","Bag of Preparation","Strawberry","aspiration:Nostalgia","PureWater","infinitespire:Satchel"],"acts_visited":["Exordium","TheCity","TheBeyond","TheEnding"],"potions_floor_usage":[55,55,55],"damage_taken":[{"damage":0.0,"enemies":"Cultist","floor":2.0,"turns":2.0},{"damage":8.0,"enemies":"Jaw Worm","floor":3.0,"turns":2.0},{"damage":5.0,"enemies":"downfall:FleeingMerchant","floor":5.0,"turns":4.0},{"damage":10.0,"enemies":"Gremlin Nob","floor":6.0,"turns":3.0},{"damage":7.0,"enemies":"Lagavulin","floor":8.0,"turns":3.0},{"damage":3.0,"enemies":"2 Louse","floor":9.0,"turns":3.0},{"damage":3.0,"enemies":"Gremlin Gang","floor":10.0,"turns":4.0},{"damage":0.0,"enemies":"Exordium Wildlife","floor":12.0,"turns":3.0},{"damage":0.0,"enemies":"Lots of Slimes","floor":14.0,"turns":4.0},{"damage":0.0,"enemies":"Red Slaver","floor":15.0,"turns":3.0},{"damage":30.0,"enemies":"downfall:Silent","floor":16.0,"turns":6.0},{"damage":10.0,"enemies":"Chosen","floor":19.0,"turns":3.0},{"damage":5.0,"enemies":"3 Byrds","floor":20.0,"turns":3.0},{"damage":0.0,"enemies":"Sentry and Sphere","floor":21.0,"turns":2.0},{"damage":4.0,"enemies":"Cultist and Chosen","floor":22.0,"turns":2.0},{"damage":0.0,"enemies":"Replay:Snechameleon","floor":27.0,"turns":6.0},{"damage":0.0,"enemies":"downfall:FleeingMerchant","floor":29.0,"turns":4.0},{"damage":0.0,"enemies":"Centurion and Healer","floor":30.0,"turns":2.0},{"damage":0.0,"enemies":"Snake Plant","floor":32.0,"turns":3.0},{"damage":30.0,"enemies":"downfall:Watcher","floor":33.0,"turns":6.0},{"damage":0.0,"enemies":"3 Shapes","floor":36.0,"turns":1.0},{"damage":0.0,"enemies":"3 Shapes","floor":37.0,"turns":1.0},{"damage":1.0,"enemies":"Orb Walker","floor":38.0,"turns":2.0},{"damage":3,"enemies":"4 Shapes","floor":40,"turns":1},{"damage":3,"enemies":"Transient","floor":42,"turns":5},{"damage":0,"enemies":"3 Darklings","floor":47,"turns":2},{"damage":8,"enemies":"Giant Head","floor":48,"turns":4},{"damage":0,"enemies":"Spire Growth","floor":49,"turns":2},{"damage":18,"enemies":"downfall:Ironclad","floor":50,"turns":3},{"damage":47,"enemies":"downfall:CharBossMerchant","floor":52,"turns":4},{"damage":14,"enemies":"downfall:NeowBoss","floor":55,"turns":14}],"seed_played":"-3902028597490123052","potions_obtained":[{"floor":6.0,"key":"champ:CounterPotion"},{"floor":8.0,"key":"sneckomod:MuddlingPotion"},{"floor":9.0,"key":"sneckomod:MuddlingPotion"},{"floor":10.0,"key":"Strength Potion"},{"floor":12.0,"key":"LifebloodPotion"},{"floor":19.0,"key":"SneckoOil"},{"floor":22.0,"key":"Fire Potion"},{"floor":32.0,"key":"BlessingOfTheForge"},{"floor":36.0,"key":"Adrenaline Potion"},{"floor":52,"key":"Adrenaline Potion"}],"is_trial":false,"path_per_floor":["R","M","M","?","$","E","T","E","M","M","?","M","R","M","M","B",null,"R_BF","M","M","M","M","AVR","T","?","R","E","R","$","M","$","M","B",null,"R_BF","M","?","M","NS","M","T","M","$","R","T","R","M","E","M","B",null,"E","$","R","B",null],"character_chosen":"THE_SNECKO","items_purchased":["BargainBundle","ReplayTheSpireMod:Lightbulb","aspiration:HummingbirdHeart","Mayhem","sneckomod:MasterEye","Bag of Marbles","Chemical X","Membership Card","Anchor","HandDrill","aspiration:Nostalgia","infinitespire:Satchel","sneckomod:DiceRollPotion"],"campfire_rested":0,"item_purchase_floors":[29,29,29,29,29,31,31,43,43,43,53,53,53],"current_hp_per_floor":[90,90,82,82,77,68,68,62,59,56,56,56,56,56,56,26,92,92,82,77,77,73,73,73,73,73,80,80,86,92,92,93,70,94,94,94,96,96,96,96,96,96,96,96,96,106,106,104,106,106,106,72,72,72,64],"gold":34,"neow_bonus":"RANDOM_COMMON_RELIC","is_daily":false,"chose_seed":false,"campfire_upgraded":7,"win_rate":0.0,"timestamp":1608702012,"path_taken":["R","M","?","?","?","E","T","E","?","M","?","M","R","M","M","BOSS","R_BF","M","M","M","M","AVR","T","?","R","E","R","$","M","$","M","BOSS","R_BF","M","?","?","NS","M","T","M","?","R","?","R","M","E","M","BOSS","E","$","R","BOSS"],"items_purchased_type":["Relic","Relic","Relic","Card","Card","Relic","Relic","Relic","Relic","Relic","Relic","Relic","Potion"],"build_version":"2020-11-17","purchased_purges":3,"victory":true,"max_hp_per_floor":[90,90,90,90,90,91,91,92,92,92,92,92,92,92,92,92,92,92,92,92,92,92,92,92,92,92,93,93,93,93,93,93,94,94,94,94,96,96,96,96,96,96,96,96,96,106,106,106,106,106,106,113,113,113,113],"card_choices":[{"not_picked":["sneckomod:QuickMove","sneckomod:WideSting"],"picked":"sneckomod:DiceBoulder","floor":2.0},{"not_picked":["sneckomod:Unknown3Cost","sneckomod:Unknown1Cost"],"picked":"sneckomod:QuickBite","floor":3.0},{"not_picked":["sneckomod:UnknownClassRED","sneckomod:Restock"],"picked":"sneckomod:QuickMove","floor":5.0},{"not_picked":["sneckomod:Unknown1Cost","sneckomod:DiceBlock"],"picked":"sneckomod:UnknownUncommonPower","floor":6.0},{"not_picked":["sneckomod:UnknownUncommonAttack","sneckomod:WideSting"],"picked":"sneckomod:UnknownRarePower","floor":8.0},{"not_picked":["sneckomod:UnknownUncommonPower","sneckomod:UnknownCommonSkill","sneckomod:WideSting"],"picked":"SKIP","floor":9.0},{"not_picked":["sneckomod:SoulRoll","sneckomod:UnknownCommonAttack"],"picked":"sneckomod:IronFang","floor":10.0},{"not_picked":["sneckomod:UnknownBlock","sneckomod:Unknown2Cost","sneckomod:SoulRoll"],"picked":"SKIP","floor":12.0},{"not_picked":["sneckomod:DiceCrush","sneckomod:QuickBite"],"picked":"sneckomod:SnakeSap","floor":14.0},{"not_picked":["sneckomod:Nope","sneckomod:UnknownCommonAttack","sneckomod:SoulRoll"],"picked":"SKIP","floor":15.0},{"not_picked":["sneckomod:Restock","sneckomod:Mudshield"],"picked":"sneckomod:DangerNoodle","floor":16.0},{"not_picked":["sneckomod:QuickMove","sneckomod:DiceCrush+1"],"picked":"sneckomod:RainOfDice","floor":19.0},{"not_picked":["sneckomod:Nope+1","sneckomod:WideSting+1","sneckomod:UnknownX"],"picked":"SKIP","floor":20.0},{"not_picked":["sneckomod:QuickMove","sneckomod:DiceBlock","sneckomod:UnknownX"],"picked":"SKIP","floor":21.0},{"not_picked":["sneckomod:SoulRoll","sneckomod:IronFang","sneckomod:DiceCrush"],"picked":"SKIP","floor":22.0},{"not_picked":["sneckomod:UnknownStrike","sneckomod:UnlimitedRolls"],"picked":"sneckomod:UnknownRareSkill","floor":27.0},{"not_picked":["sneckomod:UnknownWeak+1","sneckomod:WideSting","sneckomod:ImprovisedGuard"],"picked":"SKIP","floor":30.0},{"not_picked":["sneckomod:Unknown0Cost","sneckomod:UnknownCommonSkill+1"],"picked":"sneckomod:QuickBite","floor":32.0},{"not_picked":["sneckomod:SoulExchange","sneckomod:DangerNoodle"],"picked":"sneckomod:UnknownRareAttack","floor":33.0},{"not_picked":["sneckomod:UnknownUncommonAttack+1","sneckomod:RainOfDice","sneckomod:SoulDraw"],"picked":"SKIP","floor":36.0},{"not_picked":["sneckomod:UnknownUncommonPower","sneckomod:RainOfDice+1"],"picked":"sneckomod:SoulDraw","floor":38.0},{"not_picked":["sneckomod:UnknownCommonSkill+1","sneckomod:UnknownClassSLIMEBOUND+1","sneckomod:UnknownClassPURPLE"],"picked":"SKIP","floor":40},{"not_picked":["sneckomod:RainOfDice","sneckomod:SoulDraw","sneckomod:Unknown2Cost"],"picked":"SKIP","floor":42},{"not_picked":["sneckomod:UnknownBlock+1","sneckomod:Unknown1Cost+1","sneckomod:UnknownClassPURPLE+1"],"picked":"SKIP","floor":47},{"not_picked":["sneckomod:DiceCrush","sneckomod:Unknown1Cost","sneckomod:SoulRoll"],"picked":"SKIP","floor":48},{"not_picked":["sneckomod:UnknownBlock+1","sneckomod:UnlimitedRolls","sneckomod:DiceBlock+1"],"picked":"SKIP","floor":49},{"not_picked":["sneckomod:ImprovisedAttack","sneckomod:Unknown0Cost","sneckomod:UnknownClassGREEN+1"],"picked":"SKIP","floor":52}],"player_experience":111584,"relics_obtained":[{"floor":6.0,"key":"Gambling Chip"},{"floor":7.0,"key":"aspiration:Lifesprig"},{"floor":8.0,"key":"hubris:OldNail"},{"floor":18.0,"key":"Vajra"},{"floor":24.0,"key":"aspiration:SeaSaltIceCream"},{"floor":27.0,"key":"Nunchaku"},{"floor":37.0,"key":"downfall:GremlinSack"},{"floor":45,"key":"Darkstone Periapt"},{"floor":48,"key":"Bag of Preparation"},{"floor":52,"key":"Strawberry"}],"event_choices":[{"damage_healed":0.0,"max_hp_gain":0.0,"max_hp_loss":0.0,"gold_gain":0.0,"event_name":"Upgrade Shrine","player_choice":"Upgraded","floor":4.0,"gold_loss":0.0,"damage_taken":0.0,"cards_upgraded":["sneckomod:DiceBoulder"]},{"damage_healed":0.0,"max_hp_gain":0.0,"max_hp_loss":0.0,"gold_gain":0.0,"event_name":"betterNote:BetterNote","player_choice":"Ignored","floor":25.0,"gold_loss":0.0,"damage_taken":0.0,"cards_obtained":["Corpse Explosion"]}],"is_beta":true,"boss_relics":[{"not_picked":["Snecko Eye","Pandora\u0027s Box"],"picked":"hubris:ScarierMask"},{"not_picked":["aspiration:FutureDiary","hubris:TerracottaHorce"],"picked":"Philosopher\u0027s Stone"}],"items_purged_floors":[5,23,29],"is_endless":false,"potions_floor_spawned":[6,8,9,10,12,19,22,32,36,40,52],"ascension_level":0}}