{"host":"873t0y8ybyo38pfq","time":1608744995,"event":{"mods":["BaseMod","Colored Map","Highlight Path","Minty Spire (QoL Compilation)","Rare Cards Sparkle","StSLib"],"gold_per_floor":[111,261,13,27,47,47,47,81,108,121,121,191,191,207,207,282,282,299,80,93,143,143,143,143],"floor_reached":23,"playtime":583,"items_purged":["Doubt"],"score":378,"play_id":"15cc65ad-5dc4-487b-9b50-3b06792022ab","local_time":"20201223123635","is_ascension_mode":true,"campfire_choices":[{"data":"Predator","floor":6,"key":"SMITH"},{"floor":11,"key":"REST"},{"data":"Bouncing Flask","floor":13,"key":"SMITH"},{"floor":15,"key":"REST"}],"circlet_count":0,"master_deck":["AscendersBane","Strike_G","Strike_G","Strike_G","Strike_G","Strike_G","Defend_G","Defend_G","Defend_G","Defend_G","Defend_G","Survivor","Neutralize","Dagger Throw","Predator+1","Acrobatics","Backflip","Well Laid Plans","Envenom","Deadly Poison","Bouncing Flask+1","Dagger Spray","Unload","PiercingWail","PiercingWail"],"relics":["Ring of the Snake","NeowsBlessing","Orrery","Bag of Preparation","HoveringKite","PreservedInsect"],"acts_visited":["Exordium","TheCity"],"potions_floor_usage":[16,16,23,23],"damage_taken":[{"damage":0,"enemies":"2 Louse","floor":1,"turns":1},{"damage":0,"enemies":"Jaw Worm","floor":4,"turns":1},{"damage":0,"enemies":"Cultist","floor":5,"turns":1},{"damage":34,"enemies":"3 Sentries","floor":8,"turns":10},{"damage":10,"enemies":"Large Slime","floor":10,"turns":8},{"damage":1,"enemies":"Looter","floor":14,"turns":3},{"damage":20,"enemies":"Slime Boss","floor":16,"turns":6},{"damage":45,"enemies":"Shell Parasite","floor":18,"turns":5},{"damage":11,"enemies":"Spheric Guardian","floor":20,"turns":3},{"damage":14,"enemies":"Slavers","floor":23,"turns":2}],"seed_played":"-6270087511681078224","potions_obtained":[{"floor":4,"key":"LiquidMemories"},{"floor":5,"key":"SteroidPotion"},{"floor":7,"key":"Poison Potion"},{"floor":8,"key":"DistilledChaos"},{"floor":18,"key":"GamblersBrew"}],"is_trial":false,"path_per_floor":["M","?","$","M","M","R","?","E","T","M","R","?","R","M","R","B",null,"M","$","M","?","?","E"],"character_chosen":"THE_SILENT","items_purchased":["Orrery","PreservedInsect","AttackPotion"],"campfire_rested":2,"item_purchase_floors":[3,19,19],"current_hp_per_floor":[59,59,59,59,59,59,59,25,25,15,34,34,34,33,52,32,58,13,13,2,2,2,0,0],"gold":143,"neow_bonus":"THREE_ENEMY_KILL","is_daily":false,"chose_seed":false,"campfire_upgraded":2,"win_rate":0.0,"timestamp":1608744995,"path_taken":["M","?","$","M","M","R","?","E","T","?","R","?","R","M","R","BOSS","M","$","M","?","?","E"],"items_purchased_type":["Relic","Relic","Potion"],"build_version":"2020-12-22","purchased_purges":1,"victory":false,"max_hp_per_floor":[66,66,66,66,66,66,66,66,66,66,66,66,66,66,66,66,66,66,66,66,66,66,66,66],"card_choices":[{"not_picked":["Quick Slash","Backflip"],"picked":"Dagger Throw","floor":1},{"not_picked":["Dagger Throw","Sucker Punch"],"picked":"Predator","floor":3},{"not_picked":["Dagger Spray","Setup"],"picked":"Acrobatics","floor":3},{"not_picked":["Dodge and Roll","Prepared"],"picked":"Backflip","floor":3},{"not_picked":["Dodge and Roll","Flying Knee"],"picked":"Well Laid Plans","floor":3},{"not_picked":["Finisher","Slice","Prepared"],"picked":"SKIP","floor":4},{"not_picked":["Escape Plan","Leg Sweep"],"picked":"Envenom","floor":5},{"not_picked":["Outmaneuver","Reflex"],"picked":"Deadly Poison","floor":8},{"not_picked":["Distraction","Masterful Stab"],"picked":"Bouncing Flask","floor":10},{"not_picked":["Distraction","Underhanded Strike"],"picked":"Dagger Spray","floor":14},{"not_picked":["Venomology","A Thousand Cuts"],"picked":"Unload","floor":16},{"not_picked":["Dagger Spray+1","Tactician"],"picked":"PiercingWail","floor":18},{"not_picked":["Acrobatics","Quick Slash+1"],"picked":"PiercingWail","floor":20}],"player_experience":1334158,"relics_obtained":[{"floor":8,"key":"Bag of Preparation"}],"event_choices":[{"damage_healed":0,"gold_gain":150,"player_choice":"AGREE","damage_taken":0,"max_hp_gain":0,"max_hp_loss":0,"event_name":"Liars Game","floor":2,"gold_loss":0,"cards_obtained":["Doubt"]},{"damage_healed":0,"gold_gain":0,"player_choice":"Got Potions","damage_taken":0,"max_hp_gain":0,"max_hp_loss":0,"event_name":"Lab","floor":7,"gold_loss":0},{"damage_healed":0,"gold_gain":70,"player_choice":"Gained Gold","damage_taken":0,"max_hp_gain":0,"max_hp_loss":0,"event_name":"Golden Wing","floor":12,"gold_loss":0},{"damage_healed":0,"gold_gain":50,"player_choice":"Stole From Cult","damage_taken":0,"max_hp_gain":0,"max_hp_loss":0,"event_name":"Nest","floor":21,"gold_loss":0},{"damage_healed":0,"gold_gain":0,"player_choice":"Ignored","damage_taken":0,"max_hp_gain":0,"max_hp_loss":0,"event_name":"Cursed Tome","floor":22,"gold_loss":0}],"is_beta":false,"boss_relics":[{"not_picked":["SlaversCollar","Empty Cage"],"picked":"HoveringKite"}],"items_purged_floors":[3],"is_endless":false,"potions_floor_spawned":[4,5,8,18],"killed_by":"Slavers","ascension_level":20}}