{"host":"pletss163z7s8pvv","time":1608687266,"event":{"mods":["AchievementEnabler","BaseMod","Colored Map","Colored Powertips","Minty Spire (QoL Compilation)"],"gold_per_floor":[114,129,144,144,163,163,238,238,238,257,257,295,295,333,333,458,458,477,496,496,50,50,88,88,88],"floor_reached":24,"playtime":626,"items_purged":[],"score":249,"play_id":"58ce448f-3022-48ab-b093-2837d3f639b6","local_time":"20201222193426","daily_mods":["SealedDeck","Red Cards","Night Terrors"],"is_ascension_mode":false,"campfire_choices":[{"floor":6,"key":"REST"},{"data":"Crescendo","floor":8,"key":"SMITH"},{"floor":11,"key":"REST"},{"data":"ClearTheMind","floor":13,"key":"SMITH"},{"data":"WaveOfTheHand","floor":15,"key":"SMITH"}],"circlet_count":0,"master_deck":["Power Through","FollowUp","Indignation","ClearTheMind+1","Sword Boomerang","FlurryOfBlows","Rage","Pummel","Flex","Thunderclap","Sword Boomerang","Consecrate","Crescendo+1","Consecrate","SandsOfTime","JustLucky","WaveOfTheHand+1","Alpha","Shrug It Off+1","Cleave","Inflame","Dramatic Entrance","Spot Weakness","Thunderclap","JustLucky","BowlingBash","Sever Soul","Prostrate","FlurryOfBlows","Clothesline","Shame","BowlingBash"],"relics":["PureWater","Golden Idol","Blue Candle","StrikeDummy","Question Card","Busted Crown","Orrery","StoneCalendar","Smiling Mask"],"acts_visited":["Exordium","TheCity"],"potions_floor_usage":[16,16,16,16,16,24,24],"damage_taken":[{"damage":0,"enemies":"2 Louse","floor":1,"turns":1},{"damage":8,"enemies":"Jaw Worm","floor":2,"turns":2},{"damage":0,"enemies":"Small Slimes","floor":3,"turns":2},{"damage":9,"enemies":"2 Fungi Beasts","floor":5,"turns":2},{"damage":22,"enemies":"Gremlin Gang","floor":10,"turns":2},{"damage":0,"enemies":"Gremlin Nob","floor":12,"turns":2},{"damage":7,"enemies":"3 Sentries","floor":14,"turns":3},{"damage":26,"enemies":"Hexaghost","floor":16,"turns":4},{"damage":5,"enemies":"Shell Parasite","floor":18,"turns":3},{"damage":0,"enemies":"3 Byrds","floor":19,"turns":3},{"damage":34,"enemies":"Slavers","floor":23,"turns":3},{"damage":0,"enemies":"Snecko","floor":24,"turns":2}],"seed_played":"4926568582952100995","potions_obtained":[{"floor":1,"key":"EntropicBrew"},{"floor":2,"key":"Dexterity Potion"},{"floor":3,"key":"ColorlessPotion"},{"floor":23,"key":"BottledMiracle"}],"is_trial":false,"path_per_floor":["M","M","M","?","M","R","?","R","T","M","R","E","R","E","R","B",null,"M","M","?","$","?","E","M"],"character_chosen":"WATCHER","items_purchased":["Inflame","Dramatic Entrance","Orrery","Prostrate","FlurryOfBlows","Clothesline"],"campfire_rested":2,"item_purchase_floors":[21,21,21,21,21,21],"current_hp_per_floor":[72,64,64,46,37,67,56,56,56,34,62,62,62,55,55,29,62,57,57,57,57,57,23,23,23],"gold":88,"neow_bonus":"","is_daily":true,"chose_seed":false,"campfire_upgraded":3,"win_rate":0.0,"timestamp":1608687266,"path_taken":["M","M","M","?","M","R","?","R","T","M","R","E","R","E","R","BOSS","M","M","?","$","?","E","M"],"items_purchased_type":["Card","Card","Relic","Card","Card","Card"],"build_version":"2020-12-13","purchased_purges":0,"victory":false,"max_hp_per_floor":[72,72,72,72,72,67,67,67,67,67,62,62,62,62,62,62,62,62,62,62,62,62,62,62,62],"card_choices":[{"not_picked":["Wallop","Blood for Blood"],"picked":"Sword Boomerang","floor":1},{"not_picked":["Second Wind","SashWhip"],"picked":"Consecrate","floor":2},{"not_picked":["Burning Pact","WindmillStrike"],"picked":"Crescendo","floor":3},{"not_picked":["Study","Evolve"],"picked":"Consecrate","floor":5},{"not_picked":["Iron Wave","Evolve"],"picked":"SandsOfTime","floor":10},{"not_picked":["WaveOfTheHand","Pommel Strike"],"picked":"JustLucky","floor":12},{"not_picked":["Protect","Brutality"],"picked":"WaveOfTheHand","floor":14},{"not_picked":["Scrawl","Barricade","Exhume"],"picked":"Alpha","floor":16},{"not_picked":["Havoc"],"picked":"Shrug It Off+1","floor":18},{"not_picked":["Heavy Blade+1"],"picked":"Cleave","floor":19},{"not_picked":["InnerPeace+1"],"picked":"Spot Weakness","floor":21},{"not_picked":["SashWhip+1"],"picked":"Thunderclap","floor":21},{"not_picked":["Crescendo+1"],"picked":"JustLucky","floor":21},{"not_picked":["ConjureBlade"],"picked":"BowlingBash","floor":21},{"not_picked":["Sentinel"],"picked":"Sever Soul","floor":21},{"not_picked":["Shockwave"],"picked":"BowlingBash","floor":23}],"player_experience":395168,"relics_obtained":[{"floor":9,"key":"Blue Candle"},{"floor":12,"key":"StrikeDummy"},{"floor":14,"key":"Question Card"},{"floor":23,"key":"Smiling Mask"}],"event_choices":[{"damage_healed":0,"gold_gain":0,"player_choice":"Take Damage","damage_taken":18,"relics_obtained":["Golden Idol"],"max_hp_gain":0,"max_hp_loss":0,"event_name":"Golden Idol","floor":4,"gold_loss":0},{"damage_healed":0,"gold_gain":75,"player_choice":"Gather Gold","damage_taken":11,"max_hp_gain":0,"max_hp_loss":0,"event_name":"World of Goop","floor":7,"gold_loss":0},{"damage_healed":0,"gold_gain":0,"player_choice":"Ignored","damage_taken":0,"max_hp_gain":0,"max_hp_loss":0,"event_name":"Vampires","floor":20,"gold_loss":0},{"damage_healed":0,"gold_gain":0,"player_choice":"Stole Relic","damage_taken":0,"relics_obtained":["StoneCalendar"],"max_hp_gain":0,"max_hp_loss":0,"event_name":"Addict","floor":22,"gold_loss":0,"cards_obtained":["Shame"]}],"is_beta":false,"boss_relics":[{"not_picked":["Ectoplasm","Runic Pyramid"],"picked":"Busted Crown"}],"items_purged_floors":[],"is_endless":false,"potions_floor_spawned":[1,2,3,23],"killed_by":"Snecko","ascension_level":0}}