{"host":"gk5m6v7zec9neb0j","time":1608728233,"event":{"mods":["AchievementEnabler","AlwaysNeverKeys","BaseMod","BetterRewards","Block Reminder","Minty Spire (QoL Compilation)","Rare Cards Sparkle","Relic Stats","StSLib"],"gold_per_floor":[115,127,14,25,36,36,65,65,65,94,94,94,118,68,68,169,169,195,32,57,84,96,96,96,380,462,462,484,215,258,276,276,387,387,399,66,84,84,134,134,147,159,208,88,88,107,107,107,107,107,107,107,107,107,107],"floor_reached":54,"playtime":1791,"items_purged":["Strike_B","Strike_B","Regret","Strike_B"],"score":909,"play_id":"357ad2a2-2a89-4e50-aed2-164afc6eceae","local_time":"20201223075713","is_ascension_mode":false,"campfire_choices":[{"data":"Zap","floor":6,"key":"SMITH"},{"data":"Dualcast","floor":8,"key":"SMITH"},{"data":"Defragment","floor":11,"key":"SMITH"},{"floor":15,"key":"REST"},{"data":"Blizzard","floor":23,"key":"SMITH"},{"floor":27,"key":"REST"},{"floor":32,"key":"REST"},{"data":"Defragment","floor":40,"key":"SMITH"},{"floor":45,"key":"DIG"},{"floor":47,"key":"REST"},{"floor":49,"key":"DIG"},{"floor":52,"key":"DIG"}],"circlet_count":0,"master_deck":["Defend_B","Defend_B","Defend_B","Defend_B","Zap+1","Dualcast+1","Coolheaded","Capacitor","Conserve Battery","Defragment+1","Cold Snap","Leap","BootSequence","Blizzard+1","Chill+1","Capacitor","Capacitor","Loop","Blizzard","Seek","Defragment+1","Self Repair"],"relics":["Cracked Core","OrangePellets","CeramicFish","Happy Flower","SlaversCollar","Enchiridion","Matryoshka","Orrery","The Courier","Inserter","Shovel","Peace Pipe","Lantern","Orichalcum","Letter Opener","Pen Nib","InkBottle"],"acts_visited":["Exordium","TheCity","TheBeyond","TheEnding"],"potions_floor_usage":[30,30,41,50,50,50],"damage_taken":[{"damage":0,"enemies":"Cultist","floor":1,"turns":3},{"damage":5,"enemies":"Small Slimes","floor":2,"turns":4},{"damage":0,"enemies":"2 Louse","floor":4,"turns":2},{"damage":5,"enemies":"Exordium Thugs","floor":5,"turns":8},{"damage":10,"enemies":"Lagavulin","floor":7,"turns":8},{"damage":7,"enemies":"2 Fungi Beasts","floor":10,"turns":3},{"damage":0,"enemies":"Looter","floor":13,"turns":3},{"damage":14,"enemies":"The Guardian","floor":16,"turns":17},{"damage":13,"enemies":"3 Byrds","floor":18,"turns":8},{"damage":0,"enemies":"Shell Parasite","floor":20,"turns":13},{"damage":1,"enemies":"Sentry and Sphere","floor":21,"turns":10},{"damage":11,"enemies":"Snecko","floor":22,"turns":8},{"damage":18,"enemies":"Snake Plant","floor":28,"turns":8},{"damage":2,"enemies":"Gremlin Leader","floor":30,"turns":8},{"damage":7,"enemies":"Cultist and Chosen","floor":31,"turns":7},{"damage":0,"enemies":"Champ","floor":33,"turns":13},{"damage":7,"enemies":"Orb Walker","floor":35,"turns":5},{"damage":21,"enemies":"3 Shapes","floor":37,"turns":7},{"damage":0,"enemies":"Mind Bloom Boss Battle","floor":39,"turns":8},{"damage":22,"enemies":"Jaw Worm Horde","floor":41,"turns":7},{"damage":7,"enemies":"Spire Growth","floor":42,"turns":7},{"damage":19,"enemies":"3 Darklings","floor":46,"turns":6},{"damage":18,"enemies":"Donu and Deca","floor":50,"turns":9},{"damage":72,"enemies":"Shield and Spear","floor":54,"turns":3}],"seed_played":"-3709339992919479418","potions_obtained":[{"floor":4,"key":"Block Potion"},{"floor":5,"key":"BlessingOfTheForge"},{"floor":20,"key":"Dexterity Potion"},{"floor":28,"key":"PowerPotion"},{"floor":37,"key":"Fire Potion"},{"floor":39,"key":"Dexterity Potion"},{"floor":46,"key":"EssenceOfSteel"}],"is_trial":false,"path_per_floor":["M","M","$","M","M","R","E","R","T","M","R","$","M","?","R","B",null,"M","$","M","M","M","R","?","?","T","R","M","$","E","M","R","B",null,"M","$","M","?","?","R","M","M","T","$","R","M","R","?","R","B",null,"R","$","E"],"character_chosen":"DEFECT","items_purchased":["OrangePellets","Capacitor","Blizzard","Orrery","Defragment","Self Repair","Shovel"],"campfire_rested":4,"item_purchase_floors":[0,3,19,29,36,36,36],"current_hp_per_floor":[65,60,60,60,55,55,45,45,45,38,38,38,38,38,60,46,75,62,62,62,61,50,50,34,34,34,56,38,38,36,29,51,51,75,68,68,54,54,61,61,46,46,46,46,46,34,55,55,55,44,71,71,71,0,0],"gold":107,"neow_bonus":"","is_daily":false,"chose_seed":false,"campfire_upgraded":5,"win_rate":0.0,"timestamp":1608728233,"path_taken":["M","M","$","M","M","R","E","R","T","?","R","$","M","?","R","BOSS","M","$","M","M","M","R","?","?","T","R","?","$","E","M","R","BOSS","M","$","M","?","?","R","M","M","T","$","R","?","R","?","R","BOSS","R","$","E"],"items_purchased_type":["Relic","Card","Card","Relic","Card","Card","Relic"],"build_version":"2020-12-22","purchased_purges":4,"victory":false,"max_hp_per_floor":[75,75,75,75,75,75,75,75,75,75,75,75,75,75,75,75,75,75,75,75,75,75,75,75,75,75,75,75,75,75,75,75,75,75,75,75,75,71,71,71,71,71,71,71,71,71,71,71,71,71,71,71,71,71,71],"relic_stats":{"Peace Pipe":0,"OrangePellets":[16],"Inserter":[30],"Shovel":3,"Happy Flower":[50],"counters":[687,3622],"CeramicFish":117,"Pen Nib":[0],"Letter Opener":[80],"Orichalcum":[12],"obtain_stats":[{"Whetstone":46,"Ginger":28,"Bottled Tornado":37,"Boot":17,"FrozenCore":17,"Old Coin":46,"Blood Vial":53,"Sundial":7,"MealTicket":26,"Fusion Hammer":34,"Necronomicon":31,"Kunai":17,"Pear":55,"Pen Nib":6,"Akabeko":29,"Cables":43,"SlaversCollar":34,"Bird Faced Urn":0,"MutagenicStrength":29,"StrikeDummy":9,"Unceasing Top":44,"Lantern":30,"Regal Pillow":45,"Torii":17,"Singing Bowl":31,"StoneCalendar":54,"Bag of Preparation":43,"Smiling Mask":9,"Cursed Key":17,"Ancient Tea Set":43,"Shovel":0,"Matryoshka":0,"WingedGreaves":30,"Chemical X":11,"InkBottle":17,"Potion Belt":26,"Inserter":34,"Golden Idol":3,"Thread and Needle":0,"PreservedInsect":43,"The Courier":23,"Omamori":46,"Frozen Egg 2":0,"MawBank":24,"Nuclear Battery":34,"Busted Crown":34,"Ornamental Fan":42,"Bloody Idol":21,"Orrery":0,"Turnip":41,"Art of War":41,"Bottled Lightning":11,"Toy Ornithopter":53,"Ice Cream":27,"Mark of the Bloom":46,"Calipers":39,"Gremlin Horn":12,"Nilry\u0027s Codex":27,"CeramicFish":26,"Vajra":12,"Runic Capacitor":0,"Sozu":34,"Centennial Puzzle":9,"Lizard Tail":0,"HornCleat":43,"FaceOfCleric":20,"DollysMirror":53,"Strawberry":0,"Prayer Wheel":0,"Toxic Egg 2":0,"Girya":0,"Happy Flower":17,"Dead Branch":0,"Oddly Smooth Stone":10,"Letter Opener":54,"War Paint":25,"Question Card":43,"WarpedTongs":0,"Du-Vu Doll":10,"OrangePellets":0,"Bottled Flame":54,"Shuriken":3,"Bronze Scales":29,"Molten Egg 2":17,"Black Star":34,"Symbiotic Virus":9,"Pocketwatch":54,"Meat on the Bone":9,"Darkstone Periapt":46,"SacredBark":34,"Enchiridion":19,"Mango":43,"Juzu Bracelet":20,"Incense Burner":43,"Empty Cage":17,"PrismaticShard":41,"ClockworkSouvenir":20,"Frozen Eye":11,"SsserpentHead":30,"Nunchaku":55,"Emotion Chip":6,"Dream Catcher":9,"Mummified Hand":26,"Pantograph":52,"Gambling Chip":0,"Tiny Chest":26,"Red Mask":38,"Cracked Core":0,"Runic Pyramid":17,"Orichalcum":9,"White Beast Statue":54,"Mercury Hourglass":44,"Calling Bell":17,"Peace Pipe":17,"Strange Spoon":21,"Cauldron":42,"DataDisk":23,"Anchor":9,"CaptainsWheel":34,"Bag of Marbles":9,"Membership Card":22,"TungstenRod":8,"FossilizedHelix":0},{"Whetstone":86,"Ginger":148,"Bottled Tornado":83,"Boot":73,"FrozenCore":144,"Old Coin":486,"Blood Vial":254,"Sundial":261,"MealTicket":557,"Fusion Hammer":598,"Necronomicon":105,"Kunai":73,"Pear":184,"Pen Nib":467,"Akabeko":79,"Cables":179,"SlaversCollar":150,"Bird Faced Urn":91,"MutagenicStrength":104,"StrikeDummy":237,"Unceasing Top":132,"Lantern":149,"Regal Pillow":252,"Torii":99,"Singing Bowl":175,"StoneCalendar":489,"Bag of Preparation":291,"Smiling Mask":187,"Cursed Key":190,"Ancient Tea Set":360,"Shovel":91,"Matryoshka":214,"WingedGreaves":105,"Chemical X":69,"InkBottle":99,"Potion Belt":124,"Inserter":128,"Golden Idol":186,"Thread and Needle":91,"PreservedInsect":85,"The Courier":617,"Omamori":435,"Frozen Egg 2":63,"MawBank":77,"Nuclear Battery":106,"Busted Crown":287,"Ornamental Fan":108,"Bloody Idol":348,"Orrery":63,"Turnip":108,"Art of War":179,"Bottled Lightning":262,"Toy Ornithopter":488,"Ice Cream":103,"Mark of the Bloom":110,"Calipers":84,"Gremlin Horn":96,"Nilry\u0027s Codex":124,"CeramicFish":172,"Vajra":188,"Runic Capacitor":160,"Sozu":81,"Centennial Puzzle":95,"Lizard Tail":114,"HornCleat":131,"FaceOfCleric":211,"DollysMirror":135,"Strawberry":185,"Prayer Wheel":63,"Toxic Egg 2":137,"Girya":185,"Happy Flower":347,"Dead Branch":91,"Oddly Smooth Stone":207,"Letter Opener":543,"War Paint":103,"Question Card":155,"WarpedTongs":185,"Du-Vu Doll":96,"OrangePellets":91,"Bottled Flame":318,"Shuriken":115,"Bronze Scales":173,"Molten Egg 2":347,"Black Star":456,"Symbiotic Virus":217,"Pocketwatch":113,"Meat on the Bone":343,"Darkstone Periapt":539,"SacredBark":197,"Enchiridion":473,"Mango":337,"Juzu Bracelet":75,"Incense Burner":108,"Empty Cage":120,"PrismaticShard":457,"ClockworkSouvenir":192,"Frozen Eye":391,"SsserpentHead":533,"Nunchaku":90,"Emotion Chip":117,"Dream Catcher":164,"Mummified Hand":77,"Pantograph":112,"Gambling Chip":114,"Tiny Chest":194,"Red Mask":178,"Cracked Core":0,"Runic Pyramid":303,"Orichalcum":118,"White Beast Statue":517,"Mercury Hourglass":538,"Calling Bell":73,"Peace Pipe":73,"Strange Spoon":75,"Cauldron":563,"DataDisk":102,"Anchor":390,"CaptainsWheel":479,"Bag of Marbles":68,"Membership Card":102,"TungstenRod":141,"FossilizedHelix":295},{"Whetstone":392,"Ginger":722,"Bottled Tornado":372,"Boot":315,"FrozenCore":705,"Old Coin":2578,"Blood Vial":1363,"Sundial":1401,"MealTicket":2917,"Fusion Hammer":3099,"Necronomicon":486,"Kunai":315,"Pear":963,"Pen Nib":2461,"Akabeko":350,"Cables":901,"SlaversCollar":736,"Bird Faced Urn":436,"MutagenicStrength":482,"StrikeDummy":1251,"Unceasing Top":642,"Lantern":727,"Regal Pillow":1350,"Torii":466,"Singing Bowl":874,"StoneCalendar":2602,"Bag of Preparation":1576,"Smiling Mask":978,"Cursed Key":993,"Ancient Tea Set":1954,"Shovel":436,"Matryoshka":1129,"WingedGreaves":486,"Chemical X":295,"InkBottle":466,"Potion Belt":572,"Inserter":623,"Golden Idol":976,"Thread and Needle":436,"PreservedInsect":383,"The Courier":3214,"Omamori":2280,"Frozen Egg 2":274,"MawBank":340,"Nuclear Battery":493,"Busted Crown":1558,"Ornamental Fan":500,"Bloody Idol":1884,"Orrery":274,"Turnip":500,"Art of War":901,"Bottled Lightning":1407,"Toy Ornithopter":2596,"Ice Cream":479,"Mark of the Bloom":508,"Calipers":375,"Gremlin Horn":455,"Nilry\u0027s Codex":572,"CeramicFish":855,"Vajra":981,"Runic Capacitor":787,"Sozu":365,"Centennial Puzzle":449,"Lizard Tail":530,"HornCleat":637,"FaceOfCleric":1108,"DollysMirror":658,"Strawberry":973,"Prayer Wheel":274,"Toxic Egg 2":675,"Girya":973,"Happy Flower":1880,"Dead Branch":436,"Oddly Smooth Stone":1077,"Letter Opener":2863,"War Paint":479,"Question Card":753,"WarpedTongs":973,"Du-Vu Doll":455,"OrangePellets":436,"Bottled Flame":1748,"Shuriken":533,"Bronze Scales":863,"Molten Egg 2":1880,"Black Star":2406,"Symbiotic Virus":1138,"Pocketwatch":517,"Meat on the Bone":1852,"Darkstone Periapt":2841,"SacredBark":1024,"Enchiridion":2491,"Mango":1832,"Juzu Bracelet":323,"Incense Burner":500,"Empty Cage":556,"PrismaticShard":2416,"ClockworkSouvenir":999,"Frozen Eye":2094,"SsserpentHead":2813,"Nunchaku":433,"Emotion Chip":541,"Dream Catcher":800,"Mummified Hand":340,"Pantograph":515,"Gambling Chip":530,"Tiny Chest":1005,"Red Mask":896,"Cracked Core":0,"Runic Pyramid":1643,"Orichalcum":543,"White Beast Statue":2747,"Mercury Hourglass":2837,"Calling Bell":315,"Peace Pipe":315,"Strange Spoon":323,"Cauldron":2930,"DataDisk":476,"Anchor":2091,"CaptainsWheel":2530,"Bag of Marbles":293,"Membership Card":476,"TungstenRod":690,"FossilizedHelix":1608}],"InkBottle":[1]},"card_choices":[{"not_picked":["Force Field","Redo"],"picked":"Coolheaded","floor":1},{"not_picked":["Genetic Algorithm","FTL","Beam Cell"],"picked":"SKIP","floor":2},{"not_picked":["Rebound","Streamline"],"picked":"Conserve Battery","floor":4},{"not_picked":["Steam","Stack"],"picked":"Defragment","floor":5},{"not_picked":["Compile Driver","Coolheaded","Rainbow"],"picked":"SKIP","floor":7},{"not_picked":["Rebound","Sweeping Beam"],"picked":"Cold Snap","floor":10},{"not_picked":["Turbo","Heatsinks"],"picked":"Leap","floor":13},{"not_picked":["Sunder","Aggregate"],"picked":"BootSequence","floor":18},{"not_picked":["Rebound","Leap"],"picked":"Chill+1","floor":20},{"not_picked":["Redo","Gash+1"],"picked":"Capacitor","floor":21},{"not_picked":["Recycle+1","Redo","Fusion+1"],"picked":"SKIP","floor":22},{"not_picked":["Streamline+1","Go for the Eyes+1"],"picked":"Capacitor","floor":28},{"not_picked":["Hologram","Ball Lightning"],"picked":"Loop","floor":29},{"not_picked":["Redo+1","Skim"],"picked":"Blizzard","floor":30},{"not_picked":["Aggregate","Reinforced Body","Heatsinks"],"picked":"SKIP","floor":31},{"not_picked":["Rainbow","Machine Learning"],"picked":"Seek","floor":33},{"not_picked":["Chaos+1","Conserve Battery+1","Beam Cell+1"],"picked":"SKIP","floor":35},{"not_picked":["Ball Lightning+1","Steam","Streamline+1"],"picked":"SKIP","floor":37},{"not_picked":["Compile Driver","Go for the Eyes","Blizzard+1"],"picked":"SKIP","floor":41},{"not_picked":["Creative AI","Streamline","Tempest"],"picked":"SKIP","floor":42},{"not_picked":["Capacitor","Steam","Stack"],"picked":"SKIP","floor":46}],"player_experience":715826,"relics_obtained":[{"floor":7,"key":"CeramicFish"},{"floor":9,"key":"Happy Flower"},{"floor":24,"key":"Enchiridion"},{"floor":26,"key":"Matryoshka"},{"floor":30,"key":"The Courier"},{"floor":39,"key":"Peace Pipe"},{"floor":43,"key":"Lantern"},{"floor":43,"key":"Orichalcum"},{"floor":45,"key":"Letter Opener"},{"floor":49,"key":"Pen Nib"},{"floor":52,"key":"InkBottle"}],"event_choices":[{"cards_removed":["Strike_B"],"damage_healed":0,"gold_gain":0,"player_choice":"Card Removal","damage_taken":0,"max_hp_gain":0,"max_hp_loss":0,"event_name":"The Cleric","floor":14,"gold_loss":50},{"damage_healed":0,"gold_gain":0,"player_choice":"Obtained Book","damage_taken":16,"max_hp_gain":0,"max_hp_loss":0,"event_name":"Cursed Tome","floor":24,"gold_loss":0},{"damage_healed":0,"gold_gain":275,"player_choice":"Desecrate","damage_taken":0,"max_hp_gain":0,"max_hp_loss":0,"event_name":"Golden Shrine","floor":25,"gold_loss":0,"cards_obtained":["Regret"]},{"damage_healed":0,"gold_gain":0,"player_choice":"Max HP","damage_taken":0,"max_hp_gain":0,"max_hp_loss":4,"event_name":"Winding Halls","floor":38,"gold_loss":0},{"damage_healed":0,"gold_gain":0,"player_choice":"Fight","damage_taken":0,"max_hp_gain":0,"max_hp_loss":0,"event_name":"MindBloom","floor":39,"gold_loss":0},{"damage_healed":0,"gold_gain":0,"player_choice":"Ignored","damage_taken":0,"max_hp_gain":0,"max_hp_loss":0,"event_name":"Mysterious Sphere","floor":48,"gold_loss":0}],"is_beta":false,"boss_relics":[{"not_picked":["Calling Bell","Philosopher\u0027s Stone"],"picked":"SlaversCollar"},{"not_picked":["Cursed Key","Runic Pyramid"],"picked":"Inserter"}],"items_purged_floors":[3,19,29,44],"is_endless":false,"potions_floor_spawned":[4,5,10,20,22,28,37,39,46],"killed_by":"Shield and Spear","ascension_level":0}}