{"host":"h8l1uc7c2i19r904","time":1608766949,"event":{"mods":["AchievementEnabler","BaseMod","Colored Map","Colored Powertips","Downfall","Minty Spire (QoL Compilation)","Quick Restart","Replay The Spire","StSLib","SuperFastMode"],"gold_per_floor":[117,117,164,178,34,66,66,78,103,103,103,114,139,150,150,253,253,270,270,270,185,185,215,235,22,70,70,99,125,144,160,160,160,160],"floor_reached":33,"playtime":1442,"items_purged":["Looming Evil"],"score":333,"play_id":"299677d0-7020-4401-8746-fdfc9699398a","local_time":"20201223154229","is_ascension_mode":false,"campfire_choices":[{"data":"Eruption","floor":7,"key":"SMITH"},{"data":"Pot Of Greed","floor":10,"key":"SMITH"},{"data":"Replay:Many Hands","floor":15,"key":"SMITH"},{"data":"Pot Of Greed","floor":27,"key":"SMITH"},{"data":"Pot Of Greed","floor":32,"key":"SMITH"}],"circlet_count":0,"master_deck":["Strike_R+1","Strike_R","Strike_R","Strike_R","Strike_R","Defend_R","Defend_R","Defend_R","Defend_R","Rage","Eruption+1","Flex","Pot Of Greed+1","Pot Of Greed+1","Clash","Bloodletting","Replay:Many Hands+1","Heavy Blade","Limit Break","Evolve+1","Ghostly","Ghostly","Ghostly","Ghostly","Ghostly","Pot Of Greed+1","ReplayReversal+1","Metallicize","Flex+1","expansioncontent:DarkVoid","Looming Evil","Anger","Warcry","Flex"],"relics":["NeowsBlessing","Replay:M_SmolderingBlood","King of Hearts","ClockworkSouvenir","Grinning Jar","Replay:Rubber Ducky","ReplayTheSpireMod:TigerMarble","Cursed Key","Charon\u0027s Ashes","ReplayTheSpireMod:Ring of Collecting","Ring of Misfortune","Oddly Smooth Stone","ReplayTheSpireMod:Ring of Addiction","Tiny Chest","SacredBark","Chameleon Ring","Red Mask","Orichalcum"],"acts_visited":["Exordium","TheCity"],"potions_floor_usage":[18,29,29,29,33],"damage_taken":[{"damage":0,"enemies":"Jaw Worm","floor":1,"turns":1},{"damage":0,"enemies":"2 Louse","floor":4,"turns":1},{"damage":0,"enemies":"3 Sentries","floor":6,"turns":2},{"damage":6,"enemies":"Small Slimes","floor":8,"turns":3},{"damage":19,"enemies":"3 Louse","floor":12,"turns":2},{"damage":3,"enemies":"Looter","floor":14,"turns":2},{"damage":24,"enemies":"The Guardian","floor":16,"turns":4},{"damage":25,"enemies":"3 Byrds","floor":18,"turns":6},{"damage":6,"enemies":"Replay:Snechameleon","floor":23,"turns":7},{"damage":1,"enemies":"Chosen","floor":24,"turns":4},{"damage":0,"enemies":"Masked Bandits","floor":28,"turns":6},{"damage":8,"enemies":"Book of Stabbing","floor":29,"turns":5},{"damage":0,"enemies":"Snake Plant","floor":30,"turns":3},{"damage":0,"enemies":"Shelled Parasite and Fungi","floor":31,"turns":3},{"damage":53,"enemies":"Champ","floor":33,"turns":7}],"seed_played":"6508835884303812643","potions_obtained":[{"floor":3,"key":"Regen Potion"},{"floor":3,"key":"EssenceOfSteel"},{"floor":4,"key":"SkillPotion"},{"floor":18,"key":"ColorlessPotion"},{"floor":30,"key":"Weak Potion"}],"is_trial":false,"path_per_floor":["M","?","?","M","$","E","R","M","T","R","?","M","T","M","R","B",null,"M","?","?","?","?","E","M","$","T","R","?","E","M","M","R","B"],"character_chosen":"IRONCLAD","items_purchased":["ClockworkSouvenir","Flex+1","expansioncontent:DarkVoid"],"campfire_rested":0,"item_purchase_floors":[5,25,25],"current_hp_per_floor":[80,80,80,80,80,80,80,74,74,74,74,55,55,52,52,28,80,55,40,40,40,40,34,33,33,33,33,33,38,38,38,38,0,0],"gold":160,"neow_bonus":"THREE_ENEMY_KILL","is_daily":false,"chose_seed":false,"campfire_upgraded":5,"win_rate":0.0,"timestamp":1608766949,"path_taken":["M","?","?","M","$","E","R","M","T","R","?","M","?","?","R","BOSS","M","?","?","?","?","E","M","?","T","R","?","E","M","M","R","BOSS"],"items_purchased_type":["Relic","Card","Card"],"build_version":"2020-12-22","purchased_purges":1,"victory":false,"max_hp_per_floor":[80,80,80,80,80,80,80,80,80,80,80,80,80,80,80,80,80,80,40,40,40,40,40,40,40,40,40,40,40,40,40,40,38,38],"card_choices":[{"not_picked":["Havoc","Run Through"],"picked":"Rage","floor":1},{"not_picked":["Thunderclap","Crescendo"],"picked":"Flex","floor":3},{"not_picked":["Perfected Strike","Shrug It Off","ReplayTheSpireMod:Stacked"],"picked":"SKIP","floor":4},{"not_picked":["Intimidate","ReplayTheSpireMod:LeadingStrike"],"picked":"Clash","floor":6},{"not_picked":["Carnage","Iron Wave"],"picked":"Bloodletting","floor":8},{"not_picked":["Clothesline","Warcry"],"picked":"Replay:Many Hands","floor":12},{"not_picked":["ReplayTheSpireMod:Strike From Hell","FlyingSleeves"],"picked":"Heavy Blade","floor":14},{"not_picked":["Brutality","Eclipse"],"picked":"Limit Break","floor":16},{"not_picked":["Replay:Undeath\u0027s Touch+1","Blood for Blood+1"],"picked":"Evolve+1","floor":18},{"not_picked":["Thunderclap","Run Through"],"picked":"ReplayReversal+1","floor":23},{"not_picked":["Rupture","Thunderclap"],"picked":"Metallicize","floor":24},{"not_picked":["Body Slam","Heavy Blade"],"picked":"Anger","floor":28},{"not_picked":["Disarm","Warcry","Thunderclap"],"picked":"SKIP","floor":29},{"not_picked":["Disarm","Thunderclap"],"picked":"Warcry","floor":29},{"not_picked":["Rupture","Armaments"],"picked":"Flex","floor":30},{"not_picked":["Carnage+1","Metallicize+1","Armaments"],"picked":"SKIP","floor":31}],"player_experience":121547,"relics_obtained":[{"floor":3,"key":"King of Hearts"},{"floor":6,"key":"Grinning Jar"},{"floor":9,"key":"Replay:Rubber Ducky"},{"floor":13,"key":"ReplayTheSpireMod:TigerMarble"},{"floor":22,"key":"ReplayTheSpireMod:Ring of Collecting"},{"floor":22,"key":"Ring of Misfortune"},{"floor":23,"key":"Oddly Smooth Stone"},{"floor":26,"key":"ReplayTheSpireMod:Ring of Addiction"},{"floor":26,"key":"Tiny Chest"},{"floor":26,"key":"SacredBark"},{"floor":26,"key":"Chameleon Ring"},{"floor":28,"key":"Red Mask"},{"floor":29,"key":"Orichalcum"}],"event_choices":[{"damage_healed":0,"gold_gain":0,"player_choice":"Became a Ghost","damage_taken":0,"max_hp_gain":0,"max_hp_loss":40,"event_name":"Ghosts","floor":19,"gold_loss":0,"cards_obtained":["Ghostly","Ghostly","Ghostly","Ghostly","Ghostly"]},{"damage_healed":0,"gold_gain":0,"player_choice":"Obtained Relic","damage_taken":0,"relics_obtained":["Charon\u0027s Ashes"],"max_hp_gain":0,"max_hp_loss":0,"event_name":"Addict","floor":21,"gold_loss":85},{"damage_healed":0,"gold_gain":0,"player_choice":"Fought Bandits","damage_taken":0,"max_hp_gain":0,"max_hp_loss":0,"event_name":"Masked Bandits","floor":28,"gold_loss":0}],"is_beta":false,"boss_relics":[{"not_picked":["Runic Pyramid","Ectoplasm"],"picked":"Cursed Key"}],"items_purged_floors":[25],"is_endless":false,"potions_floor_spawned":[4,6,12,18,30],"killed_by":"Champ","ascension_level":0}}