{"host":"758m3734uc3348yu","time":1608692775,"event":{"mods":["BaseMod","Beaked The Cultist","BetterRewards","Clockwork Mod","Downfall","Hubris","Minty Spire (QoL Compilation)","Replay The Spire","Spicy Shops","StSLib","The Cursed","The Gatherer"],"gold_per_floor":[99,109,109,120,138,152,152,168,168,168,30,40,58,58,73,73,73,73],"floor_reached":16,"playtime":2854,"items_purged":[],"score":96,"play_id":"61817e04-2401-4fff-bd37-b46c4b6c05cf","local_time":"20201222210615","is_ascension_mode":false,"campfire_choices":[{"floor":1,"key":"DIG"},{"data":"1","floor":9,"key":"LIFT"}],"circlet_count":0,"master_deck":["hexamod:Strike","hexamod:Strike","hexamod:Strike","hexamod:Strike","hexamod:Defend","hexamod:Defend","hexamod:Defend","hexamod:Defend","hexamod:Sear","hexamod:Float","hexamod:NightmareGuise","hexamod:PhantomFireball","hexamod:GhostShield","hexamod:SpectersWail","hexamod:Haunt","Battle Trance","champ:HoldFirm","hubris:DuctTapeCard","sneckomod:UnknownStrike"],"relics":["hexamod:SpiritBrand","Girya","Ice Cream","PrismaticShard","hubris:DuctTape"],"acts_visited":["Exordium"],"potions_floor_usage":[13,13,16],"damage_taken":[{"damage":10,"enemies":"Small Slimes","floor":2,"turns":3},{"damage":7,"enemies":"Cultist","floor":4,"turns":5},{"damage":0,"enemies":"Jaw Worm","floor":5,"turns":3},{"damage":1,"enemies":"2 Fungi Beasts","floor":6,"turns":4},{"damage":0,"enemies":"Large Slime","floor":8,"turns":7},{"damage":4,"enemies":"downfall:FleeingMerchant","floor":11,"turns":4},{"damage":0,"enemies":"Red Slaver","floor":12,"turns":4},{"damage":0,"enemies":"Exordium Thugs","floor":13,"turns":10},{"damage":8,"enemies":"3 Louse","floor":15,"turns":4},{"damage":28,"enemies":"downfall:Ironclad","floor":16,"turns":9}],"seed_played":"7058693234003912636","potions_obtained":[{"floor":2,"key":"Dexterity Potion"},{"floor":8,"key":"Block Potion"},{"floor":12,"key":"CultistPotion"},{"floor":13,"key":"SteroidPotion"}],"is_trial":false,"path_per_floor":["R","M","?","M","M","M","T","M","R","?","$","M","M","?","M","B"],"character_chosen":"THE_SPIRIT","items_purchased":["Replay:SS_hec_2"],"campfire_rested":0,"item_purchase_floors":[11],"current_hp_per_floor":[77,67,67,60,60,59,59,59,59,59,55,55,55,43,35,7,7,7],"gold":73,"neow_bonus":"TEN_PERCENT_HP_BONUS","is_daily":false,"chose_seed":false,"campfire_upgraded":0,"win_rate":0.0,"timestamp":1608692775,"path_taken":["R","M","?","M","?","M","T","M","R","?","$","M","M","?","M","BOSS"],"items_purchased_type":["Card"],"build_version":"2020-12-13","purchased_purges":0,"victory":false,"max_hp_per_floor":[77,77,77,77,77,77,77,77,77,77,77,77,77,77,77,77,77,77],"card_choices":[{"not_picked":["hexamod:GhostOfSpireFuture","hexamod:HauntingEcho"],"picked":"hexamod:NightmareGuise","floor":2},{"not_picked":["hexamod:Again","hexamod:InspiringFlames"],"picked":"hexamod:PhantomFireball","floor":4},{"not_picked":["hexamod:GhostLash","hexamod:InspiringFlames"],"picked":"hexamod:GhostShield","floor":5},{"not_picked":["hexamod:NecessarySacrifice","hexamod:NightmareStrike"],"picked":"hexamod:SpectersWail","floor":6},{"not_picked":["hexamod:BacktrackSmack","hexamod:Rewind"],"picked":"hexamod:Haunt","floor":8},{"not_picked":["Evaluate","Slimebound:SlimeSpikes"],"picked":"Battle Trance","floor":11},{"not_picked":["beaked:FeelMyPain","Slimebound:LeechingTouch"],"picked":"champ:HoldFirm","floor":12},{"not_picked":["Backflip","beaked:BarbedWire"],"picked":"Guardian:ArmoredProtocol","floor":13},{"not_picked":["SignatureMove","Guardian:PolyBeam"],"picked":"sneckomod:UnknownStrike","floor":15}],"player_experience":168155,"relics_obtained":[{"floor":1,"key":"Girya"},{"floor":7,"key":"Ice Cream"}],"event_choices":[{"damage_healed":0,"gold_gain":0,"player_choice":"Ignored","damage_taken":0,"max_hp_gain":0,"max_hp_loss":0,"event_name":"Purifier","floor":3,"gold_loss":0},{"damage_healed":0,"gold_gain":0,"player_choice":"Success","damage_taken":12,"relics_obtained":["hubris:DuctTape"],"max_hp_gain":0,"max_hp_loss":0,"event_name":"Scrap Ooze","floor":14,"gold_loss":0}],"is_beta":false,"boss_relics":[],"items_purged_floors":[],"is_endless":false,"potions_floor_spawned":[2,8,12,13],"killed_by":"downfall:Ironclad","ascension_level":0}}