{"host":"3jpwrwmmgyabjceh","time":1608734626,"event":{"mods":["AchievementEnabler","BaseMod","Colored Map","Colored Powertips","Highlight Path","Minty Spire (QoL Compilation)","Quick Restart","StSLib"],"gold_per_floor":[114,180,180,180,81,113,130,130,130,157,168,133,33,46,46,149,149,167,167,42,141,160,160,192,192,192,192,192,192,7,35,35,135,135,150,150,150,165,175,175,193,193,193,39,39,64,83,83,83,83,83],"floor_reached":50,"playtime":1415,"items_purged":["Strike_R","Strike_R","Strike_R","Strike_R"],"score":646,"play_id":"9df64bcb-12de-4c49-923c-ff8c2732af64","local_time":"20201223174346","is_ascension_mode":true,"campfire_choices":[{"floor":8.0,"key":"REST"},{"data":"Limit Break","floor":15.0,"key":"SMITH"},{"data":"Demon Form","floor":23.0,"key":"SMITH"},{"data":"Heavy Blade","floor":25.0,"key":"SMITH"},{"floor":27.0,"key":"REST"},{"data":"Heavy Blade","floor":29.0,"key":"SMITH"},{"data":"Battle Trance","floor":32.0,"key":"SMITH"},{"data":"Limit Break","floor":40,"key":"SMITH"},{"data":"Ghostly Armor","floor":42,"key":"SMITH"},{"data":"Ghostly Armor","floor":45,"key":"SMITH"},{"floor":49,"key":"RECALL"}],"circlet_count":0,"master_deck":["Defend_R","Defend_R","Defend_R","Defend_R+1","Bash+1","Carnage","Cleave+1","Twin Strike","Limit Break+1","Demon Form+1","Heavy Blade+1","Battle Trance+1","Heavy Blade+1","Whirlwind","Limit Break+1","Ghostly Armor+1","Shrug It Off+1","Ghostly Armor+1","Bloodletting+1"],"relics":["Burning Blood","Meat on the Bone","Self Forming Clay","MealTicket","SlaversCollar","Darkstone Periapt","HornCleat","Red Mask","Philosopher\u0027s Stone","Happy Flower","Eternal Feather","Mummified Hand"],"acts_visited":["Exordium","TheCity","TheBeyond"],"potions_floor_usage":[39,47,50],"damage_taken":[{"damage":5.0,"enemies":"Small Slimes","floor":1.0,"turns":4.0},{"damage":16.0,"enemies":"Gremlin Nob","floor":6.0,"turns":3.0},{"damage":12.0,"enemies":"Jaw Worm","floor":7.0,"turns":3.0},{"damage":37.0,"enemies":"Lagavulin","floor":10.0,"turns":4.0},{"damage":0.0,"enemies":"2 Louse","floor":11.0,"turns":2.0},{"damage":0.0,"enemies":"Large Slime","floor":14.0,"turns":4.0},{"damage":44.0,"enemies":"The Guardian","floor":16.0,"turns":6.0},{"damage":28.0,"enemies":"Shell Parasite","floor":18.0,"turns":4.0},{"damage":21.0,"enemies":"3 Byrds","floor":22.0,"turns":6.0},{"damage":46.0,"enemies":"Gremlin Leader","floor":24.0,"turns":5.0},{"damage":20.0,"enemies":"Masked Bandits","floor":31.0,"turns":4.0},{"damage":31.0,"enemies":"Collector","floor":33.0,"turns":5.0},{"damage":32.0,"enemies":"3 Darklings","floor":35.0,"turns":4.0},{"damage":4.0,"enemies":"Orb Walker","floor":38.0,"turns":3.0},{"damage":39,"enemies":"4 Shapes","floor":39,"turns":7},{"damage":12,"enemies":"Writhing Mass","floor":41,"turns":3},{"damage":22,"enemies":"Reptomancer","floor":46,"turns":4},{"damage":5,"enemies":"Maw","floor":47,"turns":5},{"damage":79,"enemies":"Donu and Deca","floor":50,"turns":6}],"seed_played":"8999848071658046039","potions_obtained":[{"floor":1.0,"key":"BlessingOfTheForge"},{"floor":10.0,"key":"Strength Potion"},{"floor":11.0,"key":"EntropicBrew"},{"floor":18.0,"key":"SkillPotion"},{"floor":24.0,"key":"Block Potion"},{"floor":33.0,"key":"Explosive Potion"},{"floor":35.0,"key":"BlessingOfTheForge"},{"floor":46,"key":"EssenceOfSteel"},{"floor":47,"key":"LiquidMemories"}],"is_trial":false,"path_per_floor":["M","?","?","?","$","E","M","R","T","E","M","?","$","M","R","B",null,"M","?","$","?","M","R","E","R","T","R","?","R","$","?","R","B",null,"M","?","$","M","M","R","M","R","T","$","R","E","M","T","R","B"],"character_chosen":"IRONCLAD","items_purchased":["Twin Strike","Whirlwind","Happy Flower"],"campfire_rested":2,"item_purchase_floors":[5,30,44],"current_hp_per_floor":[80,80,64,64,64,54,48,72,72,53,59,79,80,80,80,54,74,61,61,76,76,61,61,33,33,33,57,57,57,72,58,58,45,71,57,57,72,74,53,53,47,47,47,62,62,58,59,59,68,0,0],"gold":83,"neow_bonus":"TRANSFORM_CARD","is_daily":false,"chose_seed":false,"campfire_upgraded":8,"win_rate":0.0,"timestamp":1608734626,"path_taken":["M","?","?","?","$","E","M","R","T","E","M","?","$","M","R","BOSS","M","?","$","?","M","R","E","R","T","R","?","R","$","?","R","BOSS","M","?","$","M","?","R","M","R","T","$","R","E","M","?","R","BOSS"],"items_purchased_type":["Card","Card","Relic"],"build_version":"2020-12-22","purchased_purges":4,"victory":false,"max_hp_per_floor":[80,80,80,80,80,80,80,80,80,80,80,80,80,80,80,80,80,80,80,80,80,80,80,80,80,80,80,80,80,80,80,80,80,80,80,80,80,80,80,80,80,80,80,80,80,80,80,80,80,80,80],"card_choices":[{"not_picked":["Sentinel","Entrench"],"picked":"Cleave","floor":1.0},{"not_picked":["Body Slam","Reaper"],"picked":"Limit Break","floor":6.0},{"not_picked":["Dropkick","Feel No Pain","Armaments"],"picked":"SKIP","floor":7.0},{"not_picked":["Shrug It Off","Hemokinesis"],"picked":"Demon Form","floor":10.0},{"not_picked":["Sword Boomerang","Clothesline"],"picked":"Heavy Blade","floor":11.0},{"not_picked":["Cleave","Hemokinesis","Burning Pact"],"picked":"SKIP","floor":14.0},{"not_picked":["Warcry","Intimidate"],"picked":"Battle Trance","floor":18.0},{"not_picked":["Carnage","Second Wind","Perfected Strike"],"picked":"SKIP","floor":22.0},{"not_picked":["Dark Embrace+1","Burning Pact","Twin Strike+1"],"picked":"SKIP","floor":24.0},{"not_picked":["Offering","Double Tap"],"picked":"Limit Break","floor":33.0},{"not_picked":["Rupture","Blood for Blood+1","Wild Strike+1"],"picked":"SKIP","floor":35.0},{"not_picked":["Armaments+1","Warcry"],"picked":"Ghostly Armor","floor":38.0},{"not_picked":["Havoc+1","Fire Breathing+1"],"picked":"Shrug It Off+1","floor":39},{"not_picked":["Fire Breathing+1","Body Slam"],"picked":"Ghostly Armor","floor":41},{"not_picked":["Twin Strike","Combust+1","Body Slam+1"],"picked":"SKIP","floor":46},{"not_picked":["Wild Strike+1","Sever Soul+1"],"picked":"Bloodletting+1","floor":47}],"player_experience":258660,"relics_obtained":[{"floor":6.0,"key":"Meat on the Bone"},{"floor":9.0,"key":"Self Forming Clay"},{"floor":10.0,"key":"MealTicket"},{"floor":24.0,"key":"Darkstone Periapt"},{"floor":26.0,"key":"HornCleat"},{"floor":31.0,"key":"Red Mask"},{"floor":46,"key":"Eternal Feather"},{"floor":48,"key":"Mummified Hand"}],"event_choices":[{"damage_healed":0.0,"max_hp_gain":0.0,"max_hp_loss":0.0,"gold_gain":66.0,"event_name":"Golden Wing","player_choice":"Gained Gold","floor":2.0,"gold_loss":0.0,"damage_taken":0.0},{"damage_healed":0.0,"max_hp_gain":0.0,"max_hp_loss":0.0,"gold_gain":0.0,"event_name":"Shining Light","player_choice":"Entered Light","floor":3.0,"gold_loss":0.0,"damage_taken":16.0,"cards_upgraded":["Bash","Defend_R"]},{"damage_healed":0.0,"max_hp_gain":0.0,"max_hp_loss":0.0,"gold_gain":0.0,"event_name":"Living Wall","player_choice":"Grow","floor":4.0,"gold_loss":0.0,"damage_taken":0.0,"cards_upgraded":["Cleave"]},{"damage_healed":20.0,"max_hp_gain":0.0,"max_hp_loss":0.0,"gold_gain":0.0,"event_name":"The Cleric","player_choice":"Healed","floor":12.0,"gold_loss":35.0,"damage_taken":0.0},{"damage_healed":0.0,"max_hp_gain":0.0,"max_hp_loss":0.0,"gold_gain":0.0,"event_name":"Ghosts","player_choice":"Ignored","floor":19.0,"gold_loss":0.0,"damage_taken":0.0},{"damage_healed":0.0,"max_hp_gain":0.0,"max_hp_loss":0.0,"gold_gain":99.0,"event_name":"Nest","player_choice":"Stole From Cult","floor":21.0,"gold_loss":0.0,"damage_taken":0.0},{"damage_healed":0.0,"max_hp_gain":0.0,"max_hp_loss":0.0,"gold_gain":0.0,"event_name":"The Library","player_choice":"Read","floor":28.0,"gold_loss":0.0,"damage_taken":0.0,"cards_obtained":["Heavy Blade"]},{"damage_healed":0.0,"max_hp_gain":0.0,"max_hp_loss":0.0,"gold_gain":0.0,"event_name":"Masked Bandits","player_choice":"Fought Bandits","floor":31.0,"gold_loss":0.0,"damage_taken":0.0},{"damage_healed":0.0,"max_hp_gain":0.0,"max_hp_loss":0.0,"gold_gain":0.0,"event_name":"SecretPortal","player_choice":"Ignored","floor":36.0,"gold_loss":0.0,"damage_taken":0.0}],"is_beta":false,"boss_relics":[{"not_picked":["Runic Cube","Tiny House"],"picked":"SlaversCollar"},{"not_picked":["Runic Dome","Busted Crown"],"picked":"Philosopher\u0027s Stone"}],"items_purged_floors":[5,13,20,30],"is_endless":false,"potions_floor_spawned":[1,10,11,18,24,33,35,46,47],"killed_by":"Donu and Deca","ascension_level":5}}