{"host":"59ckh7bj2z84pzgo","time":1608715494,"event":{"mods":["BaseMod","Better Vampires","Marked Mod","Minty Spire (QoL Compilation)","Replay The Spire","Spicy Shops","StSLib","TestMod","¡¾ÒÅÎï¿¨ÅÆ¡¿REMEMod"],"gold_per_floor":[117,127,138,138,138,171,239,271,271,298,366,399,413,429,429,501,501,520,620,670,738,751,751,783,793,793,820,795,820,820,785,785,862,862,873,923,934,984,1034,1034,1059,1059,1059,1129,1139,1189,1215,1225,1225,1225,1225],"floor_reached":52,"playtime":2430,"items_purged":[],"score":2135,"play_id":"76f1eb2a-ce6f-4154-a221-87a72b486a3c","local_time":"20201223172454","is_ascension_mode":true,"campfire_choices":[{"data":"Armaments","floor":15.0,"key":"SMITH"},{"data":"Corruption","floor":23.0,"key":"SMITH"},{"data":"Dark Embrace","floor":30.0,"key":"SMITH"},{"data":"Body Slam","floor":32.0,"key":"SMITH"},{"data":"ReplayReversal","floor":40.0,"key":"SMITH"},{"data":"Entrench","floor":42.0,"key":"SMITH"},{"data":"Disarm","floor":49,"key":"SMITH"}],"circlet_count":0,"master_deck":["AscendersBane","Strike_R","Strike_R","Strike_R","Defend_R","Defend_R","Defend_R","Bash+1","Impervious","Entrench+1","Pommel Strike","Exhume","Second Wind","Brutality","Blood for Blood","Armaments+1","Offering","Body Slam+1","ReplayReversal+1","Corruption+1","True Grit","Dark Embrace+1","Juggernaut","Shrug It Off","Double Tap","Madness","Madness","Amnesia","Disarm+1"],"relics":["Burning Blood","REME_ComplimentaryCards","testmod-TestBox","testmod-Brilliant","SsserpentHead","testmod-Justice","Orichalcum","testmod-ThousandKnives","testmod-D¨¦j¨¤vu","testmod-CardMagician","Toy Ornithopter","Snack Pack","Another Sword","Garlic","MealTicket","Replay:Bronze Core","ReplayTheSpireMod:Ring of Challenge","ReplayTheSpireMod:Ring of Addiction","Potion Belt","White Beast Statue","Dead Branch","Dream Catcher","REME_LimitBreaker","Replay:Mystery Machine"],"acts_visited":["Exordium","TheCity","TheBeyond"],"potions_floor_usage":[48,51],"damage_taken":[{"damage":7.0,"enemies":"Jaw Worm","floor":1.0,"turns":2.0},{"damage":0.0,"enemies":"2 Louse","floor":2.0,"turns":1.0},{"damage":1.0,"enemies":"Cultist","floor":3.0,"turns":3.0},{"damage":49.0,"enemies":"Lagavulin","floor":6.0,"turns":7.0},{"damage":0.0,"enemies":"Gremlin Gang","floor":7.0,"turns":1.0},{"damage":0.0,"enemies":"3 Sentries","floor":8.0,"turns":2.0},{"damage":41.0,"enemies":"Lagavulin","floor":10.0,"turns":6.0},{"damage":0.0,"enemies":"Exordium Thugs","floor":11.0,"turns":1.0},{"damage":23.0,"enemies":"Gremlin Nob","floor":12.0,"turns":4.0},{"damage":2.0,"enemies":"Large Slime","floor":13.0,"turns":3.0},{"damage":0.0,"enemies":"Exordium Wildlife","floor":14.0,"turns":1.0},{"damage":13.0,"enemies":"Slime Boss","floor":16.0,"turns":4.0},{"damage":0.0,"enemies":"Spheric Guardian","floor":18.0,"turns":2.0},{"damage":0.0,"enemies":"3 Byrds","floor":21.0,"turns":1.0},{"damage":0.0,"enemies":"Snake Plant","floor":22.0,"turns":3.0},{"damage":6.0,"enemies":"Gremlin Leader","floor":24.0,"turns":2.0},{"damage":0.0,"enemies":"Sentry and Sphere","floor":25.0,"turns":1.0},{"damage":0.0,"enemies":"Slavers","floor":27.0,"turns":1.0},{"damage":21.0,"enemies":"Book of Stabbing","floor":29.0,"turns":3.0},{"damage":29.0,"enemies":"Champ","floor":33.0,"turns":7.0},{"damage":6.0,"enemies":"Orb Walker","floor":35.0,"turns":2.0},{"damage":0.0,"enemies":"3 Shapes","floor":37.0,"turns":1.0},{"damage":0.0,"enemies":"Reptomancer","floor":41.0,"turns":1.0},{"damage":6.0,"enemies":"Giant Head","floor":44.0,"turns":2.0},{"damage":0.0,"enemies":"Maw","floor":45.0,"turns":2.0},{"damage":12,"enemies":"R_Hoarder","floor":47,"turns":3},{"damage":13,"enemies":"Transient","floor":48,"turns":5},{"damage":10,"enemies":"Donu and Deca","floor":50,"turns":3},{"damage":12,"enemies":"Replay:Hell Engine","floor":51,"turns":4}],"seed_played":"-7547833850365818206","potions_obtained":[{"floor":2.0,"key":"EntropicBrew"},{"floor":7.0,"key":"DistilledChaos"},{"floor":8.0,"key":"ColorlessPotion"},{"floor":11.0,"key":"Death Potion"},{"floor":12.0,"key":"Venom Potion"},{"floor":22.0,"key":"Explosive Potion"},{"floor":25.0,"key":"BlessingOfTheForge"},{"floor":29.0,"key":"BlessingOfTheForge"},{"floor":33.0,"key":"DuplicationPotion"},{"floor":39.0,"key":"CultistPotion"},{"floor":39.0,"key":"testmod-EscapePotion"},{"floor":41.0,"key":"Fire Potion"},{"floor":44.0,"key":"Elixir"},{"floor":45.0,"key":"SneckoOil"},{"floor":47,"key":"Adrenaline Potion"},{"floor":48,"key":"LifebloodPotion"}],"is_trial":false,"path_per_floor":["M","M","M","?","?","E","M","E","T","E","M","E","M","M","R","B",null,"M","?","?","M","M","R","E","M","T","E","?","E","R","?","R","B",null,"M","?","M","?","?","R","E","R","T","E","M","?","E","M","R","B","B",null],"character_chosen":"IRONCLAD","items_purchased":[],"campfire_rested":0,"item_purchase_floors":[],"current_hp_per_floor":[67,73,75,80,80,37,43,49,49,30,36,19,23,29,29,22,66,72,72,72,78,80,80,80,80,80,80,80,72,72,72,72,63,76,76,76,80,66,66,66,72,72,72,78,78,78,76,77,77,78,76],"gold":1225,"neow_bonus":"UPGRADE_CARD","is_daily":false,"chose_seed":false,"campfire_upgraded":7,"win_rate":0.0,"timestamp":1608715494,"path_taken":["M","M","M","?","?","E","?","E","T","E","?","E","M","M","R","BOSS","M","?","?","?","M","R","E","M","T","E","?","E","R","?","R","BOSS","M","?","M","?","?","R","E","R","T","E","M","?","E","M","R","BOSS","BOSS"],"items_purchased_type":[],"build_version":"2020-12-22","purchased_purges":0,"victory":true,"max_hp_per_floor":[75,75,75,80,80,80,80,80,80,80,80,80,80,80,80,80,80,80,80,80,80,80,80,80,80,80,80,80,80,80,80,80,80,80,80,80,80,80,80,80,80,80,78,78,78,78,78,78,78,78,78],"card_choices":[{"not_picked":["Pommel Strike","Heavy Blade"],"picked":"Entrench","floor":1.0},{"not_picked":["Flex","Perfected Strike"],"picked":"Pommel Strike","floor":2.0},{"not_picked":["Shrug It Off","Pommel Strike"],"picked":"Exhume","floor":3.0},{"not_picked":["Havoc","Run Through"],"picked":"Second Wind","floor":6.0},{"not_picked":["Clash","Heavy Blade","Wild Strike"],"picked":"SKIP","floor":7.0},{"not_picked":["Metallicize","True Grit"],"picked":"Brutality","floor":8.0},{"not_picked":["Disarm","Dual Wield"],"picked":"Blood for Blood","floor":10.0},{"not_picked":["ReplayTheSpireMod:Strike From Hell","Thunderclap"],"picked":"Armaments","floor":11.0},{"not_picked":["Carnage","Sentinel"],"picked":"Offering","floor":12.0},{"not_picked":["Clothesline","Hemokinesis"],"picked":"Body Slam","floor":13.0},{"not_picked":["Inflame","Infernal Blade"],"picked":"ReplayReversal","floor":14.0},{"not_picked":["Bludgeon","Limit Break"],"picked":"Corruption","floor":16.0},{"not_picked":["Iron Wave","ReplayTheSpireMod:Muscle Training","Life Link"],"picked":"SKIP","floor":18.0},{"not_picked":["Wild Strike","Run Through"],"picked":"True Grit","floor":21.0},{"not_picked":["Feel No Pain","Warcry+1"],"picked":"Dark Embrace","floor":22.0},{"not_picked":["REME_Cut","Headbutt","Havoc"],"picked":"SKIP","floor":24.0},{"not_picked":["ReplayTheSpireMod:Limb From Limb","True Grit","ReplayTheSpireMod:Strike From Hell"],"picked":"SKIP","floor":25.0},{"not_picked":["Sentinel","Searing Blow"],"picked":"Juggernaut","floor":27.0},{"not_picked":["Replay:Undeath\u0027s Touch+1","REME_Cut"],"picked":"Shrug It Off","floor":29.0},{"not_picked":["Offering","Berserk"],"picked":"Double Tap","floor":33.0},{"not_picked":["Thunderclap","Replay:Undeath\u0027s Touch","Life Link+1"],"picked":"SKIP","floor":35.0},{"not_picked":["Spot Weakness+1","ReplayTheSpireMod:Strike From Hell","ReplayTheSpireMod:Limb From Limb"],"picked":"SKIP","floor":37.0},{"not_picked":["True Grit","Replay:Many Hands","Wild Strike"],"picked":"SKIP","floor":41.0},{"not_picked":["Ghostly Armor","Perfected Strike","ReplayTheSpireMod:Strike From Hell"],"picked":"SKIP","floor":44.0},{"not_picked":["Iron Wave","Life Link"],"picked":"Disarm","floor":45.0},{"not_picked":["Rage+1","Searing Blow","Metallicize"],"picked":"SKIP","floor":47},{"not_picked":["Blood for Blood","Cleave","Heavy Blade+1"],"picked":"SKIP","floor":48}],"player_experience":160379,"relics_obtained":[{"floor":6.0,"key":"testmod-Justice"},{"floor":8.0,"key":"Orichalcum"},{"floor":10.0,"key":"testmod-ThousandKnives"},{"floor":12.0,"key":"testmod-D¨¦j¨¤vu"},{"floor":24.0,"key":"Toy Ornithopter"},{"floor":26.0,"key":"Snack Pack"},{"floor":27.0,"key":"Another Sword"},{"floor":29.0,"key":"Garlic"},{"floor":39.0,"key":"ReplayTheSpireMod:Ring of Challenge"},{"floor":39.0,"key":"ReplayTheSpireMod:Ring of Addiction"},{"floor":39.0,"key":"Potion Belt"},{"floor":39.0,"key":"White Beast Statue"},{"floor":41.0,"key":"Dead Branch"},{"floor":43.0,"key":"Dream Catcher"},{"floor":44.0,"key":"REME_LimitBreaker"},{"floor":47,"key":"Replay:Mystery Machine"}],"event_choices":[{"damage_healed":0.0,"max_hp_gain":5.0,"max_hp_loss":0.0,"gold_gain":0.0,"event_name":"Big Fish","player_choice":"Donut","floor":4.0,"gold_loss":0.0,"damage_taken":0.0},{"damage_healed":0.0,"max_hp_gain":0.0,"max_hp_loss":0.0,"gold_gain":0.0,"event_name":"FaceTrader","player_choice":"Trade","floor":5.0,"gold_loss":0.0,"damage_taken":0.0,"relics_obtained":["SsserpentHead"]},{"damage_healed":0.0,"max_hp_gain":0.0,"max_hp_loss":0.0,"gold_gain":50.0,"event_name":"Nest","player_choice":"Stole From Cult","floor":19.0,"gold_loss":0.0,"damage_taken":0.0},{"cards_removed":["Strike_R"],"damage_healed":0.0,"max_hp_gain":0.0,"max_hp_loss":0.0,"gold_gain":0.0,"event_name":"Bonfire Elementals","player_choice":"Offered Basic","floor":20.0,"gold_loss":0.0,"damage_taken":0.0},{"cards_removed":["Strike_R"],"damage_healed":0.0,"max_hp_gain":0.0,"max_hp_loss":0.0,"gold_gain":0.0,"event_name":"Beggar","player_choice":"Gave Gold","floor":28.0,"gold_loss":75.0,"damage_taken":0.0},{"damage_healed":0.0,"max_hp_gain":0.0,"max_hp_loss":0.0,"gold_gain":0.0,"event_name":"Addict","player_choice":"Obtained Relic","floor":31.0,"gold_loss":85.0,"damage_taken":0.0,"relics_obtained":["MealTicket"]},{"cards_removed":["Defend_R"],"damage_healed":0.0,"max_hp_gain":0.0,"max_hp_loss":0.0,"gold_gain":0.0,"event_name":"Falling","player_choice":"Removed Skill","floor":36.0,"gold_loss":0.0,"damage_taken":0.0},{"damage_healed":0.0,"max_hp_gain":0.0,"max_hp_loss":0.0,"gold_gain":0.0,"event_name":"Winding Halls","player_choice":"Embrace Madness","floor":38.0,"gold_loss":0.0,"damage_taken":14.0,"cards_obtained":["Madness","Madness"]},{"damage_healed":0,"gold_gain":0,"player_choice":"0 cards matched","damage_taken":0,"max_hp_gain":0,"max_hp_loss":0,"event_name":"Match and Keep!","floor":46,"gold_loss":0,"cards_obtained":[]}],"is_beta":false,"boss_relics":[{"not_picked":["testmod-BatchProcessingSystem","Black Blood"],"picked":"testmod-CardMagician"},{"not_picked":["Coffee Dripper","Busted Crown"],"picked":"Replay:Bronze Core"}],"items_purged_floors":[],"is_endless":false,"potions_floor_spawned":[2,7,8,11,12,22,25,29,33,37,41,44,45,47,48],"ascension_level":20}}