{"host":"3qkmyeoym75lj4wn","time":1608741280,"event":{"mods":["2.2 Compatiblity","BaseMod","Block Reminder","Colored Powertips","Downfall","Highlight Path","Minty Spire (QoL Compilation)","Permanent Neow","Potion Indicator Mod","Rare Cards Sparkle","Relic Stats","StSLib"],"gold_per_floor":[99,117,117,137,149,175,175,185,212,227,243,35,67,67,80,183,183,33,47,58,69,88,120,120,30,130,130,130,130,14,24,42,141,141,141,154,164,180,198,227,227,277,312,312,40,86,11,11,25,25,25,60,12,12,12],"floor_reached":56,"playtime":3796,"items_purged":["Slimebound:Icky","Pain","Doubt"],"score":1350,"play_id":"8eb394ba-d886-43c3-9da6-6df9501abc00","local_time":"20201223163440","is_ascension_mode":true,"campfire_choices":[{"data":"Slimebound:CorrosiveSpit","floor":1.0,"key":"SMITH"},{"data":"Slimebound:MassFeed","floor":18.0,"key":"SMITH"},{"data":"Slimebound:SamplingLick","floor":27.0,"key":"SMITH"},{"floor":35.0,"key":"RECALL"},{"data":"Apotheosis","floor":47.0,"key":"SMITH"},{"data":"Mayhem","floor":54.0,"key":"SMITH"}],"circlet_count":0,"master_deck":["Slimebound:Strike_Slimebound","Slimebound:Strike_Slimebound","Slimebound:Tackle+1","Slimebound:Defend_Slimebound","Slimebound:Defend_Slimebound","Slimebound:Defend_Slimebound","Slimebound:Defend_Slimebound","Slimebound:Split","Slimebound:CorrosiveSpit+1","Slimebound:GoopSpray","Slimebound:SplitBruiser","Slimebound:LeechEnergy","Slimebound:Prepare","Slimebound:SplitSpecialist","Slimebound:GoopTackle+1","Slimebound:RainOfGoop","Slimebound:SamplingLick","Mayhem+1","Slimebound:MassFeed+1","Slimebound:SplitMire","Slimebound:RollThrough","Slimebound:SlimeTap+1","Slimebound:LeechLife","Slimebound:SamplingLick+1","Apotheosis+1","Slimebound:MegaLick+1","Slimebound:Darklings","CurseOfTheBell","Slimebound:SamplingLick+1","Slimebound:Repurpose+1","Parasite"],"relics":["Slimebound:AbsorbEndCombat","Vajra","Strawberry","Whetstone","Slimebound:MaxSlimesRelic","Cursed Key","downfall:HeartBlessingGreen","downfall:HeartBlessingBlue","Slimebound:AggressiveSlimeRelic","HornCleat","WarpedTongs","Blood Vial","Calling Bell","Anchor","Pear","Turnip","Mercury Hourglass","Thread and Needle","Du-Vu Doll","Kunai","Bag of Preparation","Dead Branch","downfall:HeartBlessingRed","Nunchaku"],"acts_visited":["Exordium","TheCity","TheBeyond","TheEnding"],"potions_floor_usage":[],"damage_taken":[{"damage":7.0,"enemies":"Jaw Worm","floor":2.0,"turns":3.0},{"damage":4.0,"enemies":"Cultist","floor":4.0,"turns":3.0},{"damage":8.0,"enemies":"2 Louse","floor":5.0,"turns":2.0},{"damage":30.0,"enemies":"3 Sentries","floor":6.0,"turns":7.0},{"damage":8.0,"enemies":"Lots of Slimes","floor":8.0,"turns":4.0},{"damage":31.0,"enemies":"Gremlin Nob","floor":9.0,"turns":4.0},{"damage":6.0,"enemies":"2 Fungi Beasts","floor":10.0,"turns":1.0},{"damage":23.0,"enemies":"Large Slime","floor":11.0,"turns":2.0},{"damage":8.0,"enemies":"downfall:FleeingMerchant","floor":12.0,"turns":4.0},{"damage":19.0,"enemies":"Lagavulin","floor":13.0,"turns":4.0},{"damage":14.0,"enemies":"Blue Slaver","floor":15.0,"turns":3.0},{"damage":35.0,"enemies":"downfall:Ironclad","floor":16.0,"turns":6.0},{"damage":32.0,"enemies":"Spheric Guardian","floor":19.0,"turns":4.0},{"damage":32.0,"enemies":"3 Byrds","floor":20.0,"turns":3.0},{"damage":60.0,"enemies":"Shelled Parasite and Fungi","floor":21.0,"turns":4.0},{"damage":28.0,"enemies":"Snake Plant","floor":22.0,"turns":3.0},{"damage":45.0,"enemies":"Slavers","floor":23.0,"turns":4.0},{"damage":24.0,"enemies":"downfall:FleeingMerchant","floor":25.0,"turns":4.0},{"damage":24.0,"enemies":"downfall:FleeingMerchant","floor":30.0,"turns":3.0},{"damage":20.0,"enemies":"Chosen and Byrds","floor":31.0,"turns":4.0},{"damage":20.0,"enemies":"Centurion and Healer","floor":32.0,"turns":4.0},{"damage":41.0,"enemies":"downfall:Silent","floor":33.0,"turns":5.0},{"damage":26.0,"enemies":"3 Shapes","floor":36.0,"turns":2.0},{"damage":44.0,"enemies":"3 Darklings","floor":37.0,"turns":5.0},{"damage":36.0,"enemies":"Spire Growth","floor":38.0,"turns":4.0},{"damage":34.0,"enemies":"Writhing Mass","floor":39.0,"turns":5.0},{"damage":52.0,"enemies":"Nemesis","floor":40.0,"turns":5.0},{"damage":20.0,"enemies":"Mind Bloom Boss Battle","floor":42.0,"turns":3.0},{"damage":27.0,"enemies":"Reptomancer","floor":43.0,"turns":5.0},{"damage":11.0,"enemies":"2 Orb Walkers","floor":46.0,"turns":3.0},{"damage":20.0,"enemies":"Sphere and 2 Shapes","floor":49.0,"turns":4.0},{"damage":36.0,"enemies":"downfall:Watcher","floor":50.0,"turns":5.0},{"damage":54.0,"enemies":"downfall:CharBossMerchant","floor":52.0,"turns":4.0},{"damage":105,"enemies":"downfall:NeowBoss","floor":55,"turns":18}],"seed_played":"2935285927341740351","potions_obtained":[{"floor":4.0,"key":"champ:CounterPotion"},{"floor":6.0,"key":"Energy Potion"},{"floor":8.0,"key":"Weak Potion"},{"floor":11.0,"key":"SteroidPotion"},{"floor":13.0,"key":"Swift Potion"},{"floor":14.0,"key":"FairyPotion"},{"floor":14.0,"key":"LiquidMemories"},{"floor":21.0,"key":"Slimebound:SlimedPotion"},{"floor":23.0,"key":"Guardian:BlockOnCardUsePotion"},{"floor":42.0,"key":"PowerPotion"},{"floor":43.0,"key":"Explosive Potion"},{"floor":46.0,"key":"SteroidPotion"}],"is_trial":false,"path_per_floor":["R","M","?","M","M","E","T","M","E","M","M","$","E","?","M","B",null,"R","M","M","M","M","E","T","$","?","R","?","?","$","M","M","B",null,"R","M","M","M","M","E","T","?","E","?","?","?","R","$","M","B",null,"E","$","R","B",null],"character_chosen":"SLIMEBOUND","items_purchased":["Mayhem","Apotheosis","Blood Vial","Bag of Preparation","Fire Potion"],"campfire_rested":0,"item_purchase_floors":[12,30,30,45,53],"current_hp_per_floor":[60,59,59,60,60,51,51,57,40,36,23,29,28,28,32,23,67,77,69,71,43,29,47,47,63,63,63,99,99,103,109,109,102,123,123,131,129,139,141,139,139,151,155,155,155,159,159,159,167,163,167,159,159,159,171],"gold":12,"neow_bonus":"RANDOM_COMMON_RELIC","is_daily":false,"chose_seed":false,"campfire_upgraded":5,"win_rate":0.0,"timestamp":1608741280,"path_taken":["R","M","?","?","M","E","T","M","E","M","M","$","E","?","M","BOSS","R","M","?","M","M","E","T","$","?","R","?","?","$","?","M","BOSS","R","M","M","M","M","E","T","?","E","?","?","?","R","?","M","BOSS","E","$","R","BOSS"],"items_purchased_type":["Card","Card","Relic","Relic","Potion"],"build_version":"2020-12-22","purchased_purges":3,"victory":true,"max_hp_per_floor":[60,60,60,60,60,67,67,67,67,67,67,67,67,67,67,67,67,77,81,93,97,97,109,109,109,109,109,109,109,109,109,109,113,123,123,135,135,139,143,147,147,155,155,155,155,159,159,159,167,167,167,171,171,171,171],"relic_stats":{"Blood Vial":14,"Nunchaku":[4],"counters":[34,141],"Dead Branch":[129],"Turnip":[7],"Bag of Preparation":[10],"Whetstone":["Slimebound:Tackle","Slimebound:GoopTackle"],"Kunai":[14],"Cursed Key":2,"obtain_stats":[{"Slimebound:AggressiveSlimeRelic":23,"Pear":34,"downfall:HeartBlessingRed":47,"Dead Branch":46,"Vajra":0,"downfall:HeartBlessingGreen":18,"Thread and Needle":41,"Bag of Preparation":45,"Whetstone":9,"Cursed Key":17,"WarpedTongs":29,"Mercury Hourglass":40,"Blood Vial":30,"Calling Bell":34,"Du-Vu Doll":42,"Anchor":34,"Nunchaku":52,"Slimebound:MaxSlimesRelic":13,"HornCleat":24,"downfall:HeartBlessingBlue":18,"Strawberry":6,"Turnip":34,"Slimebound:AbsorbEndCombat":0,"Kunai":43},{"Slimebound:AggressiveSlimeRelic":17,"Pear":22,"downfall:HeartBlessingRed":30,"Dead Branch":30,"Vajra":0,"downfall:HeartBlessingGreen":12,"Thread and Needle":27,"Bag of Preparation":29,"Whetstone":6,"Cursed Key":12,"WarpedTongs":18,"Mercury Hourglass":27,"Blood Vial":19,"Calling Bell":22,"Du-Vu Doll":28,"Anchor":22,"Nunchaku":33,"Slimebound:MaxSlimesRelic":10,"HornCleat":17,"downfall:HeartBlessingBlue":12,"Strawberry":4,"Turnip":22,"Slimebound:AbsorbEndCombat":0,"Kunai":29},{"Slimebound:AggressiveSlimeRelic":60,"Pear":79,"downfall:HeartBlessingRed":111,"Dead Branch":111,"Vajra":0,"downfall:HeartBlessingGreen":42,"Thread and Needle":100,"Bag of Preparation":108,"Whetstone":22,"Cursed Key":42,"WarpedTongs":64,"Mercury Hourglass":100,"Blood Vial":67,"Calling Bell":79,"Du-Vu Doll":103,"Anchor":79,"Nunchaku":123,"Slimebound:MaxSlimesRelic":33,"HornCleat":60,"downfall:HeartBlessingBlue":42,"Strawberry":15,"Turnip":79,"Slimebound:AbsorbEndCombat":0,"Kunai":108}],"WarpedTongs":[53],"Mercury Hourglass":[122]},"card_choices":[{"not_picked":["Slimebound:FormOfPuddle","Slimebound:SplitLeeching"],"picked":"Slimebound:GoopSpray","floor":2.0},{"not_picked":["Slimebound:FinishingTackle","Slimebound:AcidTongue"],"picked":"Slimebound:SplitBruiser","floor":4.0},{"not_picked":["Slimebound:FinishingTackle","Slimebound:GoopSpray"],"picked":"Slimebound:LeechEnergy","floor":5.0},{"not_picked":["Slimebound:ServeAndProtect","Slimebound:SlimeSpikes"],"picked":"Slimebound:Prepare","floor":6.0},{"not_picked":["Slimebound:SplitLeeching","Slimebound:LeechingTouch"],"picked":"Slimebound:SplitSpecialist","floor":8.0},{"not_picked":["Slimebound:GoopSpray","Slimebound:DivideAndConquer"],"picked":"Slimebound:GoopTackle","floor":9.0},{"not_picked":["Slimebound:RallyTheTroops","Slimebound:SplitBruiser"],"picked":"Slimebound:RainOfGoop","floor":10.0},{"not_picked":["Slimebound:FirmFortitude","Slimebound:GoopSpray"],"picked":"Slimebound:SamplingLick","floor":11.0},{"not_picked":["Slimebound:SplitAcid","Slimebound:RainOfGoop","Slimebound:Chomp"],"picked":"SKIP","floor":12.0},{"not_picked":["Slimebound:WasteNot","Slimebound:TongueLash","Slimebound:LivingWall"],"picked":"SKIP","floor":13.0},{"not_picked":["Slimebound:ComboTackle","Slimebound:AcidTongue","Slimebound:SplitLeeching"],"picked":"SKIP","floor":15.0},{"not_picked":["Slimebound:DuplicatedForm","Slimebound:SelfFormingGoo"],"picked":"Slimebound:MassFeed","floor":16.0},{"not_picked":["Slimebound:FirmFortitude","Slimebound:LeechingTouch","Slimebound:SplitMire"],"picked":"SKIP","floor":19.0},{"not_picked":["Slimebound:GoopSpray","Slimebound:SplitSpecialist"],"picked":"Slimebound:SplitMire","floor":20.0},{"not_picked":["Slimebound:ComboTackle","Slimebound:DivideAndConquer"],"picked":"Slimebound:RollThrough","floor":21.0},{"not_picked":["Slimebound:Dissolve","Slimebound:LeechingTouch"],"picked":"Slimebound:SlimeTap+1","floor":22.0},{"not_picked":["Slimebound:ServeAndProtect","Slimebound:GrowthPunch"],"picked":"Slimebound:LeechLife","floor":23.0},{"not_picked":["Slimebound:LeechEnergy+1","Slimebound:DivideAndConquer+1"],"picked":"Slimebound:SamplingLick","floor":25.0},{"not_picked":["Slimebound:FlameTackle","Slimebound:Dissolve+1","Slimebound:FinishingTackle"],"picked":"SKIP","floor":30.0},{"not_picked":["Slimebound:GoopTackle","Slimebound:SamplingLick"],"picked":"Slimebound:MegaLick+1","floor":31.0},{"not_picked":["Slimebound:LeechingTouch","Slimebound:ServeAndProtect+1","Slimebound:BestDefense"],"picked":"SKIP","floor":32.0},{"not_picked":["Slimebound:OneTwoCombo","Slimebound:LeechLife"],"picked":"Slimebound:Darklings","floor":33.0},{"not_picked":["Slimebound:LeechingTouch","Slimebound:LeechEnergy","Slimebound:SplitMire+1"],"picked":"SKIP","floor":36.0},{"not_picked":["Slimebound:Equalize+1","Slimebound:ViciousTackle"],"picked":"Slimebound:SamplingLick+1","floor":37.0},{"not_picked":["Slimebound:PressTheAttack+1","Slimebound:SplitAcid+1"],"picked":"Slimebound:Repurpose+1","floor":38.0},{"not_picked":["Slimebound:SplitBruiser","Slimebound:SpikyOuterGoop","Slimebound:ProtectTheBoss+1"],"picked":"SKIP","floor":39.0},{"not_picked":["Slimebound:MassRepurpose","Slimebound:SamplingLick","Slimebound:SplitAcid+1"],"picked":"SKIP","floor":40.0},{"not_picked":["Slimebound:SlimeSpikes","Slimebound:ServeAndProtect+1","Slimebound:SamplingLick"],"picked":"SKIP","floor":43.0},{"not_picked":["Slimebound:Schlurp","Slimebound:ComboTackle","Slimebound:FormOfPuddle"],"picked":"SKIP","floor":49.0},{"not_picked":["Slimebound:GoopSpray+1","Slimebound:Prepare","Slimebound:SplitBruiser"],"picked":"SKIP","floor":52.0}],"player_experience":1598134,"relics_obtained":[{"floor":6.0,"key":"Strawberry"},{"floor":9.0,"key":"Whetstone"},{"floor":13.0,"key":"Slimebound:MaxSlimesRelic"},{"floor":23.0,"key":"Slimebound:AggressiveSlimeRelic"},{"floor":24.0,"key":"HornCleat"},{"floor":34.0,"key":"Anchor"},{"floor":34.0,"key":"Pear"},{"floor":34.0,"key":"Turnip"},{"floor":40.0,"key":"Mercury Hourglass"},{"floor":41.0,"key":"Thread and Needle"},{"floor":42.0,"key":"Du-Vu Doll"},{"floor":43.0,"key":"Kunai"},{"floor":46.0,"key":"Dead Branch"},{"floor":52.0,"key":"Nunchaku"}],"event_choices":[{"cards_removed":["Slimebound:Strike_Slimebound"],"damage_healed":0.0,"max_hp_gain":0.0,"max_hp_loss":0.0,"gold_gain":0.0,"event_name":"Purifier","player_choice":"Purged","floor":3.0,"gold_loss":0.0,"damage_taken":0.0},{"damage_healed":0.0,"max_hp_gain":0.0,"max_hp_loss":0.0,"gold_gain":0.0,"event_name":"Lab","player_choice":"Got Potions","floor":14.0,"gold_loss":0.0,"damage_taken":0.0},{"damage_healed":36.0,"max_hp_gain":0.0,"max_hp_loss":0.0,"gold_gain":0.0,"event_name":"The Library","player_choice":"Heal","floor":28.0,"gold_loss":0.0,"damage_taken":0.0},{"damage_healed":0.0,"max_hp_gain":0.0,"max_hp_loss":0.0,"gold_gain":0.0,"event_name":"Accursed Blacksmith","player_choice":"Rummage","floor":29.0,"gold_loss":0.0,"damage_taken":0.0,"relics_obtained":["WarpedTongs"],"cards_obtained":["Pain"]},{"damage_healed":0.0,"max_hp_gain":0.0,"max_hp_loss":0.0,"gold_gain":0.0,"event_name":"Mysterious Sphere","player_choice":"Fight","floor":46.0,"gold_loss":0.0,"damage_taken":0.0}],"is_beta":false,"boss_relics":[{"not_picked":["Runic Pyramid","Fusion Hammer"],"picked":"Cursed Key"},{"not_picked":["Slimebound:AbsorbEndCombatUpgraded","Sozu"],"picked":"Calling Bell"}],"items_purged_floors":[25,30,45],"is_endless":false,"potions_floor_spawned":[4,6,8,11,13,16,19,21,23,42,43,46],"ascension_level":1}}