{"host":"uuxww4b5od0o4ivw","time":1608753398,"event":{"mods":["BaseMod","Downfall","Minty Spire (QoL Compilation)","StSLib","The Necromancer"],"gold_per_floor":[99,99,99,118,129,146,146,175,160,160,170,270,300,312,328,432,432,432,443,443,455,473,473,473,473],"floor_reached":23,"playtime":1110,"items_purged":[],"score":218,"play_id":"20b44968-4498-4aaf-b4f3-0edec5d585cf","local_time":"20201223095638","is_ascension_mode":false,"campfire_choices":[{"data":"Slimebound:CorrosiveSpit","floor":1,"key":"SMITH"},{"data":"Slimebound:SplitMire","floor":10,"key":"SMITH"},{"data":"Slimebound:SplitLeeching","floor":18,"key":"SMITH"}],"circlet_count":0,"master_deck":["Slimebound:Strike_Slimebound","Slimebound:Strike_Slimebound","Slimebound:Strike_Slimebound","Slimebound:Tackle","Slimebound:Defend_Slimebound","Slimebound:Defend_Slimebound","Slimebound:Defend_Slimebound","Slimebound:Defend_Slimebound","Slimebound:Split","Slimebound:CorrosiveSpit+1","Slimebound:SplitMire+1","Slimebound:SplitLeeching+1","Slimebound:ItLooksTasty","Slimebound:Gluttony","Slimebound:RejuvenatingLick","Slimebound:SplitAcid","Slimebound:RallyTheTroops","Slimebound:LeechingTouch","RitualDagger+1","Slimebound:SplitMire+1","Slimebound:Replication+1"],"relics":["Slimebound:AbsorbEndCombat","Pear","Potion Belt","Sozu"],"acts_visited":["Exordium","TheCity"],"potions_floor_usage":[16],"damage_taken":[{"damage":13,"enemies":"Small Slimes","floor":4,"turns":4},{"damage":9,"enemies":"2 Louse","floor":5,"turns":3},{"damage":9,"enemies":"Jaw Worm","floor":6,"turns":3},{"damage":31,"enemies":"Gremlin Nob","floor":8,"turns":4},{"damage":13,"enemies":"downfall:FleeingMerchant","floor":9,"turns":4},{"damage":19,"enemies":"Blue Slaver","floor":11,"turns":3},{"damage":25,"enemies":"2 Fungi Beasts","floor":14,"turns":4},{"damage":22,"enemies":"3 Louse","floor":15,"turns":3},{"damage":71,"enemies":"downfall:Ironclad","floor":16,"turns":10},{"damage":37,"enemies":"3 Byrds","floor":19,"turns":4},{"damage":34,"enemies":"Centurion and Healer","floor":21,"turns":7},{"damage":27,"enemies":"Snake Plant","floor":22,"turns":3},{"damage":68,"enemies":"Book of Stabbing","floor":23,"turns":4}],"seed_played":"-6261205965475378837","potions_obtained":[{"floor":5,"key":"Ancient Potion"},{"floor":8,"key":"ColorlessPotion"},{"floor":11,"key":"SkillPotion"},{"floor":15,"key":"SneckoOil"},{"floor":16,"key":"FearPotion"}],"is_trial":false,"path_per_floor":["R","?","?","M","M","M","T","E","$","R","M","?","?","M","M","B",null,"R","M","?","M","M","E"],"character_chosen":"SLIMEBOUND","items_purchased":[],"campfire_rested":0,"item_purchase_floors":[],"current_hp_per_floor":[66,71,71,65,68,71,81,63,68,68,65,65,65,54,52,17,81,81,60,60,60,51,0,0,0],"gold":473,"neow_bonus":"TEN_PERCENT_HP_BONUS","is_daily":false,"chose_seed":false,"campfire_upgraded":3,"win_rate":0.0,"timestamp":1608753398,"path_taken":["R","?","?","M","M","M","T","E","$","R","M","?","?","M","M","BOSS","R","M","?","M","M","E"],"items_purchased_type":[],"build_version":"2020-12-22","purchased_purges":0,"victory":false,"max_hp_per_floor":[66,71,71,71,71,71,81,81,81,81,81,81,81,81,81,81,81,81,81,81,81,81,81,81,81],"card_choices":[{"not_picked":["Slimebound:SlimeSpikes","Slimebound:LeechingTouch"],"picked":"Slimebound:SplitMire","floor":4},{"not_picked":["Slimebound:FlameTackle","Slimebound:TongueLash","Slimebound:LeechingTouch"],"picked":"SKIP","floor":5},{"not_picked":["Slimebound:PressTheAttack","Slimebound:ComboTackle","Slimebound:GrowthPunch"],"picked":"SKIP","floor":6},{"not_picked":["Slimebound:LivingWall","Slimebound:ForwardTackle"],"picked":"Slimebound:SplitLeeching","floor":8},{"not_picked":["Slimebound:GrowthPunch","Slimebound:GoopSpray"],"picked":"Slimebound:ItLooksTasty","floor":9},{"not_picked":["Slimebound:RollThrough","Slimebound:FlameTackle"],"picked":"Slimebound:Gluttony","floor":11},{"not_picked":["Slimebound:SlimeBarrage","Slimebound:GrowthPunch"],"picked":"Slimebound:RejuvenatingLick","floor":14},{"not_picked":["Slimebound:ComboTackle","Slimebound:GoopSpray"],"picked":"Slimebound:SplitAcid","floor":15},{"not_picked":["Slimebound:SelfFormingGoo","Slimebound:CheckThePlaybook"],"picked":"Slimebound:RallyTheTroops","floor":16},{"not_picked":["Slimebound:FinishingTackle","Slimebound:ComboTackle+1"],"picked":"Slimebound:LeechingTouch","floor":19},{"not_picked":["Slimebound:RejuvenatingLick+1","Slimebound:LivingWall"],"picked":"Slimebound:SplitMire+1","floor":21},{"not_picked":["Slimebound:RainOfGoop","Slimebound:LevelUp"],"picked":"Slimebound:Replication+1","floor":22}],"player_experience":60544,"relics_obtained":[{"floor":7,"key":"Pear"},{"floor":8,"key":"Potion Belt"}],"event_choices":[{"damage_healed":0,"gold_gain":0,"player_choice":"Donut","damage_taken":0,"max_hp_gain":5,"max_hp_loss":0,"event_name":"Big Fish","floor":2,"gold_loss":0}],"is_beta":false,"boss_relics":[{"not_picked":["SacredBark","Black Star"],"picked":"Sozu"}],"items_purged_floors":[],"is_endless":false,"potions_floor_spawned":[5,8,11,15,16,21,22],"killed_by":"Book of Stabbing","ascension_level":0}}