{"host":"867cnhxguf2bzj4x","time":1608750969,"event":{"mods":["BaseMod","GifTheSpireLib","Hermit","Minty Spire (QoL Compilation)","StSLib","The Bug Knight","The Cursed","The Hierophant","The Servant 0.9.4"],"gold_per_floor":[117,16,16,16,29,29,29,48,96,24,38,38,70,83,83,83,83],"floor_reached":16,"playtime":445,"items_purged":["Bash"],"score":105,"play_id":"79119eba-13be-4b34-a0e1-88c8384c685c","local_time":"20201223201609","is_ascension_mode":true,"campfire_choices":[{"data":"Shrug It Off","floor":7,"key":"SMITH"},{"floor":15,"key":"REST"}],"circlet_count":0,"master_deck":["Strike_R","Strike_R","Strike_R","Strike_R","Strike_R","Defend_R+1","Defend_R","Defend_R","Defend_R","Armaments+1","Shrug It Off+1","Cleave","Feed"],"relics":["Burning Blood","NeowsBlessing","Ancient Tea Set","Blood Vial","Strawberry"],"acts_visited":["Exordium"],"potions_floor_usage":[16,16],"damage_taken":[{"damage":0,"enemies":"Cultist","floor":1,"turns":1},{"damage":0,"enemies":"Small Slimes","floor":5,"turns":1},{"damage":0,"enemies":"Jaw Worm","floor":8,"turns":1},{"damage":5,"enemies":"3 Louse","floor":11,"turns":3},{"damage":46,"enemies":"Gremlin Nob","floor":13,"turns":6},{"damage":6,"enemies":"Exordium Wildlife","floor":14,"turns":6},{"damage":76,"enemies":"The Guardian","floor":16,"turns":13}],"seed_played":"-7554436528210889913","potions_obtained":[{"floor":5,"key":"Dexterity Potion"},{"floor":8,"key":"LiquidMemories"}],"is_trial":false,"path_per_floor":["M","$","?","$","M","?","R","M","T","$","M","?","E","M","R","B"],"character_chosen":"IRONCLAD","items_purchased":["Shrug It Off","Feed"],"campfire_rested":1,"item_purchase_floors":[2,10],"current_hp_per_floor":[80,80,73,73,79,63,63,69,69,69,75,68,37,43,71,0,0],"gold":83,"neow_bonus":"THREE_ENEMY_KILL","is_daily":false,"chose_seed":false,"campfire_upgraded":1,"win_rate":0.0,"timestamp":1608750969,"path_taken":["M","?","?","$","M","?","R","M","T","$","M","?","E","?","R","BOSS"],"items_purchased_type":["Card","Card"],"build_version":"2020-12-22","purchased_purges":1,"victory":false,"max_hp_per_floor":[80,80,80,80,80,80,80,80,80,80,83,83,90,94,94,94,94],"card_choices":[{"not_picked":["Twin Strike","Perfected Strike"],"picked":"Armaments","floor":1},{"not_picked":["Warcry","Twin Strike"],"picked":"Rupture","floor":5},{"not_picked":["Anger","Reckless Charge"],"picked":"Cleave","floor":8},{"not_picked":["Anger","Clash","Warcry"],"picked":"SKIP","floor":11},{"not_picked":["Cleave","Whirlwind","Headbutt"],"picked":"SKIP","floor":13},{"not_picked":["Armaments","Reaper","Cleave"],"picked":"SKIP","floor":14}],"player_experience":88080,"relics_obtained":[{"floor":9,"key":"Blood Vial"},{"floor":13,"key":"Strawberry"}],"event_choices":[{"damage_healed":0,"gold_gain":0,"player_choice":"Success","damage_taken":7,"relics_obtained":["Ancient Tea Set"],"max_hp_gain":0,"max_hp_loss":0,"event_name":"Scrap Ooze","floor":3,"gold_loss":0},{"damage_healed":0,"gold_gain":0,"player_choice":"Entered Light","damage_taken":16,"max_hp_gain":0,"max_hp_loss":0,"event_name":"Shining Light","floor":6,"gold_loss":0,"cards_upgraded":["Armaments","Defend_R"]},{"cards_removed":["Rupture"],"damage_healed":0,"gold_gain":0,"player_choice":"Card Removal","damage_taken":7,"max_hp_gain":0,"max_hp_loss":0,"event_name":"Golden Wing","floor":12,"gold_loss":0}],"is_beta":false,"boss_relics":[],"items_purged_floors":[2],"is_endless":false,"potions_floor_spawned":[5,8],"killed_by":"The Guardian","ascension_level":1}}