{"host":"ss2ocoam53r2lno0","time":1608745538,"event":{"mods":["Act Like it!","BaseMod","ChefMod","Colored Powertips","Displayed Cursed Tome","Downfall","Googly Eyes","Hallownest","Highlight Path","Minty Spire (QoL Compilation)","Rare Cards Sparkle","Robot Space Explorer","Shade Mod","Shop Mod","Spicy Shops","StSLib","The Marked"],"gold_per_floor":[112,112,112,112,62,94,108,27,78,109,133,133,133],"floor_reached":12,"playtime":508,"items_purged":[],"score":109,"play_id":"b8da477e-a76d-45ee-95c8-52925e093661","local_time":"20201223184538","is_ascension_mode":false,"campfire_choices":[],"circlet_count":0,"master_deck":["theMarked:Strike+1","theMarked:Strike","theMarked:Strike","theMarked:Strike","theMarked:Defend+1","theMarked:Defend","theMarked:Defend","theMarked:Defend","theMarked:SoldierOfQuellstein+1","theMarked:HeightenedSenses","theMarked:Static","theMarked:MaelstromOfLightning","theMarked:MagicAdept","theMarked:ReduceFriction"],"relics":["theMarked:ArtifactOfAir","NeowsBlessing","Bottled Lightning","Ornamental Fan","Guardian:PocketSentry","Omamori","Odd Mushroom"],"acts_visited":["Exordium"],"potions_floor_usage":[11,11],"damage_taken":[{"damage":0,"enemies":"2 Louse","floor":1,"turns":1},{"damage":0,"enemies":"3 Sentries","floor":6,"turns":1},{"damage":0,"enemies":"Jaw Worm","floor":7,"turns":1},{"damage":13,"enemies":"Gremlin Nob","floor":10,"turns":4},{"damage":13,"enemies":"The Mushroom Lair","floor":11,"turns":3},{"damage":31,"enemies":"Lagavulin","floor":12,"turns":3}],"seed_played":"-6712754816786126685","potions_obtained":[{"floor":1,"key":"FearPotion"},{"floor":6,"key":"Slimebound:ThreeZeroPotion"},{"floor":7,"key":"PowerPotion"}],"is_trial":false,"path_per_floor":["M","?","?","T","?","E","M","$","T","E","?","E"],"character_chosen":"THE_DEFAULT","items_purchased":["theMarked:MaelstromOfLightning"],"campfire_rested":0,"item_purchase_floors":[8],"current_hp_per_floor":[70,70,56,56,56,56,56,56,56,43,30,0,0],"gold":133,"neow_bonus":"THREE_ENEMY_KILL","is_daily":false,"chose_seed":false,"campfire_upgraded":0,"win_rate":0.0,"timestamp":1608745538,"path_taken":["M","?","?","?","?","E","M","$","T","E","?","E"],"items_purchased_type":["Card"],"build_version":"2020-12-22","purchased_purges":0,"victory":false,"max_hp_per_floor":[70,70,70,70,70,70,70,70,70,70,70,70,70],"card_choices":[{"not_picked":["theMarked:ShockingTouch","theMarked:ElectricStrings"],"picked":"theMarked:HeightenedSenses","floor":1},{"not_picked":["theMarked:Aftermath","theMarked:Electrocute"],"picked":"theMarked:Static","floor":6},{"not_picked":["theMarked:WastefulAttack","theMarked:HeightenedSenses","theMarked:ReduceFriction"],"picked":"SKIP","floor":7},{"not_picked":["theMarked:ThrowWeapon","theMarked:Generate"],"picked":"theMarked:MagicAdept","floor":10},{"not_picked":["theMarked:HeritageOfTheMarked","theMarked:BanishingStrike"],"picked":"theMarked:ReduceFriction","floor":11}],"player_experience":594191,"relics_obtained":[{"floor":4,"key":"Bottled Lightning"},{"floor":6,"key":"Ornamental Fan"},{"floor":9,"key":"Guardian:PocketSentry"},{"floor":10,"key":"Omamori"},{"floor":11,"key":"Odd Mushroom"}],"event_choices":[{"damage_healed":0,"gold_gain":0,"player_choice":"Grow","damage_taken":0,"max_hp_gain":0,"max_hp_loss":0,"event_name":"Living Wall","floor":2,"gold_loss":0,"cards_upgraded":["theMarked:SoldierOfQuellstein"]},{"damage_healed":0,"gold_gain":0,"player_choice":"Entered Light","damage_taken":14,"max_hp_gain":0,"max_hp_loss":0,"event_name":"Shining Light","floor":3,"gold_loss":0,"cards_upgraded":["theMarked:Strike","theMarked:Defend"]},{"cards_removed":["theMarked:Strike"],"damage_healed":0,"gold_gain":0,"player_choice":"Card Removal","damage_taken":0,"max_hp_gain":0,"max_hp_loss":0,"event_name":"The Cleric","floor":5,"gold_loss":50},{"damage_healed":0,"gold_gain":0,"player_choice":"Fought Mushrooms","damage_taken":0,"max_hp_gain":0,"max_hp_loss":0,"event_name":"Mushrooms","floor":11,"gold_loss":0}],"is_beta":false,"boss_relics":[],"items_purged_floors":[],"is_endless":false,"potions_floor_spawned":[1,6,7],"killed_by":"Lagavulin","ascension_level":0}}