{"host":"28p8ce41sjwa6lzf","time":1608732929,"event":{"mods":["BaseMod","Colored Map","Colored Powertips","Highlight Path","Minty Spire (QoL Compilation)","Permanent Neow","Quick Restart","Random Character Button","Rare Cards Sparkle","Relic Stats","StSLib","Unceasing Turn Reminder"],"gold_per_floor":[110,125,136,153,165,165,165],"floor_reached":6,"playtime":307,"items_purged":[],"score":80,"play_id":"e6fca71c-94cb-4872-8624-70229d2c7dab","local_time":"20201223081529","is_ascension_mode":true,"campfire_choices":[],"circlet_count":0,"master_deck":["AscendersBane","Strike_B","Strike_B","Strike_B","Strike_B","Defend_B","Defend_B","Defend_B","Defend_B","Zap","Dualcast","Dramatic Entrance","Coolheaded","Recycle","Auto Shields","Reinforced Body","Hologram"],"relics":["Cracked Core"],"acts_visited":["Exordium"],"potions_floor_usage":[],"damage_taken":[{"damage":7.0,"enemies":"Jaw Worm","floor":1.0,"turns":3.0},{"damage":1.0,"enemies":"Cultist","floor":2.0,"turns":3.0},{"damage":0.0,"enemies":"2 Louse","floor":3.0,"turns":1.0},{"damage":6.0,"enemies":"Large Slime","floor":4.0,"turns":5.0},{"damage":0.0,"enemies":"Exordium Wildlife","floor":5.0,"turns":3.0},{"damage":77,"enemies":"Gremlin Nob","floor":6,"turns":4}],"seed_played":"-7265084359957930387","potions_obtained":[{"floor":1.0,"key":"PotionOfCapacity"},{"floor":2.0,"key":"Explosive Potion"},{"floor":5.0,"key":"Swift Potion"}],"is_trial":false,"path_per_floor":["M","M","M","M","M","E"],"character_chosen":"DEFECT","items_purchased":[],"campfire_rested":0,"item_purchase_floors":[],"current_hp_per_floor":[57,56,56,50,50,0,0],"gold":165,"neow_bonus":"RANDOM_COLORLESS","is_daily":false,"chose_seed":false,"campfire_upgraded":0,"win_rate":0.0,"timestamp":1608732929,"path_taken":["M","M","M","M","M","E"],"items_purchased_type":[],"build_version":"2020-12-22","purchased_purges":0,"victory":false,"max_hp_per_floor":[71,71,71,71,71,71,71],"relic_stats":{"counters":[6,19],"obtain_stats":[{"Cracked Core":0},{"Cracked Core":0},{"Cracked Core":0}]},"card_choices":[{"not_picked":["Impatience","Finesse"],"picked":"Dramatic Entrance","floor":0.0},{"not_picked":["Darkness","Compile Driver"],"picked":"Coolheaded","floor":1.0},{"not_picked":["Streamline","Leap"],"picked":"Recycle","floor":2.0},{"not_picked":["Stack","Hello World"],"picked":"Auto Shields","floor":3.0},{"not_picked":["Streamline","Recycle"],"picked":"Reinforced Body","floor":4.0},{"not_picked":["Coolheaded","Conserve Battery"],"picked":"Hologram","floor":5.0}],"player_experience":1022572,"relics_obtained":[],"event_choices":[],"is_beta":false,"boss_relics":[],"items_purged_floors":[],"is_endless":false,"potions_floor_spawned":[1,2,5],"killed_by":"Gremlin Nob","ascension_level":20}}