{"host":"28p8ce41sjwa6lzf","time":1608744507,"event":{"mods":["BaseMod","Colored Map","Colored Powertips","Highlight Path","Minty Spire (QoL Compilation)","Permanent Neow","Quick Restart","Random Character Button","Rare Cards Sparkle","Relic Stats","StSLib","Unceasing Turn Reminder"],"gold_per_floor":[14,24,24,42,56,88,88,120,120,133,144,159,179,179,179,256,256,266,277,277,297,309,309,344,344,344,16,29,49,49,74,74,146,146,160,2,18,18,29,64,64,91,91,121,137,137,137,162,162,162,162,162,162,39,74,74],"floor_reached":57,"playtime":5238,"items_purged":["Strike_B","Strike_B"],"score":3452,"play_id":"937b9c32-8cba-42fb-87b3-c06a4ce3b820","local_time":"20201223112827","is_ascension_mode":true,"campfire_choices":[{"data":"Reinforced Body","floor":15.0,"key":"SMITH"},{"data":"Hologram","floor":23.0,"key":"SMITH"},{"floor":32.0,"key":"REST"},{"data":"Hologram","floor":41.0,"key":"SMITH"},{"floor":47.0,"key":"RECALL"},{"data":"Hologram","floor":49.0,"key":"SMITH"},{"data":"Defragment","floor":53,"key":"SMITH"}],"circlet_count":0,"master_deck":["AscendersBane","Defend_B","Defend_B","Defend_B","Zap","Dualcast","Streamline+1","Undo","Coolheaded","Ball Lightning","Go for the Eyes","Echo Form","Aggregate","Conserve Battery","Reinforced Body+1","Hologram+1","Electrodynamics","Skim","Hologram+1","Sunder","Stack","Scrape","Hologram+1","Biased Cognition","Echo Form","Defragment+1","Recycle","Skim","Skim+1","Rip and Tear+1"],"relics":["Cracked Core","FossilizedHelix","Bronze Scales","CultistMask","Pen Nib","Bag of Preparation","Snecko Eye","Kunai","Tiny Chest","Letter Opener","Black Star","DollysMirror","Dream Catcher","Lantern","Boot","Oddly Smooth Stone","Mummified Hand","Orichalcum","The Courier","Pear","StoneCalendar","Pantograph","Strawberry","StrikeDummy"],"acts_visited":["Exordium","TheCity","TheBeyond","TheEnding"],"potions_floor_usage":[51,56],"damage_taken":[{"damage":6.0,"enemies":"2 Louse","floor":1.0,"turns":2.0},{"damage":0.0,"enemies":"Jaw Worm","floor":2.0,"turns":3.0},{"damage":0.0,"enemies":"Cultist","floor":4.0,"turns":3.0},{"damage":0.0,"enemies":"2 Fungi Beasts","floor":5.0,"turns":3.0},{"damage":20.0,"enemies":"Lagavulin","floor":6.0,"turns":5.0},{"damage":0.0,"enemies":"Gremlin Nob","floor":8.0,"turns":3.0},{"damage":0.0,"enemies":"Exordium Thugs","floor":10.0,"turns":3.0},{"damage":0.0,"enemies":"Exordium Wildlife","floor":11.0,"turns":4.0},{"damage":0.0,"enemies":"Blue Slaver","floor":12.0,"turns":2.0},{"damage":1.0,"enemies":"Gremlin Gang","floor":13.0,"turns":4.0},{"damage":0.0,"enemies":"The Guardian","floor":16.0,"turns":10.0},{"damage":0.0,"enemies":"Shell Parasite","floor":18.0,"turns":4.0},{"damage":10.0,"enemies":"3 Byrds","floor":19.0,"turns":3.0},{"damage":0.0,"enemies":"Cultist and Chosen","floor":21.0,"turns":5.0},{"damage":0.0,"enemies":"Centurion and Healer","floor":22.0,"turns":4.0},{"damage":12.0,"enemies":"Gremlin Leader","floor":24.0,"turns":4.0},{"damage":0.0,"enemies":"Snecko","floor":28.0,"turns":3.0},{"damage":0.0,"enemies":"Snake Plant","floor":29.0,"turns":2.0},{"damage":33.0,"enemies":"Slavers","floor":31.0,"turns":5.0},{"damage":0.0,"enemies":"Automaton","floor":33.0,"turns":7.0},{"damage":0.0,"enemies":"3 Darklings","floor":35.0,"turns":3.0},{"damage":0.0,"enemies":"3 Shapes","floor":37.0,"turns":3.0},{"damage":8.0,"enemies":"Writhing Mass","floor":39.0,"turns":7.0},{"damage":10.0,"enemies":"Nemesis","floor":40.0,"turns":5.0},{"damage":0.0,"enemies":"Reptomancer","floor":42.0,"turns":5.0},{"damage":0.0,"enemies":"Nemesis","floor":44.0,"turns":4.0},{"damage":0.0,"enemies":"Maw","floor":45.0,"turns":5.0},{"damage":0.0,"enemies":"Reptomancer","floor":48.0,"turns":4.0},{"damage":0.0,"enemies":"Donu and Deca","floor":50.0,"turns":6.0},{"damage":55,"enemies":"Time Eater","floor":51,"turns":9},{"damage":0,"enemies":"Shield and Spear","floor":55,"turns":3},{"damage":53,"enemies":"The Heart","floor":56,"turns":6}],"seed_played":"8890122601111967006","potions_obtained":[{"floor":1.0,"key":"LiquidMemories"},{"floor":5.0,"key":"EssenceOfSteel"},{"floor":6.0,"key":"Weak Potion"},{"floor":13.0,"key":"EntropicBrew"},{"floor":18.0,"key":"Ancient Potion"},{"floor":28.0,"key":"Ancient Potion"}],"is_trial":false,"path_per_floor":["M","M","?","M","M","E","?","E","T","M","M","M","M","?","R","B",null,"M","M","?","M","M","R","E","?","T","$","M","M","$","E","R","B",null,"M","$","M","?","M","E","R","E","T","E","M","T","R","E","R","B","B",null,"R","$","E","B",null],"character_chosen":"DEFECT","items_purchased":["Scrape","Tiny Chest","DollysMirror","SkillPotion"],"campfire_rested":1,"item_purchase_floors":[27,27,36,54],"current_hp_per_floor":[58,58,58,58,58,38,38,38,38,38,38,38,37,37,37,37,63,63,53,53,53,53,53,53,53,53,53,53,53,53,20,41,41,64,64,64,64,64,56,46,46,46,46,46,46,56,56,56,56,81,26,67,67,67,74,35],"gold":74,"neow_bonus":"ONE_RARE_RELIC","is_daily":false,"chose_seed":false,"campfire_upgraded":5,"win_rate":0.0,"timestamp":1608744507,"path_taken":["M","M","?","M","M","E","?","E","T","M","?","M","M","?","R","BOSS","M","M","?","M","M","R","E","?","T","?","?","?","$","E","R","BOSS","M","$","M","?","M","E","R","E","T","E","M","?","R","E","R","BOSS","BOSS","R","$","E","BOSS"],"items_purchased_type":["Card","Relic","Relic","Potion"],"build_version":"2020-12-22","purchased_purges":2,"victory":true,"max_hp_per_floor":[71,71,71,71,71,71,71,71,71,71,71,71,71,71,71,71,71,71,71,71,71,71,71,71,71,71,71,71,71,71,71,71,71,71,71,71,71,71,71,71,71,71,71,71,71,81,81,81,81,81,81,81,81,81,88,88],"relic_stats":{"counters":[32,139],"StoneCalendar":[52],"Pen Nib":[24],"Bag of Preparation":[52],"Letter Opener":[959],"Orichalcum":[18],"Boot":[31],"Dream Catcher":0,"Mummified Hand":[71],"Bronze Scales":[411],"Pantograph":39,"Snecko Eye":[232,230,227,211],"Tiny Chest":1,"Black Star":5,"Kunai":[34],"obtain_stats":[{"Lantern":40,"Pear":46,"Oddly Smooth Stone":42,"StoneCalendar":48,"Pen Nib":8,"The Courier":44,"Bag of Preparation":9,"Letter Opener":31,"Orichalcum":44,"Boot":42,"Dream Catcher":40,"DollysMirror":36,"Mummified Hand":43,"Bronze Scales":6,"Pantograph":48,"Strawberry":55,"Snecko Eye":17,"Tiny Chest":27,"CultistMask":7,"Black Star":34,"Kunai":24,"Cracked Core":0,"StrikeDummy":55,"FossilizedHelix":0},{"Lantern":24,"Pear":27,"Oddly Smooth Stone":25,"StoneCalendar":28,"Pen Nib":6,"The Courier":26,"Bag of Preparation":6,"Letter Opener":19,"Orichalcum":26,"Boot":25,"Dream Catcher":24,"DollysMirror":21,"Mummified Hand":25,"Bronze Scales":5,"Pantograph":28,"Strawberry":31,"Snecko Eye":11,"Tiny Chest":16,"CultistMask":5,"Black Star":20,"Kunai":16,"Cracked Core":0,"StrikeDummy":31,"FossilizedHelix":0},{"Lantern":97,"Pear":111,"Oddly Smooth Stone":102,"StoneCalendar":115,"Pen Nib":19,"The Courier":106,"Bag of Preparation":19,"Letter Opener":72,"Orichalcum":106,"Boot":102,"Dream Catcher":97,"DollysMirror":82,"Mummified Hand":102,"Bronze Scales":16,"Pantograph":115,"Strawberry":133,"Snecko Eye":42,"Tiny Chest":62,"CultistMask":16,"Black Star":79,"Kunai":62,"Cracked Core":0,"StrikeDummy":133,"FossilizedHelix":0}]},"card_choices":[{"not_picked":["Undo","White Noise"],"picked":"Streamline","floor":1.0},{"not_picked":["Gash","Steam"],"picked":"Undo","floor":2.0},{"not_picked":["Rebound","Streamline"],"picked":"Coolheaded","floor":4.0},{"not_picked":["Go for the Eyes","Cold Snap"],"picked":"Ball Lightning","floor":5.0},{"not_picked":["Amplify","Doom and Gloom"],"picked":"Go for the Eyes","floor":6.0},{"not_picked":["Beam Cell","FTL"],"picked":"Echo Form","floor":8.0},{"not_picked":["Chill","Steam Power"],"picked":"Aggregate","floor":10.0},{"not_picked":["Leap","Darkness"],"picked":"Conserve Battery","floor":11.0},{"not_picked":["Streamline","Hologram"],"picked":"Reinforced Body","floor":12.0},{"not_picked":["Lockon","Beam Cell"],"picked":"Hologram","floor":13.0},{"not_picked":["Hyperbeam","All For One"],"picked":"Electrodynamics","floor":16.0},{"not_picked":["Leap+1","Beam Cell+1","Ball Lightning"],"picked":"SKIP","floor":18.0},{"not_picked":["Turbo","Rebound+1"],"picked":"Skim","floor":19.0},{"not_picked":["Beam Cell+1","Redo"],"picked":"Hologram","floor":21.0},{"not_picked":["Conserve Battery","Auto Shields","Turbo"],"picked":"SKIP","floor":22.0},{"not_picked":["Double Energy","Cold Snap"],"picked":"Sunder","floor":24.0},{"not_picked":["Stack","Beam Cell","Gash"],"picked":"SKIP","floor":28.0},{"not_picked":["Cold Snap","Compile Driver+1"],"picked":"Hologram","floor":29.0},{"not_picked":["Hologram","Go for the Eyes+1","Steam"],"picked":"SKIP","floor":31.0},{"not_picked":["Machine Learning","Rainbow"],"picked":"Biased Cognition","floor":33.0},{"not_picked":["Streamline+1","Turbo","Barrage"],"picked":"SKIP","floor":35.0},{"not_picked":["Coolheaded","Beam Cell","Sunder"],"picked":"SKIP","floor":37.0},{"not_picked":["FTL","Turbo+1","Aggregate"],"picked":"SKIP","floor":39.0},{"not_picked":["Barrage","Gash","Conserve Battery"],"picked":"SKIP","floor":40.0},{"not_picked":["Aggregate+1","Beam Cell"],"picked":"Defragment","floor":42.0},{"not_picked":["Tempest","Multi-Cast"],"picked":"Recycle","floor":44.0},{"not_picked":["Conserve Battery","Gash+1"],"picked":"Skim","floor":45.0},{"not_picked":["Compile Driver","Gash"],"picked":"Skim+1","floor":48.0},{"not_picked":["Hello World","Leap+1"],"picked":"Rip and Tear+1","floor":55}],"player_experience":1026941,"relics_obtained":[{"floor":6.0,"key":"Bronze Scales"},{"floor":8.0,"key":"Pen Nib"},{"floor":9.0,"key":"Bag of Preparation"},{"floor":24.0,"key":"Kunai"},{"floor":31.0,"key":"Letter Opener"},{"floor":40.0,"key":"Dream Catcher"},{"floor":40.0,"key":"Lantern"},{"floor":42.0,"key":"Boot"},{"floor":42.0,"key":"Oddly Smooth Stone"},{"floor":43.0,"key":"Mummified Hand"},{"floor":44.0,"key":"Orichalcum"},{"floor":44.0,"key":"The Courier"},{"floor":46.0,"key":"Pear"},{"floor":48.0,"key":"StoneCalendar"},{"floor":48.0,"key":"Pantograph"},{"floor":55,"key":"Strawberry"},{"floor":55,"key":"StrikeDummy"}],"event_choices":[{"damage_healed":0.0,"max_hp_gain":0.0,"max_hp_loss":0.0,"gold_gain":0.0,"event_name":"Living Wall","player_choice":"Grow","floor":3.0,"gold_loss":0.0,"damage_taken":0.0,"cards_upgraded":["Streamline"]},{"damage_healed":0.0,"max_hp_gain":0.0,"max_hp_loss":0.0,"gold_gain":0.0,"event_name":"FaceTrader","player_choice":"Trade","floor":7.0,"gold_loss":0.0,"damage_taken":0.0,"relics_obtained":["CultistMask"]},{"cards_removed":["Strike_B"],"damage_healed":0.0,"max_hp_gain":0.0,"max_hp_loss":0.0,"gold_gain":0.0,"event_name":"Bonfire Elementals","player_choice":"Offered Basic","floor":14.0,"gold_loss":0.0,"damage_taken":0.0},{"damage_healed":0.0,"max_hp_gain":0.0,"max_hp_loss":0.0,"gold_gain":0.0,"event_name":"Ghosts","player_choice":"Ignored","floor":20.0,"gold_loss":0.0,"damage_taken":0.0},{"damage_healed":0.0,"max_hp_gain":0.0,"max_hp_loss":0.0,"gold_gain":0.0,"cards_transformed":["Strike_B","Defend_B"],"event_name":"Drug Dealer","player_choice":"Became Test Subject","floor":25.0,"gold_loss":0.0,"damage_taken":0.0,"cards_obtained":["Stack","Rip and Tear"]},{"cards_removed":["Rip and Tear"],"damage_healed":0.0,"max_hp_gain":0.0,"max_hp_loss":0.0,"gold_gain":0.0,"event_name":"Falling","player_choice":"Removed Attack","floor":38.0,"gold_loss":0.0,"damage_taken":0.0}],"is_beta":false,"boss_relics":[{"not_picked":["Velvet Choker","Fusion Hammer"],"picked":"Snecko Eye"},{"not_picked":["Nuclear Battery","Runic Pyramid"],"picked":"Black Star"}],"items_purged_floors":[27,54],"is_endless":false,"potions_floor_spawned":[1,5,6,13,16,18,21,22,28,39,40,44,45],"ascension_level":20}}