{"host":"i0avyit1s6jb1siw","time":1608750673,"event":{"mods":["BaseMod","DeckTracker","Dota2Spire","Highlight Path","Minty Spire (QoL Compilation)","Quick Restart","Replay The Spire","StSLib","SuperFastMode"],"gold_per_floor":[115,125,200,166,182,182,195,195,222,236,236,236,236,236],"floor_reached":13,"playtime":237,"items_purged":["Languid"],"score":116,"play_id":"62581113-765b-4d9b-83c5-c1ba82180769","local_time":"20201223201112","is_ascension_mode":true,"campfire_choices":[{"data":"Dualcast","floor":6,"key":"SMITH"},{"data":"Lockon","floor":8,"key":"SMITH"},{"data":"Heatsinks","floor":11,"key":"SMITH"}],"circlet_count":0,"master_deck":["AscendersBane","Strike_B","Strike_B","Defend_B","Defend_B","Defend_B","Zap","Dualcast+1","Capacitor","Gash","Chill+1","Heatsinks+1","Lockon+1","Core Surge"],"relics":["Cracked Core","ReplayTheSpireMod:CursedCoin","Potion Belt"],"acts_visited":[],"potions_floor_usage":[7],"damage_taken":[{"damage":1,"enemies":"Cultist","floor":1,"turns":3},{"damage":15,"enemies":"Small Slimes","floor":2,"turns":3},{"damage":0,"enemies":"2 Louse","floor":5,"turns":3},{"damage":16,"enemies":"Large Slime","floor":7,"turns":5},{"damage":4,"enemies":"Red Slaver","floor":10,"turns":3},{"damage":22,"enemies":"3 Sentries","floor":13,"turns":7}],"seed_played":"-2869430653270143368","potions_obtained":[{"floor":2,"key":"FairyPotion"},{"floor":7,"key":"Cursed Concoction"}],"is_trial":false,"path_per_floor":["M","M","?","$","M","R","M","R","T","M","R","?","E"],"character_chosen":"DEFECT","items_purchased":["ReplayTheSpireMod:CursedCoin","Chill+1","SkillPotion"],"campfire_rested":0,"item_purchase_floors":[4,4,4],"current_hp_per_floor":[49,34,23,23,23,23,7,7,7,3,3,22,0,0],"gold":236,"neow_bonus":"REMOVE_TWO","is_daily":false,"chose_seed":false,"campfire_upgraded":3,"win_rate":0.0,"timestamp":1608750672,"path_taken":["M","?","?","$","M","R","M","R","T","M","R","?","E"],"items_purchased_type":["Relic","Card","Potion"],"build_version":"2020-12-22","purchased_purges":1,"victory":false,"max_hp_per_floor":[75,75,75,75,75,75,75,75,75,75,75,75,75,75],"card_choices":[{"not_picked":["Gash","Leap"],"picked":"Capacitor","floor":1},{"not_picked":["Blizzard","Redo"],"picked":"Gash","floor":2},{"not_picked":["Coolheaded","Recycle"],"picked":"Heatsinks","floor":5},{"not_picked":["Hologram","Ball Lightning"],"picked":"Lockon","floor":7},{"not_picked":["Leap","Steam"],"picked":"Core Surge","floor":10}],"player_experience":2111464,"relics_obtained":[{"floor":9,"key":"Potion Belt"}],"event_choices":[{"damage_healed":0,"gold_gain":75,"player_choice":"Gather Gold","damage_taken":11,"max_hp_gain":0,"max_hp_loss":0,"event_name":"World of Goop","floor":3,"gold_loss":0},{"cards_removed":["Strike_B"],"damage_healed":0,"gold_gain":0,"player_choice":"Card Removal","damage_taken":7,"max_hp_gain":0,"max_hp_loss":0,"event_name":"Golden Wing","floor":12,"gold_loss":0}],"is_beta":false,"boss_relics":[],"items_purged_floors":[4],"is_endless":false,"potions_floor_spawned":[2,7],"killed_by":"3 Sentries","ascension_level":11}}