{"host":"cbq8yyebcqrqowe9","time":1608761967,"event":{"mods":["BaseMod","Better Altar","Better Match","Better Note","Better Sensory Stone","Better Skull","Better Third Choice","Hermit","Hubris","Minty Spire (QoL Compilation)","StSLib","The Blue Laboratory"],"gold_per_floor":[109,109,120,136,60,89,105,105,154,154,154],"floor_reached":10,"playtime":420,"items_purged":[],"score":75,"play_id":"76b05295-4bf1-4cbb-8caf-7272faae6433","local_time":"20201223141927","is_ascension_mode":true,"campfire_choices":[{"floor":8,"key":"REST"}],"circlet_count":0,"master_deck":["Strike_R","Strike_R","Strike_R","Strike_R","Strike_R","Defend_R","Defend_R","Defend_R","Defend_R","Bash","Limit Break","Heavy Blade","Heavy Blade","Perfected Strike","Entrench","Fire Breathing","Body Slam"],"relics":["Burning Blood","Omamori","Oddly Smooth Stone"],"acts_visited":["Exordium"],"potions_floor_usage":[6],"damage_taken":[{"damage":6,"enemies":"Cultist","floor":1,"turns":3},{"damage":8,"enemies":"2 Louse","floor":3,"turns":2},{"damage":19,"enemies":"Jaw Worm","floor":4,"turns":3},{"damage":54,"enemies":"Lagavulin","floor":6,"turns":8},{"damage":6,"enemies":"Looter","floor":7,"turns":2},{"damage":30,"enemies":"3 Sentries","floor":10,"turns":6}],"seed_played":"232901638879349105","potions_obtained":[{"floor":4,"key":"Energy Potion"}],"is_trial":false,"path_per_floor":["M","?","M","M","$","E","M","R","T","E"],"character_chosen":"IRONCLAD","items_purchased":["Entrench"],"campfire_rested":1,"item_purchase_floors":[5],"current_hp_per_floor":[72,72,70,57,57,9,9,30,30,0,0],"gold":154,"neow_bonus":"THREE_RARE_CARDS","is_daily":false,"chose_seed":false,"campfire_upgraded":0,"win_rate":0.0,"timestamp":1608761967,"path_taken":["M","?","M","M","$","E","?","R","T","E"],"items_purchased_type":["Card"],"build_version":"2020-12-22","purchased_purges":0,"victory":false,"max_hp_per_floor":[72,72,72,72,72,72,72,72,72,72,72],"card_choices":[{"not_picked":["Demon Form","Berserk"],"picked":"Limit Break","floor":0},{"not_picked":["Ghostly Armor","Iron Wave"],"picked":"Heavy Blade","floor":1},{"not_picked":["Bloodletting","Body Slam"],"picked":"Heavy Blade","floor":3},{"not_picked":["Twin Strike","Metallicize"],"picked":"Perfected Strike","floor":4},{"not_picked":["Pommel Strike","Flame Barrier"],"picked":"Fire Breathing","floor":6},{"not_picked":["Twin Strike","Sword Boomerang"],"picked":"Body Slam","floor":7}],"player_experience":227331,"relics_obtained":[{"floor":6,"key":"Omamori"},{"floor":9,"key":"Oddly Smooth Stone"}],"event_choices":[{"damage_healed":4,"gold_gain":0,"player_choice":"LEAVE ","damage_taken":0,"relics_obtained":[],"max_hp_gain":0,"max_hp_loss":0,"event_name":"betterSkull:BetterSkull","floor":2,"gold_loss":0,"cards_upgraded":[]}],"is_beta":false,"boss_relics":[],"items_purged_floors":[],"is_endless":false,"potions_floor_spawned":[4],"killed_by":"3 Sentries","ascension_level":2}}