{"host":"n23juj4d9qam5hh1","time":1608758983,"event":{"mods":["BaseMod","Better Note","BetterRewards","Infinite Spire","Minty Spire (QoL Compilation)","Relic Stats","StSLib"],"gold_per_floor":[209,226,226,179,192,192,202,202,227,239,256,256,256,275,275,372,372,382,396,328,343,343,343],"floor_reached":22,"playtime":878,"items_purged":[],"score":198,"play_id":"cd5de86d-a91b-45ca-8b76-18a706fdcbf8","local_time":"20201223162943","is_ascension_mode":true,"campfire_choices":[{"data":"Flying Knee","floor":6.0,"key":"SMITH"},{"floor":12.0,"key":"REST"},{"data":"Footwork","floor":15.0,"key":"SMITH"}],"circlet_count":0,"master_deck":["Strike_G","Strike_G","Strike_G","Defend_G","Defend_G","Defend_G","Defend_G","Defend_G","Survivor","Neutralize","Eviscerate+1","Flying Knee+1","Poisoned Stab+1","Footwork+1","Deflect","Dagger Spray","Night Terror","Caltrops","Infinite Blades+1","Noxious Fumes","Calculated Gamble+1"],"relics":["Ring of the Snake","Art of War","Empty Cage"],"acts_visited":["Exordium","TheCity"],"potions_floor_usage":[18,19],"damage_taken":[{"damage":1.0,"enemies":"Jaw Worm","floor":1.0,"turns":4.0},{"damage":7.0,"enemies":"2 Louse","floor":2.0,"turns":3.0},{"damage":1.0,"enemies":"Cultist","floor":5.0,"turns":3.0},{"damage":9.0,"enemies":"Blue Slaver","floor":7.0,"turns":3.0},{"damage":11.0,"enemies":"Looter","floor":10.0,"turns":3.0},{"damage":0.0,"enemies":"3 Louse","floor":11.0,"turns":3.0},{"damage":1.0,"enemies":"Exordium Wildlife","floor":14.0,"turns":4.0},{"damage":56.0,"enemies":"Slime Boss","floor":16.0,"turns":14.0},{"damage":13,"enemies":"Chosen","floor":18,"turns":7},{"damage":12,"enemies":"Shell Parasite","floor":19,"turns":8},{"damage":33,"enemies":"Snecko","floor":21,"turns":6},{"damage":12,"enemies":"Cultist and Chosen","floor":22,"turns":4}],"seed_played":"5351206388140201877","potions_obtained":[{"floor":10.0,"key":"BlessingOfTheForge"},{"floor":11.0,"key":"GamblersBrew"},{"floor":14.0,"key":"Fire Potion"},{"floor":21,"key":"Swift Potion"}],"is_trial":false,"path_per_floor":["M","M","?","$","M","R","M","?","T","M","M","R","?","M","R","B",null,"M","M","$","M","M"],"character_chosen":"THE_SILENT","items_purchased":["Flying Knee","Noxious Fumes"],"campfire_rested":1,"item_purchase_floors":[4,20],"current_hp_per_floor":[69,62,62,62,61,61,52,52,52,41,41,62,70,69,69,13,70,57,45,45,12,0,0],"gold":343,"neow_bonus":"HUNDRED_GOLD","is_daily":false,"chose_seed":false,"campfire_upgraded":2,"win_rate":0.0,"timestamp":1608758983,"path_taken":["M","M","?","$","M","R","M","?","T","M","M","R","?","M","R","BOSS","M","M","$","M","M"],"items_purchased_type":["Card","Card"],"build_version":"2020-12-22","purchased_purges":0,"victory":false,"max_hp_per_floor":[70,70,70,70,70,70,70,70,70,70,70,70,70,70,70,70,70,70,70,70,70,70,70],"relic_stats":{"counters":[12,62],"Art of War":[2],"obtain_stats":[{"Art of War":9,"Empty Cage":17,"Ring of the Snake":0},{"Art of War":4,"Empty Cage":8,"Ring of the Snake":0},{"Art of War":13,"Empty Cage":37,"Ring of the Snake":0}],"Ring of the Snake":[24]},"card_choices":[{"not_picked":["Distraction","Quick Slash","Dagger Throw"],"picked":"SKIP","floor":1.0},{"not_picked":["Poisoned Stab","Dagger Spray"],"picked":"Eviscerate","floor":2.0},{"not_picked":["Quick Slash","PiercingWail","Flechettes"],"picked":"SKIP","floor":5.0},{"not_picked":["Dodge and Roll","Flechettes"],"picked":"Poisoned Stab","floor":7.0},{"not_picked":["Tactician","Blade Dance"],"picked":"Footwork","floor":10.0},{"not_picked":["Skewer","Reflex"],"picked":"Deflect","floor":11.0},{"not_picked":["Quick Slash","Dagger Throw"],"picked":"Dagger Spray","floor":14.0},{"not_picked":["Glass Knife","Storm of Steel"],"picked":"Night Terror","floor":16.0},{"not_picked":["Quick Slash+1","Choke"],"picked":"Caltrops","floor":18},{"not_picked":["Dodge and Roll","Underhanded Strike"],"picked":"Infinite Blades+1","floor":19},{"not_picked":["Riddle With Holes+1","Terror+1"],"picked":"Calculated Gamble+1","floor":21}],"player_experience":199891,"relics_obtained":[{"floor":9.0,"key":"Art of War"}],"event_choices":[{"damage_healed":0.0,"max_hp_gain":0.0,"max_hp_loss":0.0,"gold_gain":0.0,"event_name":"Living Wall","player_choice":"Grow","floor":8.0,"gold_loss":0.0,"damage_taken":0.0,"cards_upgraded":["Poisoned Stab"]},{"damage_healed":8.0,"max_hp_gain":0.0,"max_hp_loss":0.0,"gold_gain":0.0,"event_name":"Wheel of Change","player_choice":"Full Heal","floor":13.0,"gold_loss":0.0,"damage_taken":0.0}],"is_beta":false,"boss_relics":[{"not_picked":["Pandora\u0027s Box","Fusion Hammer"],"picked":"Empty Cage"}],"items_purged_floors":[],"is_endless":false,"potions_floor_spawned":[10,11,14,21],"killed_by":"Cultist and Chosen","ascension_level":2}}