{"host":"j204k34h42bd6fas","time":1608742557,"event":{"mods":["Aspiration","BaseMod","Colored Map","Colored Powertips","Conspire","Energized Spire","Hubris","Infinite Spire","JesterMod","Mimic Mod","Minty Spire (QoL Compilation)","Rare Cards Sparkle","Relic Stats","Replay The Spire","Say the Spire","StSLib","The Cursed","The Marked"],"gold_per_floor":[119,180,192,212,229,229,229],"floor_reached":6,"playtime":332,"items_purged":[],"score":38,"play_id":"7d3da41f-d62e-4461-b646-81e63d53ec00","local_time":"20201223115557","is_ascension_mode":false,"campfire_choices":[],"circlet_count":0,"master_deck":["jesterMod:Strike","jesterMod:Strike","jesterMod:Strike","jesterMod:Strike","jesterMod:Sickle","jesterMod:Defend","jesterMod:Defend","jesterMod:Defend","jesterMod:Defend","jesterMod:Dodge","jesterMod:Swiftness","jesterMod:Procrastination","jesterMod:Hide","jesterMod:Inspiration","jesterMod:SmokeScreen"],"relics":["jesterMod:JesterCap","NeowsBlessing","hubris:MysteriousPyramids"],"acts_visited":["Exordium"],"potions_floor_usage":[],"damage_taken":[{"damage":0,"enemies":"Cultist","floor":1,"turns":1},{"damage":0,"enemies":"Jaw Worm","floor":3,"turns":2},{"damage":0,"enemies":"Small Slimes","floor":4,"turns":2},{"damage":1,"enemies":"3 Louse","floor":5,"turns":4},{"damage":20,"enemies":"Lagavulin","floor":6,"turns":11}],"seed_played":"6325252091139971421","potions_obtained":[{"floor":1,"key":"Toxic Potion"},{"floor":2,"key":"Energy Potion"}],"is_trial":false,"path_per_floor":["M","?","M","M","M","E"],"character_chosen":"THE_JESTER","items_purchased":[],"campfire_rested":0,"item_purchase_floors":[],"current_hp_per_floor":[70,53,53,53,52,32,32],"gold":229,"neow_bonus":"THREE_ENEMY_KILL","is_daily":false,"chose_seed":false,"campfire_upgraded":0,"win_rate":0.0,"timestamp":1608742557,"path_taken":["M","?","M","M","M","E"],"items_purchased_type":[],"build_version":"2020-12-22","purchased_purges":0,"victory":false,"max_hp_per_floor":[70,70,70,70,70,70,70],"relic_stats":{"counters":[5,19],"obtain_stats":[{"NeowsBlessing":0,"jesterMod:JesterCap":0,"hubris:MysteriousPyramids":2},{"NeowsBlessing":0,"jesterMod:JesterCap":0,"hubris:MysteriousPyramids":1},{"NeowsBlessing":0,"jesterMod:JesterCap":0,"hubris:MysteriousPyramids":1}]},"card_choices":[{"not_picked":["jesterMod:Anticipation","jesterMod:Illness"],"picked":"jesterMod:Swiftness","floor":1},{"not_picked":["jesterMod:Talion","jesterMod:OblivionStrike"],"picked":"jesterMod:Procrastination","floor":2},{"not_picked":["jesterMod:TrickyDodge","jesterMod:Taunt"],"picked":"jesterMod:Hide","floor":3},{"not_picked":["jesterMod:ButterKnife","jesterMod:BouncingKnife"],"picked":"jesterMod:Inspiration","floor":4},{"not_picked":["jesterMod:Hide","jesterMod:Talion"],"picked":"jesterMod:SmokeScreen","floor":5}],"player_experience":286259,"relics_obtained":[{"floor":2,"key":"hubris:MysteriousPyramids"}],"event_choices":[],"is_beta":false,"boss_relics":[],"items_purged_floors":[],"is_endless":false,"potions_floor_spawned":[1],"killed_by":"Lagavulin","ascension_level":0}}