{"host":"7pe9xwx78c6nlay8","time":1608750231,"event":{"mods":["BaseMod","Minty Spire (QoL Compilation)"],"gold_per_floor":[110,13,81,94,30,59,59,90,90,119,119,139,173,183,183,281,281,296,296,296,312,312,312,338,338,364,398,398,416,447,89,89,191,191,204,204,220,231,242,242,274,286,286,298,327,327,341,372,372,372],"floor_reached":51,"playtime":2370,"items_purged":["Defend_P","Defend_P"],"score":1457,"play_id":"565b6bfa-0632-4cdc-99fa-dc4b53ebf0d6","local_time":"20201224030351","is_ascension_mode":true,"campfire_choices":[{"data":"Eruption","floor":7.0,"key":"SMITH"},{"floor":11.0,"key":"REST"},{"floor":15.0,"key":"REST"},{"floor":23.0,"key":"REST"},{"floor":25.0,"key":"REST"},{"data":"DevaForm","floor":28.0,"key":"SMITH"},{"data":"PathToVictory","floor":32.0,"key":"SMITH"},{"floor":40.0,"key":"REST"},{"floor":46.0,"key":"REST"},{"data":"Nirvana","floor":49.0,"key":"SMITH"}],"circlet_count":0,"master_deck":["AscendersBane","Strike_P","Strike_P","Defend_P+1","Eruption+1","Vigilance+1","Nirvana+1","PathToVictory+1","DevaForm+1","Protect+1","Wallop+1","CutThroughFate+1","Nirvana","Nirvana","Evaluate+1","EmptyFist+1","SignatureMove+1","JustLucky+1","DeusExMachina+1","WindmillStrike+1","ThirdEye+1","Nirvana","JustLucky+1","PathToVictory+1"],"relics":["PureWater","NeowsBlessing","TeardropLocket","Molten Egg 2","Potion Belt","Toxic Egg 2","Shuriken","Bag of Marbles","StoneCalendar","Runic Pyramid","MealTicket","Smiling Mask","Pen Nib","Bottled Flame","Pear","Lizard Tail","Black Star","HornCleat","StrikeDummy","War Paint","Strawberry","Oddly Smooth Stone","Bird Faced Urn","Lantern"],"acts_visited":["Exordium","TheCity","TheBeyond"],"potions_floor_usage":[50],"damage_taken":[{"damage":0.0,"enemies":"Cultist","floor":1.0,"turns":1.0},{"damage":0.0,"enemies":"2 Louse","floor":4.0,"turns":1.0},{"damage":0.0,"enemies":"Lagavulin","floor":6.0,"turns":1.0},{"damage":40.0,"enemies":"3 Sentries","floor":8.0,"turns":6.0},{"damage":0.0,"enemies":"Lagavulin","floor":10.0,"turns":7.0},{"damage":0.0,"enemies":"Small Slimes","floor":12.0,"turns":2.0},{"damage":36.0,"enemies":"3 Sentries","floor":13.0,"turns":7.0},{"damage":3.0,"enemies":"Looter","floor":14.0,"turns":3.0},{"damage":11.0,"enemies":"Slime Boss","floor":16.0,"turns":7.0},{"damage":10.0,"enemies":"Spheric Guardian","floor":18.0,"turns":4.0},{"damage":0.0,"enemies":"Chosen","floor":21.0,"turns":5.0},{"damage":26.0,"enemies":"Gremlin Leader","floor":24.0,"turns":6.0},{"damage":5.0,"enemies":"Book of Stabbing","floor":27.0,"turns":4.0},{"damage":0.0,"enemies":"3 Cultists","floor":29.0,"turns":4.0},{"damage":22.0,"enemies":"Gremlin Leader","floor":30.0,"turns":6.0},{"damage":16.0,"enemies":"Collector","floor":33.0,"turns":7.0},{"damage":12.0,"enemies":"3 Shapes","floor":35.0,"turns":3.0},{"damage":14.0,"enemies":"Orb Walker","floor":37.0,"turns":5.0},{"damage":25.0,"enemies":"Sphere and 2 Shapes","floor":38.0,"turns":6.0},{"damage":0.0,"enemies":"Transient","floor":39.0,"turns":5.0},{"damage":45.0,"enemies":"Reptomancer","floor":41.0,"turns":7.0},{"damage":18.0,"enemies":"Spire Growth","floor":42.0,"turns":4.0},{"damage":0.0,"enemies":"4 Shapes","floor":44.0,"turns":6.0},{"damage":7.0,"enemies":"Giant Head","floor":45.0,"turns":6.0},{"damage":0.0,"enemies":"3 Darklings","floor":47.0,"turns":5.0},{"damage":24.0,"enemies":"Reptomancer","floor":48.0,"turns":5.0},{"damage":11,"enemies":"Donu and Deca","floor":50,"turns":10}],"seed_played":"-4301316419540784872","potions_obtained":[{"floor":1.0,"key":"EntropicBrew"},{"floor":4.0,"key":"SkillPotion"},{"floor":8.0,"key":"Swift Potion"},{"floor":13.0,"key":"BottledMiracle"},{"floor":14.0,"key":"BottledMiracle"},{"floor":21.0,"key":"DistilledChaos"},{"floor":24.0,"key":"SpeedPotion"},{"floor":29.0,"key":"ColorlessPotion"},{"floor":35.0,"key":"BlessingOfTheForge"},{"floor":37.0,"key":"Explosive Potion"},{"floor":39.0,"key":"SpeedPotion"},{"floor":44.0,"key":"Energy Potion"},{"floor":48.0,"key":"Fire Potion"}],"is_trial":false,"path_per_floor":["M","$","T","M","?","E","R","E","T","E","R","M","E","M","R","B",null,"M","?","?","M","?","R","E","R","T","E","R","M","E","$","R","B",null,"M","?","M","M","M","R","E","M","T","M","E","R","M","E","R","B",null],"character_chosen":"WATCHER","items_purchased":["PathToVictory","Lizard Tail"],"campfire_rested":6,"item_purchase_floors":[2,31],"current_hp_per_floor":[65,65,65,65,65,65,65,25,25,25,46,46,10,7,28,17,58,48,35,35,35,35,58,32,55,55,50,50,50,38,53,53,37,75,63,63,49,24,24,50,5,43,43,43,43,71,71,47,47,46],"gold":372,"neow_bonus":"THREE_ENEMY_KILL","is_daily":false,"chose_seed":false,"campfire_upgraded":4,"win_rate":0.0,"timestamp":1608750231,"path_taken":["M","$","?","?","?","E","R","E","T","E","R","M","E","?","R","BOSS","M","?","?","?","?","R","E","R","T","E","R","M","E","$","R","BOSS","M","?","?","M","M","R","E","M","T","M","E","R","M","E","R","BOSS"],"items_purchased_type":["Card","Relic"],"build_version":"2020-12-22","purchased_purges":2,"victory":true,"max_hp_per_floor":[72,72,72,72,72,72,72,72,72,72,72,72,72,72,72,72,72,72,77,77,77,77,77,77,77,77,77,77,77,87,87,87,87,87,87,87,87,87,87,87,87,87,87,87,94,94,94,94,94,94],"card_choices":[{"not_picked":["Swivel","EmptyMind"],"picked":"Nirvana","floor":1.0},{"not_picked":["Swivel","Worship","FlurryOfBlows"],"picked":"SKIP","floor":4.0},{"not_picked":["TalkToTheHand+1","FollowUp+1"],"picked":"DevaForm","floor":6.0},{"not_picked":["Vengeance+1","Study"],"picked":"Protect+1","floor":8.0},{"not_picked":["InnerPeace+1","FollowUp+1"],"picked":"Wallop+1","floor":10.0},{"not_picked":["Protect+1","FlyingSleeves+1"],"picked":"CutThroughFate+1","floor":12.0},{"not_picked":["MentalFortress","CrushJoints+1"],"picked":"Nirvana","floor":13.0},{"not_picked":["Wish+1","FlyingSleeves+1"],"picked":"Nirvana","floor":14.0},{"not_picked":["EmptyBody+1","FlurryOfBlows+1"],"picked":"Evaluate+1","floor":18.0},{"not_picked":["CarveReality+1","ClearTheMind+1","EmptyBody+1"],"picked":"SKIP","floor":21.0},{"not_picked":["BowlingBash+1","Crescendo+1","CrushJoints+1"],"picked":"SKIP","floor":24.0},{"not_picked":["LikeWater","DeceiveReality+1","CrushJoints+1"],"picked":"SKIP","floor":27.0},{"not_picked":["FollowUp+1","Collect+1","Evaluate+1"],"picked":"SKIP","floor":29.0},{"not_picked":["WindmillStrike+1","Brilliance+1"],"picked":"JustLucky+1","floor":30.0},{"not_picked":["Scrawl+1","Devotion"],"picked":"DeusExMachina+1","floor":33.0},{"not_picked":["SignatureMove+1","Worship+1"],"picked":"WindmillStrike+1","floor":35.0},{"not_picked":["FollowUp+1","BattleHymn","Consecrate+1"],"picked":"SKIP","floor":37.0},{"not_picked":["CarveReality+1","ClearTheMind+1"],"picked":"ThirdEye+1","floor":38.0},{"not_picked":["Sanctity+1","BowlingBash+1","Collect+1"],"picked":"SKIP","floor":39.0},{"not_picked":["ForeignInfluence+1","Establishment","FlyingSleeves+1"],"picked":"SKIP","floor":41.0},{"not_picked":["FlurryOfBlows+1","Consecrate+1"],"picked":"Nirvana","floor":42.0},{"not_picked":["Evaluate+1","FollowUp+1"],"picked":"JustLucky+1","floor":44.0},{"not_picked":["ClearTheMind+1","Prostrate+1","LessonLearned+1"],"picked":"SKIP","floor":45.0},{"not_picked":["Protect+1","Consecrate+1"],"picked":"PathToVictory+1","floor":47.0},{"not_picked":["Tantrum+1","Adaptation+1","ClearTheMind+1"],"picked":"SKIP","floor":48.0}],"player_experience":1559254,"relics_obtained":[{"floor":3.0,"key":"TeardropLocket"},{"floor":6.0,"key":"Potion Belt"},{"floor":8.0,"key":"Toxic Egg 2"},{"floor":9.0,"key":"Shuriken"},{"floor":10.0,"key":"Bag of Marbles"},{"floor":13.0,"key":"StoneCalendar"},{"floor":20.0,"key":"MealTicket"},{"floor":24.0,"key":"Smiling Mask"},{"floor":26.0,"key":"Pen Nib"},{"floor":27.0,"key":"Bottled Flame"},{"floor":30.0,"key":"Pear"},{"floor":41.0,"key":"HornCleat"},{"floor":41.0,"key":"StrikeDummy"},{"floor":43.0,"key":"War Paint"},{"floor":45.0,"key":"Strawberry"},{"floor":45.0,"key":"Oddly Smooth Stone"},{"floor":48.0,"key":"Bird Faced Urn"},{"floor":48.0,"key":"Lantern"}],"event_choices":[{"damage_healed":0.0,"max_hp_gain":0.0,"max_hp_loss":0.0,"gold_gain":0.0,"event_name":"WeMeetAgain","player_choice":"Paid Gold","floor":5.0,"gold_loss":64.0,"damage_taken":0.0,"relics_obtained":["Molten Egg 2"]},{"damage_healed":0.0,"max_hp_gain":5.0,"max_hp_loss":0.0,"gold_gain":0.0,"event_name":"Forgotten Altar","player_choice":"Shed Blood","floor":19.0,"gold_loss":0.0,"damage_taken":18.0},{"damage_healed":0.0,"max_hp_gain":0.0,"max_hp_loss":0.0,"gold_gain":0.0,"event_name":"Wheel of Change","player_choice":"Relic","floor":20.0,"gold_loss":0.0,"damage_taken":0.0},{"damage_healed":0.0,"max_hp_gain":0.0,"max_hp_loss":0.0,"gold_gain":0.0,"cards_transformed":["Strike_P","Strike_P"],"event_name":"Drug Dealer","player_choice":"Became Test Subject","floor":22.0,"gold_loss":0.0,"damage_taken":0.0,"cards_obtained":["EmptyFist","SignatureMove"]},{"cards_removed":["Defend_P"],"damage_healed":0.0,"max_hp_gain":0.0,"max_hp_loss":0.0,"gold_gain":0.0,"event_name":"Wheel of Change","player_choice":"Card Removal","floor":36.0,"gold_loss":0.0,"damage_taken":0.0}],"is_beta":false,"boss_relics":[{"not_picked":["Snecko Eye","Pandora\u0027s Box"],"picked":"Runic Pyramid"},{"not_picked":["Sozu","SacredBark"],"picked":"Black Star"}],"items_purged_floors":[2,31],"is_endless":false,"potions_floor_spawned":[1,4,8,13,14,21,24,29,35,37,39,44,48],"ascension_level":12}}