{"host":"zig6x0mxqzam82fb","time":1608693188,"event":{"mods":["BaseMod","Block Reminder","Colored Map","Colored Powertips","Minty Spire (QoL Compilation)","Relic Stats"],"gold_per_floor":[112,112,112,112,129,164,164,198,198,198,217,21,32,109,109,214,214,224,10,10,25,41,72,72,105,105,130,130,0,33,68,68,164,164,174,191,206,206,216,216,226,226,252,263,263,13,38,54,54,54],"floor_reached":51,"playtime":4316,"items_purged":[],"score":1173,"play_id":"831b9a2a-fee4-4fe3-bbed-49df4a6455e7","local_time":"20201222221308","is_ascension_mode":true,"campfire_choices":[{"floor":7,"key":"REST"},{"floor":10,"key":"REST"},{"floor":15,"key":"REST"},{"floor":24,"key":"REST"},{"floor":28,"key":"REST"},{"floor":32,"key":"REST"},{"floor":40,"key":"REST"},{"floor":45,"key":"REST"},{"floor":49,"key":"REST"}],"circlet_count":0,"master_deck":["Strike_B+1","Strike_B+1","Strike_B+1","Strike_B+1","Defend_B+1","Defend_B+1","Defend_B+1","Zap","Dualcast","Rebound","Reboot","Melter","Hologram","Tempest","Hologram+1","Sunder","Chill","Hello World+1","Buffer+1","Go for the Eyes","Apotheosis","Reprogram+1","Leap","Leap","Buffer+1","Go for the Eyes+1","All For One","Reprogram","Go for the Eyes+1","All For One","Streamline+1","Streamline","Impatience","Magnetism+1","Hello World+1","Injury","Hologram+1","Parasite","Skim"],"relics":["Fusion Hammer","TungstenRod","Frozen Egg 2","Cables","WingedGreaves","Philosopher\u0027s Stone","MealTicket","Art of War","The Courier","Lizard Tail","Blue Candle","Anchor","Cursed Key","Strawberry","Calipers","Darkstone Periapt"],"acts_visited":["Exordium","TheCity","TheBeyond"],"potions_floor_usage":[8,16,16,16,23,30,30,31,37,44,50],"damage_taken":[{"damage":2,"enemies":"Jaw Worm","floor":1,"turns":3},{"damage":0,"enemies":"2 Louse","floor":5,"turns":2},{"damage":23,"enemies":"Lagavulin","floor":6,"turns":6},{"damage":35,"enemies":"Gremlin Nob","floor":8,"turns":3},{"damage":7,"enemies":"Small Slimes","floor":11,"turns":2},{"damage":11,"enemies":"Exordium Wildlife","floor":13,"turns":3},{"damage":0,"enemies":"Slime Boss","floor":16,"turns":4},{"damage":0,"enemies":"Shell Parasite","floor":18,"turns":3},{"damage":0,"enemies":"Spheric Guardian","floor":21,"turns":3},{"damage":0,"enemies":"Centurion and Healer","floor":22,"turns":5},{"damage":0,"enemies":"Gremlin Leader","floor":23,"turns":5},{"damage":4,"enemies":"Book of Stabbing","floor":25,"turns":4},{"damage":14,"enemies":"Gremlin Leader","floor":27,"turns":7},{"damage":0,"enemies":"Book of Stabbing","floor":30,"turns":5},{"damage":17,"enemies":"Gremlin Leader","floor":31,"turns":7},{"damage":0,"enemies":"Champ","floor":33,"turns":12},{"damage":12,"enemies":"3 Darklings","floor":35,"turns":6},{"damage":0,"enemies":"Orb Walker","floor":36,"turns":3},{"damage":0,"enemies":"Transient","floor":37,"turns":5},{"damage":11,"enemies":"Spire Growth","floor":39,"turns":5},{"damage":10,"enemies":"4 Shapes","floor":41,"turns":6},{"damage":17,"enemies":"Jaw Worm Horde","floor":44,"turns":4},{"damage":12,"enemies":"Nemesis","floor":47,"turns":7},{"damage":14,"enemies":"Writhing Mass","floor":48,"turns":9},{"damage":48,"enemies":"Donu and Deca","floor":50,"turns":11}],"seed_played":"-929347460006034642","potions_obtained":[{"floor":1,"key":"LiquidBronze"},{"floor":11,"key":"FocusPotion"},{"floor":13,"key":"CultistPotion"},{"floor":16,"key":"SteroidPotion"},{"floor":18,"key":"FearPotion"},{"floor":30,"key":"AttackPotion"},{"floor":35,"key":"PowerPotion"},{"floor":37,"key":"Dexterity Potion"},{"floor":41,"key":"SpeedPotion"}],"is_trial":false,"path_per_floor":["M","?","?","?","M","E","R","E","T","R","M","$","M","?","R","B",null,"M","$","?","M","M","E","R","E","T","E","R","$","E","E","R","B",null,"M","M","M","?","M","R","M","?","T","M","R","$","E","M","R","B",null],"character_chosen":"DEFECT","items_purchased":["Sunder","Chill","FearPotion","Apotheosis","Block Potion","All For One","Calipers"],"campfire_rested":9,"item_purchase_floors":[12,12,12,19,19,29,46],"current_hp_per_floor":[66,66,66,48,48,25,47,12,12,34,27,27,16,16,38,38,66,66,66,66,66,66,66,75,71,71,57,75,75,75,58,75,75,75,63,63,63,59,48,70,60,60,67,50,74,82,70,62,88,40],"gold":54,"neow_bonus":"BOSS_RELIC","is_daily":false,"chose_seed":false,"campfire_upgraded":0,"win_rate":0.0,"timestamp":1608693188,"path_taken":["M","?","?","?","M","E","R","E","T","R","?","$","M","?","R","BOSS","M","$","?","M","M","E","R","E","T","E","R","$","E","E","R","BOSS","M","M","M","?","M","R","M","?","T","M","R","$","E","?","R","BOSS"],"items_purchased_type":["Card","Card","Potion","Card","Potion","Card","Relic"],"build_version":"2020-12-13","purchased_purges":0,"victory":true,"max_hp_per_floor":[75,75,75,75,75,75,75,75,75,75,75,75,75,75,75,75,75,75,75,75,75,75,75,75,75,75,75,75,75,75,75,75,75,75,75,75,75,75,75,75,75,75,82,82,82,82,82,88,88,88],"relic_stats":{"Darkstone Periapt":6,"Lizard Tail":0,"counters":[25,130],"Blue Candle":[2],"MealTicket":8,"Art of War":[9],"Cursed Key":1,"obtain_stats":[{"Darkstone Periapt":47,"Calipers":46,"Blue Candle":30,"The Courier":26,"Frozen Egg 2":6,"Cursed Key":34,"Cables":8,"Lizard Tail":27,"Anchor":31,"Strawberry":43,"Philosopher\u0027s Stone":17,"MealTicket":23,"Fusion Hammer":0,"WingedGreaves":9,"Art of War":25,"Cracked Core":0,"TungstenRod":4},{"Darkstone Periapt":23,"Calipers":22,"Blue Candle":14,"The Courier":12,"Frozen Egg 2":3,"Cursed Key":16,"Cables":4,"Lizard Tail":13,"Anchor":15,"Strawberry":21,"Philosopher\u0027s Stone":7,"MealTicket":11,"Fusion Hammer":0,"WingedGreaves":4,"Art of War":12,"Cracked Core":0,"TungstenRod":1},{"Darkstone Periapt":110,"Calipers":103,"Blue Candle":55,"The Courier":43,"Frozen Egg 2":11,"Cursed Key":74,"Cables":14,"Lizard Tail":50,"Anchor":62,"Strawberry":99,"Philosopher\u0027s Stone":23,"MealTicket":39,"Fusion Hammer":0,"WingedGreaves":14,"Art of War":43,"Cracked Core":0,"TungstenRod":3}],"TungstenRod":32,"Cables":[72,38,34,0,0]},"card_choices":[{"not_picked":["White Noise","Capacitor"],"picked":"Rebound","floor":1},{"not_picked":["Rebound","Streamline"],"picked":"Melter","floor":5},{"not_picked":["Blizzard","Reinforced Body"],"picked":"Hologram","floor":6},{"not_picked":["Sweeping Beam","Darkness"],"picked":"Tempest","floor":8},{"not_picked":["Barrage","Gash"],"picked":"Hologram","floor":11},{"not_picked":["Gash","Leap"],"picked":"Hello World+1","floor":13},{"not_picked":["Rainbow","Hyperbeam"],"picked":"Buffer+1","floor":16},{"not_picked":["Rebound","Redo"],"picked":"Go for the Eyes","floor":18},{"not_picked":["Fission","Sweeping Beam+1"],"picked":"Reprogram+1","floor":21},{"not_picked":["Compile Driver","Redo"],"picked":"Leap","floor":22},{"not_picked":["Stack","Streamline"],"picked":"Leap","floor":23},{"not_picked":["Gash+1","Glacier"],"picked":"Buffer+1","floor":25},{"not_picked":["Compile Driver","Gash+1"],"picked":"Go for the Eyes+1","floor":27},{"not_picked":["Self Repair+1","Conserve Battery"],"picked":"Reprogram","floor":30},{"not_picked":["Rebound","Force Field"],"picked":"Go for the Eyes+1","floor":31},{"not_picked":["Reboot","Amplify"],"picked":"All For One","floor":33},{"not_picked":["Tempest+1","Static Discharge+1","Redo+1"],"picked":"SKIP","floor":35},{"not_picked":["Reprogram","Loop+1"],"picked":"Streamline+1","floor":36},{"not_picked":["Doom and Gloom+1","Turbo"],"picked":"Streamline","floor":37},{"not_picked":["Mind Blast","PanicButton"],"picked":"Impatience","floor":38},{"not_picked":["Bandage Up","Good Instincts"],"picked":"Magnetism+1","floor":38},{"not_picked":["Sweeping Beam","Go for the Eyes+1","Cold Snap"],"picked":"SKIP","floor":39},{"not_picked":["Scrape","Melter+1"],"picked":"Hello World+1","floor":41},{"not_picked":["Turbo","Aggregate"],"picked":"Hologram+1","floor":44},{"not_picked":["Rip and Tear","Compile Driver+1","Heatsinks+1"],"picked":"SKIP","floor":47},{"not_picked":["Sweeping Beam","Ball Lightning+1"],"picked":"Skim","floor":48}],"player_experience":301750,"relics_obtained":[{"floor":6,"key":"Frozen Egg 2"},{"floor":8,"key":"Cables"},{"floor":9,"key":"WingedGreaves"},{"floor":23,"key":"MealTicket"},{"floor":25,"key":"Art of War"},{"floor":26,"key":"The Courier"},{"floor":27,"key":"Lizard Tail"},{"floor":30,"key":"Blue Candle"},{"floor":31,"key":"Anchor"},{"floor":43,"key":"Strawberry"},{"floor":47,"key":"Darkstone Periapt"}],"event_choices":[{"damage_healed":0,"gold_gain":0,"cards_transformed":["Defend_B"],"player_choice":"Change","damage_taken":0,"max_hp_gain":0,"max_hp_loss":0,"event_name":"Living Wall","floor":2,"gold_loss":0,"cards_obtained":["Reboot"]},{"damage_healed":0,"gold_gain":0,"player_choice":"Leave","damage_taken":0,"max_hp_gain":0,"max_hp_loss":0,"event_name":"The Cleric","floor":3,"gold_loss":0},{"damage_healed":0,"gold_gain":0,"player_choice":"Success","damage_taken":18,"relics_obtained":["TungstenRod"],"max_hp_gain":0,"max_hp_loss":0,"event_name":"Scrap Ooze","floor":4,"gold_loss":0},{"damage_healed":0,"gold_gain":77,"player_choice":"Gained Gold","damage_taken":0,"max_hp_gain":0,"max_hp_loss":0,"event_name":"Golden Wing","floor":14,"gold_loss":0},{"damage_healed":0,"gold_gain":0,"player_choice":"Simplicity","damage_taken":0,"max_hp_gain":0,"max_hp_loss":0,"event_name":"Back to Basics","floor":20,"gold_loss":0,"cards_upgraded":["Strike_B","Strike_B","Strike_B","Strike_B","Defend_B","Defend_B","Defend_B"]},{"damage_healed":0,"gold_gain":0,"player_choice":"Memory 2","damage_taken":5,"max_hp_gain":0,"max_hp_loss":0,"event_name":"SensoryStone","floor":38,"gold_loss":0},{"damage_healed":0,"gold_gain":0,"player_choice":"Upgraded","damage_taken":0,"max_hp_gain":0,"max_hp_loss":0,"event_name":"Upgrade Shrine","floor":42,"gold_loss":0,"cards_upgraded":["Hologram"]}],"is_beta":false,"boss_relics":[{"not_picked":["Velvet Choker","Black Star"],"picked":"Philosopher\u0027s Stone"},{"not_picked":["Astrolabe","Pandora\u0027s Box"],"picked":"Cursed Key"}],"items_purged_floors":[],"is_endless":false,"potions_floor_spawned":[1,11,13,16,18,22,30,35,37,41],"ascension_level":6}}