{"host":"vc42n08di9czm3e7","time":1608742184,"event":{"mods":["AchievementEnabler","Act Like it!","BaseMod","Colored Powertips","Downfall","Friendly Minions","GifTheSpireLib","Jorbs\u0027s Wanderer Trilogy","Minty Spire (QoL Compilation)","Rare Cards Sparkle","StSLib","The Bug Knight"],"gold_per_floor":[99,115,115,265,365,365,446,464,464,486,511,522,93,93,111,111,111,111],"floor_reached":16,"playtime":821,"items_purged":[],"score":92,"play_id":"980dc22d-15a5-468d-ad0b-ec16d42ac75d","local_time":"20201223114944","is_ascension_mode":false,"campfire_choices":[{"data":"hexamod:Sear","floor":1,"key":"SMITH"},{"data":"hexamod:Float","floor":9,"key":"SMITH"}],"circlet_count":0,"master_deck":["hexamod:Strike","hexamod:Strike","hexamod:Strike","hexamod:Strike","hexamod:Defend","hexamod:Defend","hexamod:Defend","hexamod:Defend","hexamod:Sear+1","hexamod:Float+1","hexamod:SecondSeal","hexamod:FirstSeal","Slimebound:Icky","hexamod:AdvancingGuard","hexamod:NightmareGuise","hexamod:NightmareStrike","hexamod:ExtraCrispy+1","hexamod:GhostflameBarrier","hexamod:Firestarter","hexamod:FourthSeal"],"relics":["hexamod:SpiritBrand","Frozen Egg 2","Toolbox","Shuriken","HollowMod:LifeEnderRelic"],"acts_visited":["Exordium"],"potions_floor_usage":[],"damage_taken":[{"damage":0,"enemies":"Small Slimes","floor":2,"turns":4},{"damage":11,"enemies":"Jaw Worm","floor":8,"turns":5},{"damage":0,"enemies":"2 Louse","floor":10,"turns":4},{"damage":10,"enemies":"2 Fungi Beasts","floor":11,"turns":7},{"damage":2,"enemies":"Exordium Wildlife","floor":12,"turns":3},{"damage":5,"enemies":"downfall:FleeingMerchant","floor":13,"turns":4},{"damage":10,"enemies":"Exordium Thugs","floor":15,"turns":4},{"damage":76,"enemies":"downfall:Defect","floor":16,"turns":6}],"seed_played":"-3837310755394524179","potions_obtained":[{"floor":2,"key":"Guardian:BlockOnCardUsePotion"},{"floor":10,"key":"CultistPotion"}],"is_trial":false,"path_per_floor":["R","M","?","?","?","?","T","M","R","M","M","M","$","?","M","B"],"character_chosen":"THE_SPIRIT","items_purchased":["hexamod:Firestarter","Toolbox","Shuriken"],"campfire_rested":0,"item_purchase_floors":[13,13,13],"current_hp_per_floor":[77,77,70,70,70,75,75,71,71,78,75,80,82,79,76,0,0,0],"gold":111,"neow_bonus":"TEN_PERCENT_HP_BONUS","is_daily":false,"chose_seed":false,"campfire_upgraded":2,"win_rate":0.0,"timestamp":1608742184,"path_taken":["R","M","?","?","?","?","T","M","R","M","?","M","$","?","M","BOSS"],"items_purchased_type":["Card","Relic","Relic"],"build_version":"2020-12-13","purchased_purges":0,"victory":false,"max_hp_per_floor":[77,77,77,77,77,82,82,82,82,82,82,82,82,82,82,82,82,82],"card_choices":[{"not_picked":["hexamod:Hexaguard","hexamod:NightmareStrike"],"picked":"hexamod:SecondSeal","floor":2},{"not_picked":["hexamod:HauntingEcho","hexamod:RainOfEmbers"],"picked":"hexamod:AdvancingGuard","floor":8},{"not_picked":["hexamod:Firestarter","hexamod:SwordOfDarkness"],"picked":"hexamod:NightmareGuise","floor":10},{"not_picked":["hexamod:BacktrackSmack","hexamod:FastForward"],"picked":"hexamod:NightmareStrike","floor":11},{"not_picked":["hexamod:HeatMetal","hexamod:AdvancingGuard"],"picked":"hexamod:ExtraCrispy+1","floor":12},{"not_picked":["hexamod:EtherealExpedition","hexamod:SpectersWail"],"picked":"hexamod:GhostflameBarrier","floor":13},{"not_picked":["hexamod:SwordOfDarkness","hexamod:RainOfEmbers"],"picked":"hexamod:FourthSeal","floor":15}],"player_experience":163861,"relics_obtained":[{"floor":7,"key":"Frozen Egg 2"}],"event_choices":[{"damage_healed":0,"gold_gain":0,"player_choice":"Donut","damage_taken":0,"max_hp_gain":5,"max_hp_loss":0,"event_name":"Big Fish","floor":6,"gold_loss":0},{"damage_healed":0,"gold_gain":0,"player_choice":"Success","damage_taken":3,"relics_obtained":["HollowMod:LifeEnderRelic"],"max_hp_gain":0,"max_hp_loss":0,"event_name":"Scrap Ooze","floor":14,"gold_loss":0}],"is_beta":false,"boss_relics":[],"items_purged_floors":[],"is_endless":false,"potions_floor_spawned":[2,10],"killed_by":"downfall:Defect","ascension_level":0}}