{"host":"5bdt6s51dmpd4l3v","time":1608721977,"event":{"mods":["AchievementEnabler","BaseMod","Colored Map","Colored Powertips","Highlight Path","Minty Spire (QoL Compilation)","Quick Restart","Rare Cards Sparkle","StSLib"],"gold_per_floor":[118,268,74,91,26,59,59,92,92,92,109,21,21,31,31,105,105,105,105,115,115,125,125,160,160,160,85,116,31,31,31,31],"floor_reached":31,"playtime":728,"items_purged":["Doubt"],"score":532,"play_id":"186187d3-8525-42e6-bbbf-89ea615187fe","local_time":"20201223191257","is_ascension_mode":true,"campfire_choices":[{"data":"Armaments","floor":7,"key":"SMITH"},{"data":"Rupture","floor":10,"key":"SMITH"},{"data":"Flex","floor":13,"key":"SMITH"},{"floor":15,"key":"REST"},{"floor":23,"key":"REST"},{"floor":25,"key":"REST"},{"data":"Shockwave","floor":30,"key":"SMITH"}],"circlet_count":0,"master_deck":["AscendersBane","Strike_R+1","Strike_R+1","Strike_R+1","Strike_R+1","Defend_R+1","Defend_R+1","Defend_R+1","Bash","Flame Barrier","Armaments+1","Combust","Shrug It Off","Flex+1","Rupture+1","Bloodletting","Heavy Blade+1","Combust+1","Pommel Strike+1","Impervious","Sword Boomerang+1","Sword Boomerang+1","Shockwave+1"],"relics":["Burning Blood","NeowsBlessing","Molten Egg 2","Potion Belt","Omamori","Frozen Egg 2","Mark of Pain","Paper Frog","Singing Bowl","Toy Ornithopter","Mango"],"acts_visited":["Exordium","TheCity"],"potions_floor_usage":[8,14,18,22,24,31],"damage_taken":[{"damage":0,"enemies":"Jaw Worm","floor":1,"turns":1},{"damage":0,"enemies":"Small Slimes","floor":4,"turns":1},{"damage":0,"enemies":"3 Sentries","floor":6,"turns":1},{"damage":48,"enemies":"Lagavulin","floor":8,"turns":7},{"damage":4,"enemies":"Cultist","floor":11,"turns":5},{"damage":14,"enemies":"Red Slaver","floor":14,"turns":3},{"damage":61,"enemies":"Hexaghost","floor":16,"turns":9},{"damage":0,"enemies":"Shell Parasite","floor":18,"turns":1},{"damage":22,"enemies":"Chosen","floor":20,"turns":5},{"damage":24,"enemies":"Snecko","floor":22,"turns":6},{"damage":28,"enemies":"Gremlin Leader","floor":24,"turns":4},{"damage":45,"enemies":"Book of Stabbing","floor":28,"turns":5},{"damage":33,"enemies":"Shelled Parasite and Fungi","floor":31,"turns":3}],"seed_played":"7950031346463028609","potions_obtained":[{"floor":1,"key":"Regen Potion"},{"floor":6,"key":"SmokeBomb"},{"floor":8,"key":"SpeedPotion"},{"floor":16,"key":"LiquidBronze"},{"floor":20,"key":"Block Potion"},{"floor":28,"key":"Swift Potion"}],"is_trial":false,"path_per_floor":["M","?","$","M","?","E","R","E","T","R","M","$","R","M","R","B",null,"M","?","M","?","M","R","E","R","T","?","E","?","R","M"],"character_chosen":"IRONCLAD","items_purchased":["Armaments","Combust","Heavy Blade+1","Combust+1"],"campfire_rested":3,"item_purchase_floors":[3,3,12,12],"current_hp_per_floor":[74,74,74,75,75,75,75,47,47,47,49,49,49,41,63,8,58,64,64,48,48,30,52,30,52,52,52,13,27,27,0,0],"gold":31,"neow_bonus":"THREE_ENEMY_KILL","is_daily":false,"chose_seed":false,"campfire_upgraded":4,"win_rate":0.0,"timestamp":1608721977,"path_taken":["M","?","$","M","?","E","R","E","T","R","?","?","R","M","R","BOSS","M","?","?","?","M","R","E","R","T","?","E","?","R","M"],"items_purchased_type":["Card","Card","Card","Card"],"build_version":"2020-12-22","purchased_purges":1,"victory":false,"max_hp_per_floor":[75,75,75,75,75,75,75,75,75,75,75,75,75,75,75,75,75,75,75,75,75,75,75,75,75,75,75,75,89,89,89,89],"card_choices":[{"not_picked":["Warcry","Havoc"],"picked":"Flame Barrier","floor":1},{"not_picked":["Heavy Blade","Wild Strike"],"picked":"Shrug It Off","floor":4},{"not_picked":["Iron Wave+1","Double Tap"],"picked":"Flex","floor":6},{"not_picked":["Cleave+1","Armaments"],"picked":"Rupture","floor":8},{"not_picked":["Armaments","Power Through"],"picked":"Bloodletting","floor":11},{"not_picked":["Thunderclap+1","Spot Weakness"],"picked":"Pommel Strike+1","floor":14},{"not_picked":["Berserk+1","Exhume"],"picked":"Impervious","floor":16},{"not_picked":["Perfected Strike+1","Cleave+1"],"picked":"Sword Boomerang+1","floor":20},{"not_picked":["Wild Strike+1","Searing Blow+1","Warcry"],"picked":"SKIP","floor":22},{"not_picked":["Disarm+1","Uppercut+1"],"picked":"Sword Boomerang+1","floor":24},{"not_picked":["Rampage+1","Body Slam+1"],"picked":"Shockwave","floor":28}],"player_experience":208364,"relics_obtained":[{"floor":6,"key":"Potion Belt"},{"floor":8,"key":"Omamori"},{"floor":9,"key":"Frozen Egg 2"},{"floor":24,"key":"Paper Frog"},{"floor":26,"key":"Singing Bowl"},{"floor":28,"key":"Toy Ornithopter"}],"event_choices":[{"damage_healed":0,"gold_gain":150,"player_choice":"AGREE","damage_taken":0,"max_hp_gain":0,"max_hp_loss":0,"event_name":"Liars Game","floor":2,"gold_loss":0,"cards_obtained":["Doubt"]},{"damage_healed":0,"gold_gain":0,"player_choice":"Paid Gold","damage_taken":0,"relics_obtained":["Molten Egg 2"],"max_hp_gain":0,"max_hp_loss":0,"event_name":"WeMeetAgain","floor":5,"gold_loss":65},{"cards_removed":["Defend_R"],"damage_healed":0,"gold_gain":0,"player_choice":"Offered Basic","damage_taken":0,"max_hp_gain":0,"max_hp_loss":0,"event_name":"Bonfire Elementals","floor":19,"gold_loss":0},{"damage_healed":0,"gold_gain":0,"player_choice":"Simplicity","damage_taken":0,"max_hp_gain":0,"max_hp_loss":0,"event_name":"Back to Basics","floor":21,"gold_loss":0,"cards_upgraded":["Strike_R","Strike_R","Strike_R","Strike_R","Strike_R","Defend_R","Defend_R","Defend_R"]},{"cards_removed":["Strike_R"],"damage_healed":0,"gold_gain":0,"player_choice":"Gave Gold","damage_taken":0,"max_hp_gain":0,"max_hp_loss":0,"event_name":"Beggar","floor":27,"gold_loss":75},{"damage_healed":0,"gold_gain":0,"player_choice":"Obtained Relic","damage_taken":0,"relics_obtained":["Mango"],"max_hp_gain":0,"max_hp_loss":0,"event_name":"Addict","floor":29,"gold_loss":85}],"is_beta":false,"boss_relics":[{"not_picked":["Astrolabe","Coffee Dripper"],"picked":"Mark of Pain"}],"items_purged_floors":[3],"is_endless":false,"potions_floor_spawned":[1,6,8,16,20,28],"killed_by":"Shelled Parasite and Fungi","ascension_level":15}}