{"host":"49pjgf1q9ev52n8z","time":1608751010,"event":{"mods":["BaseMod","Bestiary","Colored Map","Minty Spire (QoL Compilation)","Practice Mode","Relic Stats","StSLib"],"gold_per_floor":[13,28,43,43,54,80,95,95,95,107,121,147,166,199,199,276,276,276,276,276,39,39,39,39,39,39,39,39,39,39,39,39,39,39],"floor_reached":33,"playtime":4644,"items_purged":["After Image"],"score":575,"play_id":"a71ffbae-5959-477c-be31-1194c3c4ec6c","local_time":"20201223111650","is_ascension_mode":true,"campfire_choices":[{"floor":8,"key":"REST"},{"floor":15,"key":"REST"},{"floor":23,"key":"REST"},{"floor":27,"key":"REST"},{"floor":29,"key":"REST"},{"floor":32,"key":"REST"}],"circlet_count":0,"master_deck":["AscendersBane","Strike_G","Strike_G","Strike_G","Strike_G","Strike_G","Defend_G","Defend_G","Defend_G","Defend_G","Defend_G","Survivor","Neutralize","Glass Knife+1","Dagger Spray","Dagger Throw","Deflect","Infinite Blades","Backflip","Wraith Form v2","Noxious Fumes","Dash+1","Unload+1","Backstab+1","Crippling Poison","Poisoned Stab+1","Footwork","Skewer+1","Envenom"],"relics":["Ring of the Snake","Orichalcum","Molten Egg 2","Gremlin Horn","Sundial","Ectoplasm","Bag of Preparation","Regal Pillow","Prayer Wheel"],"acts_visited":["Exordium","TheCity"],"potions_floor_usage":[6,6,10,12,18,22,22],"damage_taken":[{"damage":7,"enemies":"Small Slimes","floor":1,"turns":4},{"damage":2,"enemies":"Jaw Worm","floor":2,"turns":4},{"damage":1,"enemies":"2 Louse","floor":3,"turns":2},{"damage":0,"enemies":"Exordium Wildlife","floor":5,"turns":5},{"damage":12,"enemies":"Lagavulin","floor":6,"turns":7},{"damage":0,"enemies":"Large Slime","floor":7,"turns":3},{"damage":1,"enemies":"Blue Slaver","floor":10,"turns":2},{"damage":6,"enemies":"Exordium Wildlife","floor":11,"turns":4},{"damage":16,"enemies":"3 Sentries","floor":12,"turns":8},{"damage":7,"enemies":"Looter","floor":13,"turns":4},{"damage":26,"enemies":"Gremlin Nob","floor":14,"turns":5},{"damage":29,"enemies":"Slime Boss","floor":16,"turns":12},{"damage":0,"enemies":"Chosen","floor":18,"turns":4},{"damage":12,"enemies":"Shell Parasite","floor":20,"turns":5},{"damage":24,"enemies":"Snake Plant","floor":22,"turns":4},{"damage":38,"enemies":"Slavers","floor":24,"turns":7},{"damage":40,"enemies":"Book of Stabbing","floor":28,"turns":6},{"damage":10,"enemies":"Centurion and Healer","floor":30,"turns":3},{"damage":8,"enemies":"Sentry and Sphere","floor":31,"turns":4},{"damage":53,"enemies":"Champ","floor":33,"turns":7}],"seed_played":"2270156662192420890","potions_obtained":[{"floor":2,"key":"AttackPotion"},{"floor":5,"key":"Explosive Potion"},{"floor":6,"key":"FairyPotion"},{"floor":7,"key":"FearPotion"},{"floor":11,"key":"CunningPotion"},{"floor":16,"key":"FearPotion"},{"floor":18,"key":"SkillPotion"},{"floor":20,"key":"Regen Potion"}],"is_trial":false,"path_per_floor":["M","M","M","?","M","E","M","R","T","M","M","E","M","E","R","B",null,"M","?","M","$","M","R","E","?","T","R","E","R","M","M","R","B"],"character_chosen":"THE_SILENT","items_purchased":["Footwork","Skewer+1"],"campfire_rested":6,"item_purchase_floors":[21,21],"current_hp_per_floor":[52,50,49,49,49,37,37,56,56,55,49,33,26,19,38,9,52,52,52,40,40,28,47,9,9,9,43,3,37,27,19,53,0,0],"gold":39,"neow_bonus":"THREE_RARE_CARDS","is_daily":false,"chose_seed":false,"campfire_upgraded":0,"win_rate":0.0,"timestamp":1608751010,"path_taken":["M","M","M","?","M","E","M","R","T","M","M","E","M","E","R","BOSS","M","?","M","$","M","R","E","?","T","R","E","R","?","M","R","BOSS"],"items_purchased_type":["Card","Card"],"build_version":"2020-12-22","purchased_purges":1,"victory":false,"max_hp_per_floor":[66,66,66,66,66,66,66,66,66,66,66,66,66,66,66,66,66,66,66,66,66,66,66,66,66,66,66,66,66,66,66,66,66,66],"relic_stats":{"Regal Pillow":45,"Gremlin Horn":[7,7],"counters":[20,100],"Sundial":[4],"Prayer Wheel":2,"Ectoplasm":125,"Bag of Preparation":[8],"Orichalcum":[270],"obtain_stats":[{"Regal Pillow":26,"Gremlin Horn":12,"Sundial":14,"Molten Egg 2":9,"Prayer Wheel":28,"Ectoplasm":17,"Bag of Preparation":24,"Orichalcum":6,"Ring of the Snake":0},{"Regal Pillow":16,"Gremlin Horn":9,"Sundial":11,"Molten Egg 2":6,"Prayer Wheel":17,"Ectoplasm":12,"Bag of Preparation":16,"Orichalcum":5,"Ring of the Snake":0},{"Regal Pillow":80,"Gremlin Horn":39,"Sundial":48,"Molten Egg 2":25,"Prayer Wheel":86,"Ectoplasm":60,"Bag of Preparation":80,"Orichalcum":22,"Ring of the Snake":0}],"Ring of the Snake":[40]},"card_choices":[{"not_picked":["Doppelganger","Night Terror"],"picked":"Glass Knife","floor":0},{"not_picked":["Underhanded Strike","Dodge and Roll"],"picked":"Dagger Spray","floor":1},{"not_picked":["Flying Knee","Riddle With Holes"],"picked":"Dagger Throw","floor":2},{"not_picked":["Bane","Dodge and Roll"],"picked":"Deflect","floor":3},{"not_picked":["Skewer","Quick Slash"],"picked":"After Image","floor":5},{"not_picked":["Blade Dance","Dagger Throw","Caltrops"],"picked":"SKIP","floor":6},{"not_picked":["Backflip","Endless Agony"],"picked":"Infinite Blades","floor":7},{"not_picked":["Heel Hook+1","Underhanded Strike+1"],"picked":"Backflip","floor":10},{"not_picked":["Backflip","PiercingWail"],"picked":"Wraith Form v2","floor":11},{"not_picked":["Blade Dance","Deflect"],"picked":"Noxious Fumes","floor":12},{"not_picked":["Finisher+1","Underhanded Strike+1"],"picked":"Dash+1","floor":13},{"not_picked":["Slice+1","Dodge and Roll","Dagger Spray+1"],"picked":"SKIP","floor":14},{"not_picked":["After Image","Storm of Steel"],"picked":"Unload+1","floor":16},{"not_picked":["Dagger Spray+1","Reflex"],"picked":"Backstab+1","floor":18},{"not_picked":["Setup","Heel Hook+1"],"picked":"Poisoned Stab+1","floor":20},{"not_picked":["Dagger Spray+1","Backflip","Slice+1"],"picked":"SKIP","floor":22},{"not_picked":["All Out Attack+1","Blur","Underhanded Strike+1"],"picked":"SKIP","floor":24},{"not_picked":["Deadly Poison","Dagger Spray+1"],"picked":"Envenom","floor":28},{"not_picked":["Cloak And Dagger","Quick Slash+1","Riddle With Holes+1"],"picked":"SKIP","floor":30},{"not_picked":["Accuracy","Blade Dance","Sucker Punch+1"],"picked":"SKIP","floor":30},{"not_picked":["Bane+1","Accuracy","Dash+1"],"picked":"SKIP","floor":31},{"not_picked":["Quick Slash+1","Concentrate","Accuracy"],"picked":"SKIP","floor":31}],"player_experience":607767,"relics_obtained":[{"floor":6,"key":"Orichalcum"},{"floor":9,"key":"Molten Egg 2"},{"floor":12,"key":"Gremlin Horn"},{"floor":14,"key":"Sundial"},{"floor":24,"key":"Bag of Preparation"},{"floor":26,"key":"Regal Pillow"},{"floor":28,"key":"Prayer Wheel"}],"event_choices":[{"damage_healed":0,"gold_gain":0,"player_choice":"Grow","damage_taken":0,"max_hp_gain":0,"max_hp_loss":0,"event_name":"Living Wall","floor":4,"gold_loss":0,"cards_upgraded":["Glass Knife"]},{"damage_healed":0,"gold_gain":0,"player_choice":"Read","damage_taken":0,"max_hp_gain":0,"max_hp_loss":0,"event_name":"The Library","floor":19,"gold_loss":0,"cards_obtained":["Crippling Poison"]},{"damage_healed":0,"gold_gain":0,"player_choice":"Ignored","damage_taken":0,"max_hp_gain":0,"max_hp_loss":0,"event_name":"Cursed Tome","floor":25,"gold_loss":0}],"is_beta":false,"boss_relics":[{"not_picked":["Snecko Eye","Coffee Dripper"],"picked":"Ectoplasm"}],"items_purged_floors":[21],"is_endless":false,"potions_floor_spawned":[2,5,6,7,11,16,18,20],"killed_by":"Champ","ascension_level":17}}