{"host":"95wyl20yxqdpjbr6","time":1608740914,"event":{"mods":["2.2 Compatiblity","Act Like it!","BaseMod","Better Third Choice","BetterRewards","Colored Map","Conspire","Downfall","Gensokyo","Hallownest","Hermit","Highlight Path","Hubris","Infinite Spire","Jorbs\u0027s Wanderer Trilogy","Marisa????????","Minty Spire (QoL Compilation)","Rare Cards Sparkle","Replay The Spire","StSLib","The Construct","The Cursed","The Disciple","The Hierophant","The Runesmith"],"gold_per_floor":[119,132,132,143,143,216,216,233,233,85,95,95,130,148,148,250,250,270,288,308,308,308,343,2,2,84,84,84,99,124,157,157,259,259,277,277,277,277,277,306,321,332,332,362,377,396,396,406,406,406,406,406,7,32,32],"floor_reached":56,"playtime":4129,"items_purged":[],"score":1397,"play_id":"ebe535ff-9606-4ef1-9ae0-30b70fa60c61","local_time":"20201223172834","is_ascension_mode":false,"campfire_choices":[{"data":"Fiend Fire","floor":7.0,"key":"SMITH"},{"data":"True Grit","floor":15.0,"key":"SMITH"},{"data":"Replay:Many Hands","floor":25.0,"key":"SMITH"},{"data":"Berserk","floor":32,"key":"SMITH"},{"floor":47,"key":"REST"},{"floor":49,"key":"RECALL"},{"data":"Offering","floor":52,"key":"SMITH"}],"circlet_count":0,"master_deck":["Strike_R","Strike_R","Strike_R","Defend_R","Defend_R","Defend_R","Bash","Fiend Fire+1","infinitespire:OneForAll","conspire:Charge+1","Shrug It Off","ReplayTheSpireMod:Strike From Hell+1","Headbutt+1","Feed+1","Pommel Strike+1","Anger+1","True Grit+1","ReplayTheSpireMod:LeadingStrike+1","Wild Strike+1","Replay:Many Hands+1","Clash+1","Berserk+1","Clothesline+1","Flex","Uppercut+1","Demonic Infusion","Perfected Strike+1","Offering+1","Sword Boomerang+1","expansioncontent:TimeRipple+1","Blind","Discovery+1","Metallicize","Iron Wave+1","Heavy Blade+1","ReplayTheSpireMod:Limb From Limb+1","Hemokinesis+1","Replay:SS_forest_2","Armaments+1"],"relics":["Burning Blood","TheAbacus","Molten Egg 2","Tiny Chest","Quantum Egg","infinitespire:WardingShard","Orrery","conspire:Dentures","infinitespire:Cupcake","Self Forming Clay","ReplayTheSpireMod:Spearhead","Shuriken","FossilizedHelix","Bag of Marbles","hubris:CrystalStatue","Empty Cage","Orichalcum","infinitespire:Bottled Soul","King of Hearts","hubris:CuriousFeather","conspire:Flyswatter","Pocketwatch","Lizard Tail","Du-Vu Doll"],"acts_visited":["Exordium","TheCity","TheBeyond","TheEnding"],"potions_floor_usage":[33,33,33,44,50,50],"damage_taken":[{"damage":0.0,"enemies":"Cultist","floor":1.0,"turns":2.0},{"damage":13.0,"enemies":"infinitespire:Voidling","floor":2.0,"turns":3.0},{"damage":3.0,"enemies":"conspire:RoseBush","floor":4.0,"turns":5.0},{"damage":14.0,"enemies":"conspire:2 RoseBushes","floor":8.0,"turns":4.0},{"damage":9.0,"enemies":"2 Fungi Beasts","floor":11.0,"turns":2.0},{"damage":6.0,"enemies":"3 Sentries","floor":13.0,"turns":5.0},{"damage":0.0,"enemies":"Looter","floor":14.0,"turns":1.0},{"damage":46.0,"enemies":"The Guardian","floor":16.0,"turns":10.0},{"damage":7.0,"enemies":"conspire:FuzzyDice","floor":18.0,"turns":5.0},{"damage":3.0,"enemies":"Chosen","floor":19.0,"turns":3.0},{"damage":5.0,"enemies":"conspire:HollyBat","floor":20.0,"turns":8.0},{"damage":16.0,"enemies":"Book of Stabbing","floor":23.0,"turns":5.0},{"damage":23.0,"enemies":"Sentry and Sphere","floor":29.0,"turns":6.0},{"damage":22.0,"enemies":"Replay:Snechameleon","floor":31.0,"turns":3.0},{"damage":27,"enemies":"hubris:MusketHawk","floor":33,"turns":5},{"damage":0,"enemies":"3 Shapes","floor":35,"turns":2},{"damage":25,"enemies":"Giant Head","floor":40,"turns":7},{"damage":9,"enemies":"3 Darklings","floor":41,"turns":3},{"damage":30,"enemies":"Writhing Mass","floor":42,"turns":4},{"damage":6,"enemies":"Reptomancer","floor":44,"turns":5},{"damage":6,"enemies":"Jaw Worm Horde","floor":45,"turns":3},{"damage":0,"enemies":"Maw","floor":46,"turns":7},{"damage":6,"enemies":"Sphere and 2 Shapes","floor":48,"turns":2},{"damage":61,"enemies":"Awakened One","floor":50,"turns":9},{"damage":50,"enemies":"Shield and Spear","floor":54,"turns":5},{"damage":105,"enemies":"The Heart","floor":55,"turns":9}],"seed_played":"-3152732629137611833","potions_obtained":[{"floor":4.0,"key":"SpeedPotion"},{"floor":8.0,"key":"LiquidBronze"},{"floor":16.0,"key":"LiquidMemories"},{"floor":20.0,"key":"ColorlessPotion"},{"floor":23.0,"key":"LiquidMemories"},{"floor":29.0,"key":"Swift Potion"},{"floor":40,"key":"sneckomod:MuddlingPotion"},{"floor":41,"key":"Toxic Potion"},{"floor":45,"key":"Strength Potion"}],"is_trial":false,"path_per_floor":["M","M","$","M","?","T","R","M","T","$","M","?","E","M","R","B",null,"M","M","M","T","?","E","$","R","T","T","?","M","T","E","R_BF","B",null,"M","?","?","$","T","E","M","M","T","E","M","M","R","M","R","B",null,"R","$","E","B",null],"character_chosen":"IRONCLAD","items_purchased":["TheAbacus","Molten Egg 2","Orrery","Shuriken","Uppercut+1","Orichalcum","infinitespire:Bottled Soul","Replay:SS_forest_2","Lizard Tail"],"campfire_rested":1,"item_purchase_floors":[3,3,10,24,24,38,38,53,53],"current_hp_per_floor":[80,73,48,51,48,48,48,40,40,40,41,41,45,51,51,11,88,87,92,96,96,96,86,86,86,86,86,86,73,73,57,57,36,100,100,90,90,65,65,46,43,19,19,19,19,29,60,64,64,9,108,108,108,64,50],"gold":32,"neow_bonus":"TRANSFORM_CARD","is_daily":false,"chose_seed":false,"campfire_upgraded":5,"win_rate":0.0,"timestamp":1608740914,"path_taken":["M","?","?","?","?","?","R","M","T","?","M","?","E","M","R","BOSS","M","M","M","?","?","E","$","R","T","?","?","M","?","E","R_BF","BOSS","M","?","?","?","?","E","M","M","T","E","M","M","R","M","R","BOSS","R","$","E","BOSS"],"items_purchased_type":["Relic","Relic","Relic","Relic","Card","Relic","Relic","Card","Relic"],"build_version":"2020-12-22","purchased_purges":0,"victory":true,"max_hp_per_floor":[80,80,80,80,80,80,80,80,80,80,84,84,88,88,88,88,88,88,92,96,96,96,96,96,96,96,96,96,100,100,100,100,100,100,100,100,100,100,100,100,100,100,100,100,100,104,104,108,108,108,108,108,108,108,112],"card_choices":[{"not_picked":["Sever Soul","Replay:Undeath\u0027s Touch","True Grit"],"picked":"SKIP","floor":1.0},{"not_picked":["Headbutt","Replay:Undeath\u0027s Touch"],"picked":"infinitespire:OneForAll","floor":2.0},{"not_picked":["Anger+1","Sword Boomerang+1"],"picked":"conspire:Charge+1","floor":4.0},{"not_picked":["Cleave+1","Wild Strike+1"],"picked":"Shrug It Off","floor":8.0},{"not_picked":["Wild Strike+1","Thunderclap+1"],"picked":"ReplayTheSpireMod:Strike From Hell+1","floor":10.0},{"not_picked":["Sentinel","Reckless Charge+1"],"picked":"Headbutt+1","floor":10.0},{"not_picked":["Flex","ReplayTheSpireMod:Stacked"],"picked":"Feed+1","floor":10.0},{"not_picked":["ReplayTheSpireMod:Limb From Limb+1","Evolve"],"picked":"Pommel Strike+1","floor":10.0},{"not_picked":["ReplayTheSpireMod:Strike From Hell+1","Headbutt+1"],"picked":"Anger+1","floor":10.0},{"not_picked":["Flame Barrier","ReplayTheSpireMod:Limb From Limb+1"],"picked":"True Grit","floor":11.0},{"not_picked":["Twin Strike+1","infinitespire:OneForAll+1"],"picked":"ReplayTheSpireMod:LeadingStrike+1","floor":13.0},{"not_picked":["Dark Embrace","Replay:Undeath\u0027s Touch+1"],"picked":"Wild Strike+1","floor":14.0},{"not_picked":["Bludgeon+1","Demon Form"],"picked":"Replay:Many Hands","floor":16.0},{"not_picked":["Anger+1","True Grit"],"picked":"Clash+1","floor":18.0},{"not_picked":["Anger+1","Pummel+1"],"picked":"Berserk","floor":19.0},{"not_picked":["Entrench","Thunderclap+1"],"picked":"Clothesline+1","floor":20.0},{"not_picked":["Thunderclap+1","Anger+1"],"picked":"Flex","floor":23.0},{"not_picked":["Thunderclap+1","ReplayTheSpireMod:Strike From Hell+1","ReplayTheSpireMod:LeadingStrike+1"],"picked":"SKIP","floor":29.0},{"not_picked":["Body Slam+1","Flame Barrier+1"],"picked":"Perfected Strike+1","floor":31.0},{"not_picked":["Corruption","conspire:Purge"],"picked":"Offering","floor":33},{"not_picked":["Clash+1","Infernal Blade+1"],"picked":"Sword Boomerang+1","floor":35},{"not_picked":["Secret Technique","expansioncontent:PolyBeam+1"],"picked":"expansioncontent:TimeRipple+1","floor":36},{"not_picked":["expansioncontent:BronzeBeam+1","expansioncontent:Collect"],"picked":"Blind","floor":36},{"not_picked":["Metamorphosis","Replay:Parry+1"],"picked":"Discovery","floor":36},{"not_picked":["Body Slam+1","Shockwave"],"picked":"Metallicize","floor":40},{"not_picked":["Clash+1","hubris:SharpeningStone","Flex"],"picked":"SKIP","floor":41},{"not_picked":["Ghostly Armor+1","Carnage+1","Run Through+1"],"picked":"SKIP","floor":42},{"not_picked":["Corruption","Thunderclap+1"],"picked":"Iron Wave+1","floor":44},{"not_picked":["Shrug It Off+1","Rage"],"picked":"Heavy Blade+1","floor":45},{"not_picked":["Run Through+1","Flex"],"picked":"ReplayTheSpireMod:Limb From Limb+1","floor":46},{"not_picked":["Dark Embrace+1","Havoc+1"],"picked":"Hemokinesis+1","floor":48},{"not_picked":["Searing Blow+1","Shrug It Off"],"picked":"Armaments+1","floor":54}],"player_experience":494358,"relics_obtained":[{"floor":6.0,"key":"Quantum Egg"},{"floor":9.0,"key":"infinitespire:WardingShard"},{"floor":13.0,"key":"conspire:Dentures"},{"floor":21.0,"key":"Self Forming Clay"},{"floor":23.0,"key":"ReplayTheSpireMod:Spearhead"},{"floor":27.0,"key":"FossilizedHelix"},{"floor":30.0,"key":"Bag of Marbles"},{"floor":31.0,"key":"hubris:CrystalStatue"},{"floor":39,"key":"King of Hearts"},{"floor":40,"key":"hubris:CuriousFeather"},{"floor":43,"key":"conspire:Flyswatter"},{"floor":44,"key":"Pocketwatch"},{"floor":54,"key":"Du-Vu Doll"}],"event_choices":[{"damage_healed":0.0,"max_hp_gain":0.0,"max_hp_loss":0.0,"gold_gain":0.0,"event_name":"betterThird:BetterScrap","player_choice":"Relic ","floor":5.0,"gold_loss":0.0,"damage_taken":3.0,"cards_obtained":["Buffer"]},{"damage_healed":0.0,"max_hp_gain":0.0,"max_hp_loss":0.0,"gold_gain":0.0,"event_name":"conspire:Investor","player_choice":"Leave","floor":12.0,"gold_loss":0.0,"damage_taken":0.0},{"damage_healed":0.0,"max_hp_gain":0.0,"max_hp_loss":0.0,"gold_gain":0.0,"event_name":"The Library","player_choice":"Read","floor":28.0,"gold_loss":0.0,"damage_taken":0.0,"cards_obtained":["Demonic Infusion"]},{"damage_healed":0,"gold_gain":0,"player_choice":"Memory 3","damage_taken":10,"max_hp_gain":0,"max_hp_loss":0,"event_name":"SensoryStone","floor":36,"gold_loss":0}],"is_beta":false,"boss_relics":[{"not_picked":["conspire:RunicOctahedron","Tiny House"],"picked":"infinitespire:Cupcake"},{"not_picked":["Runic Dome","Runic Pyramid"],"picked":"Empty Cage"}],"items_purged_floors":[],"is_endless":false,"potions_floor_spawned":[4,8,16,20,23,29,40,41,45],"ascension_level":0}}