{"host":"btj53a7qlsawl9sy","time":1608741443,"event":{"mods":["Act Like it!","BaseMod","Better Vampires","Colored Powertips","Gensokyo","Luminous","Marisa（F雨　魔理沙）","Marked Mod","Minty Spire (QoL Compilation)","Quick Restart","Reimu（博丽灵梦）","Relic Stats","Remilia（蕾米莉亚）","Replay The Spire","Spicy Shops","StSLib","The Administrix","The Hierophant","The Servant 0.9.4","Waifu the Spire","WarShipGirlsR/战舰少女R mod","Youmu（魂魄妖梦）","Yuyuko","vexMod","【东方二次创作】八云紫mod","【遗物卡牌】REMEMod"],"gold_per_floor":[111,286,286,300,300,330,0,17,42,60,60,79,93,63,63,165,265,276,295,310,327,327,327],"floor_reached":22,"playtime":924,"items_purged":[],"score":215,"play_id":"7852c1e9-2cee-49bf-9e22-53a1ed01d100","local_time":"20201224003723","is_ascension_mode":false,"campfire_choices":[{"floor":11.0,"key":"REST"},{"floor":15.0,"key":"REST"}],"circlet_count":0,"master_deck":["Strike_Lin:ReiMu","Strike_Lin:ReiMu","Strike_Lin:ReiMu","Strike_Lin:ReiMu","Defend_Lin:ReiMu","Defend_Lin:ReiMu","Defend_Lin:ReiMu","Defend_Lin:ReiMu","NB:ReiMu","Stagnation:ReiMu","SpreadBorder2:ReiMu","YinYangSange:ReiMu","Deep Breath","KyokaiOfKami:ReiMu","SafetyPray:ReiMu","Secret Weapon","TightArray:ReiMu","Intuition:ReiMu","OctopathBindingBorder2:ReiMu","TightArray:ReiMu","AlertArray:ReiMu","SpreadBorder2:ReiMu","NineCharacters:ReiMu","FineLineFantasy:ReiMu","Determination:ReiMu","AlertArray:ReiMu","YinYangSign:ReiMu","SpringWay:ReiMu","SpreadBorder2:ReiMu"],"relics":["FlyPower:ReiMu","REME_ComplimentaryCards","NeowsBlessing","Bag of Marbles","CheatingSign:ReiMu","Membership Card","Pen Nib","Replay:Wanted Poster"],"acts_visited":["Exordium","TheCity"],"potions_floor_usage":[21],"damage_taken":[{"damage":0.0,"enemies":"2 Louse","floor":1.0,"turns":1.0},{"damage":0.0,"enemies":"Cultist","floor":4.0,"turns":1.0},{"damage":0.0,"enemies":"Lagavulin","floor":6.0,"turns":1.0},{"damage":0.0,"enemies":"Jaw Worm","floor":8.0,"turns":5.0},{"damage":23.0,"enemies":"Lots of Slimes","floor":10.0,"turns":3.0},{"damage":28.0,"enemies":"Gremlin Gang","floor":12.0,"turns":4.0},{"damage":8.0,"enemies":"Blue Slaver","floor":13.0,"turns":6.0},{"damage":2.0,"enemies":"Looter","floor":14.0,"turns":4.0},{"damage":6.0,"enemies":"Hexaghost","floor":16.0,"turns":12.0},{"damage":22,"enemies":"Spheric Guardian","floor":18,"turns":8},{"damage":6,"enemies":"Chosen","floor":19,"turns":7},{"damage":15,"enemies":"Snecko","floor":20,"turns":7},{"damage":15,"enemies":"Cultist and Chosen","floor":21,"turns":7},{"damage":12,"enemies":"Centurion and Healer","floor":22,"turns":5}],"seed_played":"2900917273298743825","potions_obtained":[{"floor":8.0,"key":"SkillPotion"},{"floor":13.0,"key":"Strength Potion"},{"floor":16.0,"key":"Fire Potion"},{"floor":21,"key":"Elixir"}],"is_trial":false,"path_per_floor":["M","?","?","M","?","E","$","M","T","M","R","M","M","M","R","B",null,"M","M","M","M","M"],"character_chosen":"REIMU","items_purchased":["CheatingSign:ReiMu","Membership Card","TightArray:ReiMu","Intuition:ReiMu","OctopathBindingBorder2:ReiMu"],"campfire_rested":2,"item_purchase_floors":[7,7,7,7,7],"current_hp_per_floor":[65,65,65,65,65,65,65,65,65,42,61,33,25,23,42,36,65,43,37,22,7,0,0],"gold":327,"neow_bonus":"THREE_ENEMY_KILL","is_daily":false,"chose_seed":false,"campfire_upgraded":0,"win_rate":0.0,"timestamp":1608741443,"path_taken":["M","?","?","?","?","E","$","?","T","M","R","M","?","M","R","BOSS","M","M","M","M","M"],"items_purchased_type":["Relic","Relic","Card","Card","Card"],"build_version":"2020-12-22","purchased_purges":0,"victory":false,"max_hp_per_floor":[65,65,65,65,65,65,65,65,65,65,65,65,65,65,65,65,65,65,65,65,65,65,65],"relic_stats":{"counters":[14,64],"Pen Nib":[5],"obtain_stats":[{"Replay:Wanted Poster":17,"NeowsBlessing":0,"CheatingSign:ReiMu":7,"Pen Nib":9,"Bag of Marbles":6,"Membership Card":7,"FlyPower:ReiMu":0,"REME_ComplimentaryCards":0},{"Replay:Wanted Poster":9,"NeowsBlessing":0,"CheatingSign:ReiMu":3,"Pen Nib":4,"Bag of Marbles":3,"Membership Card":3,"FlyPower:ReiMu":0,"REME_ComplimentaryCards":0},{"Replay:Wanted Poster":33,"NeowsBlessing":0,"CheatingSign:ReiMu":3,"Pen Nib":7,"Bag of Marbles":3,"Membership Card":3,"FlyPower:ReiMu":0,"REME_ComplimentaryCards":0}]},"card_choices":[{"not_picked":["Meditation:ReiMu","PassingAway:ReiMu"],"picked":"SpreadBorder2:ReiMu","floor":1.0},{"not_picked":["FineLineFantasy:ReiMu","PayForSelf:ReiMu"],"picked":"YinYangSange:ReiMu","floor":4.0},{"not_picked":["InherentArray:ReiMu","FantasyBorder:ReiMu"],"picked":"SafetyPray:ReiMu","floor":6.0},{"not_picked":["SubcavityInstant:ReiMu","AirManeuver:ReiMu"],"picked":"TightArray:ReiMu","floor":8.0},{"not_picked":["SealNeedle:ReiMu","FantasyBorder:ReiMu"],"picked":"AlertArray:ReiMu","floor":10.0},{"not_picked":["SubcavityInstant:ReiMu","AirStrike:ReiMu"],"picked":"SpreadBorder2:ReiMu","floor":12.0},{"not_picked":["DoubleButterfly:ReiMu","CollectionFlower2:ReiMu"],"picked":"NineCharacters:ReiMu","floor":13.0},{"not_picked":["Enchanting:ReiMu","Revelation:ReiMu"],"picked":"FineLineFantasy:ReiMu","floor":14.0},{"not_picked":["KamiRite:ReiMu","Authority:ReiMu"],"picked":"Determination:ReiMu","floor":16.0},{"not_picked":["BarrageOfMoneybags:ReiMu","AirManeuver:ReiMu"],"picked":"AlertArray:ReiMu","floor":18},{"not_picked":["TightArray:ReiMu","OrbThrow:ReiMu"],"picked":"YinYangSign:ReiMu","floor":19},{"not_picked":["CollectionFlower2:ReiMu","Intuition:ReiMu+1"],"picked":"SpringWay:ReiMu","floor":20},{"not_picked":["AlertArray:ReiMu","WonderfulDomain:ReiMu"],"picked":"SpreadBorder2:ReiMu","floor":21}],"player_experience":118566,"relics_obtained":[{"floor":6.0,"key":"Bag of Marbles"},{"floor":9.0,"key":"Pen Nib"}],"event_choices":[{"damage_healed":0.0,"max_hp_gain":0.0,"max_hp_loss":0.0,"gold_gain":175.0,"event_name":"Liars Game","player_choice":"AGREE","floor":2.0,"gold_loss":0.0,"damage_taken":0.0,"cards_obtained":["Doubt"]},{"cards_removed":["Doubt"],"damage_healed":0.0,"max_hp_gain":0.0,"max_hp_loss":0.0,"gold_gain":0.0,"event_name":"Fountain of Cleansing","player_choice":"Removed Curses","floor":3.0,"gold_loss":0.0,"damage_taken":0.0},{"damage_healed":0.0,"max_hp_gain":0.0,"max_hp_loss":0.0,"gold_gain":0.0,"event_name":"Match and Keep!","player_choice":"2 cards matched","floor":5.0,"gold_loss":0.0,"damage_taken":0.0,"cards_obtained":["Deep Breath","KyokaiOfKami:ReiMu"]},{"damage_healed":0.0,"max_hp_gain":0.0,"max_hp_loss":0.0,"gold_gain":0.0,"event_name":"Match and Keep!","player_choice":"2 cards matched","floor":5.0,"gold_loss":0.0,"damage_taken":0.0,"cards_obtained":["Deep Breath","KyokaiOfKami:ReiMu"]}],"is_beta":false,"boss_relics":[{"not_picked":["vexMod:EndlessSickness","vexMod:MysteryBossChallenge"],"picked":"Replay:Wanted Poster"}],"items_purged_floors":[],"is_endless":false,"potions_floor_spawned":[8,13,16,21],"killed_by":"Centurion and Healer","ascension_level":0}}