{"host":"pqhwp6kmk3x070f7","time":1608687848,"event":{"mods":["Act Like it!","BaseMod","Better Altar","Better Match","Better Note","Better Sensory Stone","Better Skull","Better Third Choice","Downfall","Energized Spire","Hallownest","Hubris","Infinite Spire","Minty Spire (QoL Compilation)","Replay The Spire","StSLib","The Animator","The Bug Knight","The Marked"],"gold_per_floor":[114,114,189,189,264,295,315,330,330,313,343,381,393,419,431,544,556,583,612,418,430,430,430],"floor_reached":22,"playtime":2368,"items_purged":["theMarked:Defend"],"score":256,"play_id":"770fee17-d367-42db-b701-2fc4542ab1b9","local_time":"20201222174408","is_ascension_mode":false,"campfire_choices":[{"data":"theMarked:HeritageOfTheMarked","floor":13,"key":"SMITH"},{"data":"theMarked:Generate","floor":15,"key":"SMITH"}],"circlet_count":0,"master_deck":["theMarked:Strike","theMarked:Strike","theMarked:Strike","theMarked:Strike","theMarked:Strike","theMarked:Defend","theMarked:Defend","theMarked:Defend","theMarked:SoldierOfQuellstein","theMarked:MysticalArsenal","theMarked:Overcharge","theMarked:Panic","theMarked:Convert","Pot Of Greed","Pot Of Greed","theMarked:StartUp","theMarked:ParalyzingBlade","theMarked:HeritageOfTheMarked+1","theMarked:Generate+1","theMarked:TakeOffHeels","CurseOfTheBell","theMarked:DeterminationOfTheMarked"],"relics":["theMarked:ArtifactOfAir","Smiling Mask","hubris:Icosahedron","Toy Ornithopter","Centennial Puzzle","Grinning Jar","MawBank","Garlic","Calling Bell","ReplayTheSpireMod:Lightbulb","hubris:TinFlute","infinitespire:Magic Flask","Omamori"],"acts_visited":["Exordium","TheCity"],"potions_floor_usage":[10,10,10,16,16,19,22],"damage_taken":[{"damage":0,"enemies":"2 Louse","floor":1,"turns":2},{"damage":0,"enemies":"HollowMod:MossKnight","floor":6,"turns":6},{"damage":0,"enemies":"Small Slimes","floor":7,"turns":3},{"damage":0,"enemies":"Cultist","floor":8,"turns":3},{"damage":0,"enemies":"Lagavulin","floor":10,"turns":2},{"damage":12,"enemies":"Gremlin Gang","floor":11,"turns":4},{"damage":3,"enemies":"HollowMod:MossKnight","floor":12,"turns":8},{"damage":3,"enemies":"2 Fungi Beasts","floor":14,"turns":3},{"damage":52,"enemies":"The Guardian","floor":16,"turns":9},{"damage":5,"enemies":"3 Byrds","floor":18,"turns":5},{"damage":20,"enemies":"2 Thieves","floor":19,"turns":4},{"damage":16,"enemies":"3 Cultists","floor":21,"turns":3},{"damage":39,"enemies":"Sentry and Sphere","floor":22,"turns":5}],"seed_played":"8840205055214059800","potions_obtained":[{"floor":7,"key":"DuplicationPotion"},{"floor":8,"key":"Explosive Potion"},{"floor":10,"key":"Venom Potion"},{"floor":14,"key":"Fire Potion"},{"floor":16,"key":"Elixir"},{"floor":21,"key":"Adrenaline Potion"}],"is_trial":false,"path_per_floor":["M","?","?","?","?","E","M","M","T","E","M","E","R","M","R","B",null,"M","M","$","M","M"],"character_chosen":"THE_DEFAULT","items_purchased":["Omamori"],"campfire_rested":0,"item_purchase_floors":[20],"current_hp_per_floor":[70,70,59,56,49,49,49,49,49,64,52,49,49,46,46,4,70,65,50,50,34,0,0],"gold":430,"neow_bonus":"RANDOM_COMMON_RELIC","is_daily":false,"chose_seed":false,"campfire_upgraded":2,"win_rate":0.0,"timestamp":1608687848,"path_taken":["M","?","?","?","?","E","?","?","T","E","M","E","R","M","R","BOSS","M","M","$","M","M"],"items_purchased_type":["Relic"],"build_version":"2020-12-13","purchased_purges":1,"victory":false,"max_hp_per_floor":[70,70,70,70,70,70,70,70,70,70,70,70,70,70,70,70,70,70,70,70,70,70,70],"card_choices":[{"not_picked":["theMarked:ChainLightning","theMarked:TakeCover"],"picked":"theMarked:MysticalArsenal","floor":1},{"not_picked":["theMarked:DeterminationOfTheMarked","theMarked:Electrify"],"picked":"theMarked:Overcharge","floor":6},{"not_picked":["theMarked:WastefulDefense","theMarked:Reabsorb"],"picked":"theMarked:Panic","floor":7},{"not_picked":["theMarked:EmpowerWeapon","theMarked:WardOff"],"picked":"theMarked:Convert","floor":8},{"not_picked":["theMarked:ChainLightning","theMarked:Aftermath"],"picked":"theMarked:StartUp","floor":10},{"not_picked":["theMarked:Opportunist","theMarked:SwordAndMagic"],"picked":"theMarked:ParalyzingBlade","floor":11},{"not_picked":["theMarked:DeterminationOfTheMarked","theMarked:Seal"],"picked":"theMarked:HeritageOfTheMarked","floor":12},{"not_picked":["theMarked:HeightenedSenses","theMarked:Overthink"],"picked":"theMarked:Generate","floor":14},{"not_picked":["theMarked:ChannelForce","theMarked:MuscleMemory"],"picked":"theMarked:TakeOffHeels","floor":16},{"not_picked":["theMarked:HeightenedSenses+1","theMarked:TakeCover"],"picked":"theMarked:DeterminationOfTheMarked","floor":18},{"not_picked":["theMarked:Convert","theMarked:ContemptForTheProud","theMarked:Frustration+1"],"picked":"SKIP","floor":19},{"not_picked":["theMarked:Static","theMarked:Electrocute","theMarked:Polarize"],"picked":"SKIP","floor":21}],"player_experience":1973827,"relics_obtained":[{"floor":6,"key":"Centennial Puzzle"},{"floor":9,"key":"Grinning Jar"},{"floor":10,"key":"MawBank"},{"floor":12,"key":"Garlic"},{"floor":17,"key":"ReplayTheSpireMod:Lightbulb"},{"floor":17,"key":"hubris:TinFlute"},{"floor":17,"key":"infinitespire:Magic Flask"}],"event_choices":[{"damage_healed":0,"gold_gain":75,"player_choice":"Gold","damage_taken":11,"max_hp_gain":0,"max_hp_loss":0,"event_name":"betterThird:BetterGoop","floor":3,"gold_loss":0},{"damage_healed":0,"gold_gain":0,"player_choice":"Relic ","damage_taken":3,"max_hp_gain":0,"max_hp_loss":0,"event_name":"betterThird:BetterScrap","floor":4,"gold_loss":0,"cards_obtained":["DevaForm"]},{"damage_healed":0,"gold_gain":75,"player_choice":"Touch","damage_taken":7,"max_hp_gain":0,"max_hp_loss":0,"event_name":"FaceTrader","floor":5,"gold_loss":0}],"is_beta":false,"boss_relics":[{"not_picked":["Runic Pyramid","Snecko Eye"],"picked":"Calling Bell"}],"items_purged_floors":[20],"is_endless":false,"potions_floor_spawned":[7,8,10,14,16,21],"killed_by":"Sentry and Sphere","ascension_level":0}}