{"host":"ds28d883r3sz42zs","time":1608737532,"event":{"mods":["2.2 Compatiblity","AchievementEnabler","Act Like it!","Aspiration","BaseMod","Bestiary","Better Match","Better Sensory Stone","Better Silent Start","Better Third Choice","Better-Laid Plans","BetterRewards","Block Reminder","Challenge The Spire","Clawfect","Colored Map","Colored Powertips","Conspire","DeckTracker","Defuse TimeMaze Blight","Disable Question Mark Monsters","Displayed Cursed Tome","Emptier Cage","GifTheSpireLib","Gold Saver","Hallownest","Hubris","Infinite Spire","Minty Spire (QoL Compilation)","Permanent Neow","Practice Mode","Quick Restart","Random Character Button","Rare Cards Sparkle","Relic Filter","Relic Sorter","Relic Stats","Replay The Spire","SacredBarkPlus","Shop Mod","StSLib","Stuff the Spire","SuperFastMode","The Bug Knight","The Jungle","Uncapped","Unknown Chances"],"gold_per_floor":[1036,1036,436,436,132,132,162,162,162,178,178,195,195,220,220,322,322,337,387,662,677,698,698,698,716,741,741,774,156,172,210,210,210,210],"floor_reached":33,"playtime":1669,"items_purged":["HollowMod:NailStrikeStart","HollowMod:NailStrikeStart","Regret"],"score":485,"play_id":"a2a535eb-4562-49eb-a7c2-d41a9fa77457","local_time":"20201223103212","is_ascension_mode":true,"campfire_choices":[{"data":"HollowMod:SoulStrike","floor":6.0,"key":"SMITH"},{"data":"HollowMod:GreatSlash","floor":8.0,"key":"SMITH"},{"data":"HollowMod:CloakDash","floor":13,"key":"SMITH"},{"data":"HollowMod:MothsMistake","floor":15,"key":"SMITH"},{"floor":23,"key":"REST"},{"data":"HollowMod:MawleksShell","floor":32,"key":"SMITH"}],"circlet_count":0,"master_deck":["HollowMod:NailStrikeStart","HollowMod:NailStrikeStart","HollowMod:QuickDashStart","HollowMod:QuickDashStart","HollowMod:QuickDashStart","HollowMod:FocusHealStart","HollowMod:PogoStrike+1","HollowMod:SoulStrike+1","HollowMod:CrystalDash","HollowMod:NewGlowingWomb+1","HollowMod:GreatSlash+1","HollowMod:CloakDash+1","HollowMod:MothsMistake+1","HollowMod:SlysStrikes","Languid","Regret","Shame","HollowMod:ChannelNail+1","hubris:Gluttony","HollowMod:RecoilStrike+1","HollowMod:HuntersJournal","HollowMod:MawleksShell+1"],"relics":["HollowMod:VesselMask","Unceasing Top","Sling","hubris:Towel","Potion Belt","Strawberry","Shuriken","Gremlin Food","Busted Crown","Ring of Misfortune","Ring of Greed","Golden Egg","Golden Idol","Simple Rune","aspiration:Lifesprig","OrangePellets","Quantum Egg","MerchantsRug","Bag of Marbles"],"acts_visited":["Exordium","Hallownest:Greenpath"],"potions_floor_usage":[25,33,33,33,33],"damage_taken":[{"damage":0.0,"enemies":"Hallownest:monsterHuskWarrior","floor":1.0,"turns":3.0},{"damage":5.0,"enemies":"Hallownest:eliteVengeflyKing","floor":7.0,"turns":7.0},{"damage":0,"enemies":"Hallownest:2_Baldur","floor":10,"turns":3},{"damage":0,"enemies":"Hallownest:monsterHuskGuard","floor":12,"turns":3},{"damage":0,"enemies":"Hallownest:eliteMossKnight","floor":14,"turns":3},{"damage":31,"enemies":"Hallownest:BossBrokenVessel","floor":16,"turns":10},{"damage":8,"enemies":"theJungle:MUSHROOMGANG","floor":18,"turns":5},{"damage":0,"enemies":"theJungle:5_Spyders","floor":21,"turns":7},{"damage":64,"enemies":"theJungle:2_Flameangoes","floor":22,"turns":6},{"damage":12,"enemies":"theJungle:Lyon","floor":25,"turns":5},{"damage":12,"enemies":"theJungle:Cassacara","floor":28,"turns":7},{"damage":25,"enemies":"theJungle:2_Snecko_Cultists","floor":30,"turns":4},{"damage":0,"enemies":"theJungle:2_Phrogs","floor":31,"turns":5},{"damage":59,"enemies":"theJungle:QueenSpyder","floor":33,"turns":18}],"seed_played":"-162758737934044575","potions_obtained":[{"floor":1.0,"key":"Milkshake"},{"floor":7.0,"key":"Ancient Potion"},{"floor":16,"key":"Weak Potion"},{"floor":25,"key":"Toxic Potion"},{"floor":28,"key":"GamblersBrew"},{"floor":30,"key":"Dexterity Potion"},{"floor":31,"key":"Swift Potion"}],"is_trial":false,"path_per_floor":["M","?","$","?","$","R","E","R","T","M","?","M","R","E","R","B",null,"M","?","?","M","M","R","T","M","T","AVR","E","$","M","E","R","B"],"character_chosen":"THE_BUGKNIGHT","items_purchased":["Unceasing Top","Sling","HollowMod:CrystalDash","Potion Belt","HollowMod:NewGlowingWomb+1","OrangePellets","Quantum Egg","MerchantsRug","HollowMod:RecoilStrike"],"campfire_rested":1,"item_purchase_floors":[3,3,3,5,5,29,29,29,29],"current_hp_per_floor":[74,74,74,74,74,74,82,82,82,82,82,82,82,82,82,61,77,79,79,79,82,28,52,52,52,52,52,52,52,33,43,43,0,0],"gold":210,"neow_bonus":"UPGRADE_CARD","is_daily":false,"chose_seed":false,"campfire_upgraded":5,"win_rate":0.0,"timestamp":1608737532,"path_taken":["M","?","$","?","$","R","E","R","T","M","?","M","R","E","R","BOSS","M","?","?","?","M","R","?","?","T","AVR","E","?","M","E","R","BOSS"],"items_purchased_type":["Relic","Relic","Card","Relic","Card","Relic","Relic","Relic","Card"],"build_version":"2020-12-22","purchased_purges":3,"victory":false,"max_hp_per_floor":[75,75,75,75,75,75,82,82,82,82,82,82,82,82,82,82,82,82,82,82,82,82,82,82,82,82,82,82,82,82,82,82,82,82],"relic_stats":{"OrangePellets":[11],"Busted Crown":44,"counters":[14,86],"Shuriken":[17],"Golden Idol":29,"obtain_stats":[{"Potion Belt":5,"Gremlin Food":14,"Golden Egg":19,"MerchantsRug":29,"aspiration:Lifesprig":28,"Golden Idol":19,"Quantum Egg":29,"HollowMod:VesselMask":0,"Ring of Greed":19,"hubris:Towel":4,"Sling":3,"OrangePellets":29,"Replay:Baseball":26,"Busted Crown":17,"Shuriken":9,"Strawberry":7,"Ring of Misfortune":19,"Simple Rune":24,"Bag of Marbles":31,"Unceasing Top":3},{"Potion Belt":1,"Gremlin Food":5,"Golden Egg":7,"MerchantsRug":11,"aspiration:Lifesprig":11,"Golden Idol":7,"Quantum Egg":11,"HollowMod:VesselMask":0,"Ring of Greed":7,"hubris:Towel":1,"Sling":1,"OrangePellets":11,"Replay:Baseball":10,"Busted Crown":6,"Shuriken":2,"Strawberry":2,"Ring of Misfortune":7,"Simple Rune":9,"Bag of Marbles":13,"Unceasing Top":1},{"Potion Belt":3,"Gremlin Food":19,"Golden Egg":34,"MerchantsRug":59,"aspiration:Lifesprig":59,"Golden Idol":34,"Quantum Egg":59,"HollowMod:VesselMask":0,"Ring of Greed":34,"hubris:Towel":3,"Sling":3,"OrangePellets":59,"Replay:Baseball":52,"Busted Crown":29,"Shuriken":10,"Strawberry":10,"Ring of Misfortune":34,"Simple Rune":47,"Bag of Marbles":68,"Unceasing Top":3}],"Unceasing Top":[40]},"card_choices":[{"not_picked":["HollowMod:NewLittleFool","HollowMod:TaintedHusks"],"picked":"HollowMod:SoulStrike","floor":1.0},{"not_picked":["HollowMod:AbyssShriek","HollowMod:ChannelNail"],"picked":"HollowMod:GreatSlash","floor":7.0},{"not_picked":["HollowMod:SoulShaman","HollowMod:PaleKingsBlessing"],"picked":"HollowMod:CloakDash","floor":10},{"not_picked":["HollowMod:GoodIntentions","HollowMod:FallenFury","HollowMod:NewLittleFool"],"picked":"SKIP","floor":12},{"not_picked":["HollowMod:WraithStrike","HollowMod:SiblingsSouls"],"picked":"HollowMod:MothsMistake","floor":14},{"not_picked":["HollowMod:RadiancesLament","HollowMod:HornetsHelp"],"picked":"HollowMod:SlysStrikes","floor":16},{"not_picked":["HollowMod:WraithStrike"],"picked":"SKIP","floor":18},{"not_picked":["HollowMod:BlackTendrils"],"picked":"SKIP","floor":21},{"not_picked":[],"picked":"HollowMod:ChannelNail+1","floor":22},{"not_picked":["HollowMod:HowlingWraiths"],"picked":"SKIP","floor":25},{"not_picked":["HollowMod:SiblingsShadow"],"picked":"SKIP","floor":28},{"not_picked":[],"picked":"HollowMod:HuntersJournal","floor":30},{"not_picked":[],"picked":"HollowMod:MawleksShell","floor":31}],"player_experience":751294,"relics_obtained":[{"floor":7.0,"key":"Strawberry"},{"floor":9.0,"key":"Shuriken"},{"floor":14,"key":"Gremlin Food"},{"floor":19,"key":"Ring of Misfortune"},{"floor":19,"key":"Ring of Greed"},{"floor":19,"key":"Golden Egg"},{"floor":19,"key":"Golden Idol"},{"floor":24,"key":"Simple Rune"},{"floor":26,"key":"Replay:Baseball"},{"floor":28,"key":"aspiration:Lifesprig"},{"floor":31,"key":"Bag of Marbles"}],"event_choices":[{"damage_healed":0.0,"max_hp_gain":0.0,"max_hp_loss":0.0,"gold_gain":0.0,"event_name":"conspire:Investor","player_choice":"Leave","floor":2.0,"gold_loss":0.0,"damage_taken":0.0},{"damage_healed":0,"gold_gain":275,"player_choice":"Desecrate","damage_taken":0,"max_hp_gain":0,"max_hp_loss":0,"event_name":"Golden Shrine","floor":20,"gold_loss":0,"cards_obtained":["Regret"]}],"is_beta":false,"boss_relics":[{"not_picked":["Replay:Ancient Bell","StuffTheSpire:ModemDavis"],"picked":"Busted Crown"}],"items_purged_floors":[3,5,29],"is_endless":false,"potions_floor_spawned":[1,7,16,25,28,30,31],"killed_by":"theJungle:QueenSpyder","ascension_level":9}}