{"host":"7o30bgpqouqblh42","time":1608693440,"event":{"mods":["AchievementEnabler","Aspiration","BaseMod","Colored Map","Downfall","Highlight Path","Minty Spire (QoL Compilation)","StSLib","SuperFastMode"],"gold_per_floor":[111,127,142,17,17,17,17,17,17,17,29,56,56,90,90,90,90],"floor_reached":16,"playtime":1114,"items_purged":[],"score":113,"play_id":"dcd62472-7f00-492c-af28-8f6ffc7fdd04","local_time":"20201222221720","is_ascension_mode":true,"campfire_choices":[{"data":"Body Slam","floor":6,"key":"SMITH"},{"data":"expansioncontent:DecasProtection","floor":8,"key":"SMITH"},{"data":"Skewer","floor":15,"key":"SMITH"}],"circlet_count":0,"master_deck":["Strike_R","Strike_R+1","Defend_R","Defend_R","Defend_R","Defend_R","Bash","Body Slam+1","Entrench","Inflame","Flame Barrier","expansioncontent:DecasProtection+1","Injury","Regret","Endless Agony+1","All Out Attack","Skewer+1","Thunderclap","Rage","Shrug It Off"],"relics":["Burning Blood","aspiration:Nostalgia","Guardian:ModeShifter","Frozen Egg 2","Happy Flower","Pocketwatch","Toy Ornithopter"],"acts_visited":["Exordium"],"potions_floor_usage":[12,14,16],"damage_taken":[{"damage":0,"enemies":"2 Louse","floor":1,"turns":3},{"damage":5,"enemies":"Small Slimes","floor":2,"turns":3},{"damage":5,"enemies":"Jaw Worm","floor":3,"turns":4},{"damage":11,"enemies":"Blue Slaver","floor":11,"turns":4},{"damage":12,"enemies":"3 Sentries","floor":12,"turns":6},{"damage":21,"enemies":"Lagavulin","floor":14,"turns":5},{"damage":43,"enemies":"Hexaghost","floor":16,"turns":11}],"seed_played":"3162182471139207109","potions_obtained":[{"floor":11,"key":"PowerPotion"},{"floor":12,"key":"champ:CounterPotion"},{"floor":14,"key":"Explosive Potion"}],"is_trial":false,"path_per_floor":["M","M","M","$","?","R","?","R","T","?","M","E","?","E","R","B"],"character_chosen":"IRONCLAD","items_purchased":["Flame Barrier","expansioncontent:DecasProtection"],"campfire_rested":0,"item_purchase_floors":[4,4],"current_hp_per_floor":[80,80,80,80,80,80,80,80,80,80,75,69,53,38,38,0,0],"gold":90,"neow_bonus":"NOSTALGIA","is_daily":false,"chose_seed":false,"campfire_upgraded":3,"win_rate":0.0,"timestamp":1608693440,"path_taken":["M","M","M","$","?","R","?","R","T","?","M","E","?","E","R","BOSS"],"items_purchased_type":["Card","Card"],"build_version":"2020-12-13","purchased_purges":0,"victory":false,"max_hp_per_floor":[80,80,80,80,80,80,80,80,80,80,80,80,80,80,80,80,80],"card_choices":[{"not_picked":["Shrug It Off","Twin Strike"],"picked":"Body Slam","floor":1},{"not_picked":["Searing Blow","Dark Embrace"],"picked":"Entrench","floor":2},{"not_picked":["Ghostly Armor","Uppercut"],"picked":"Inflame","floor":3},{"not_picked":["Heavy Blade","Cleave"],"picked":"Thunderclap","floor":11},{"not_picked":["Intimidate","Uppercut"],"picked":"Rage","floor":12},{"not_picked":["True Grit","Thunderclap"],"picked":"Shrug It Off","floor":14}],"player_experience":96045,"relics_obtained":[{"floor":12,"key":"Pocketwatch"},{"floor":14,"key":"Toy Ornithopter"}],"event_choices":[{"damage_healed":0,"gold_gain":0,"player_choice":"Box","damage_taken":0,"relics_obtained":["Happy Flower"],"max_hp_gain":0,"max_hp_loss":0,"event_name":"Big Fish","floor":7,"gold_loss":0,"cards_obtained":["Regret"]},{"damage_healed":0,"gold_gain":0,"player_choice":"Entered Light","damage_taken":16,"max_hp_gain":0,"max_hp_loss":0,"event_name":"Shining Light","floor":13,"gold_loss":0,"cards_upgraded":["Endless Agony","Strike_R"]}],"is_beta":false,"boss_relics":[],"items_purged_floors":[],"is_endless":false,"potions_floor_spawned":[11,12,14],"killed_by":"Hexaghost","ascension_level":1}}