{"host":"07ljfmttuzqopd7f","time":1608760537,"event":{"mods":["2.2 Compatiblity","BaseMod","Bestiary","Block Reminder","Colored Map","Colored Powertips","Curses Come First","Hermit","Minty Spire (QoL Compilation)","Quick Restart","Random Character Button","Rare Cards Sparkle","Relic Stats","StSLib","The Cursed","UnlockEverythingMod","everything is the same but u backflip on backflip"],"gold_per_floor":[114,114,84,94,111,123,123,157,180,180,200,232,14,14,14,113,113,130,130,130,148,163,189,189,189,241,251,251,277,310,49,49,146,146,159,177,98,98,98,128,49,49,74,109,124,124,124,134,134,134,134],"floor_reached":50,"playtime":2994,"items_purged":["Strike_P","Strike_P"],"score":807,"play_id":"636d0d8d-0f0e-4feb-8e7d-5024ebeea5fd","local_time":"20201223165537","is_ascension_mode":true,"campfire_choices":[{"data":"Ragnarok","floor":7,"key":"SMITH"},{"data":"LikeWater","floor":10,"key":"SMITH"},{"data":"ReachHeaven","floor":15,"key":"SMITH"},{"floor":25,"key":"REST"},{"floor":28,"key":"REST"},{"floor":32,"key":"REST"},{"floor":42,"key":"REST"},{"floor":46,"key":"REST"},{"floor":49,"key":"RECALL"}],"circlet_count":0,"master_deck":["Strike_P+1","Strike_P","Defend_P","Defend_P","Defend_P","Defend_P","Eruption","Vigilance+1","Indignation","LikeWater+1","Protect","Ragnarok+1","ReachHeaven+1","TalkToTheHand","Swivel","Scrawl","Evaluate","WaveOfTheHand+1","CutThroughFate+1","BowlingBash","Conclude+1","Wallop+1","Fasting2","EmptyBody+1","LessonLearned","InnerPeace+1","Omniscience","Meditate","EmptyMind","Adaptation","MentalFortress","Sanctity","Parasite","FlurryOfBlows+1"],"relics":["Snecko Eye","Juzu Bracelet","Nunchaku","Oddly Smooth Stone","ClockworkSouvenir","Fusion Hammer","Dream Catcher","White Beast Statue","Tiny Chest","Blue Candle","Red Mask","Cursed Key","Damaru","Whetstone","Eternal Feather"],"acts_visited":["Exordium","TheCity","TheBeyond"],"potions_floor_usage":[6,6,8,23,29,33,33,40,40,40,40,40,40,50,50,50],"damage_taken":[{"damage":0,"enemies":"Jaw Worm","floor":1,"turns":2},{"damage":2,"enemies":"Small Slimes","floor":4,"turns":3},{"damage":0,"enemies":"Cultist","floor":5,"turns":5},{"damage":7,"enemies":"Large Slime","floor":6,"turns":12},{"damage":25,"enemies":"Gremlin Nob","floor":8,"turns":3},{"damage":0,"enemies":"2 Fungi Beasts","floor":11,"turns":1},{"damage":0,"enemies":"Lagavulin","floor":12,"turns":3},{"damage":0,"enemies":"Slime Boss","floor":16,"turns":5},{"damage":0,"enemies":"Chosen","floor":18,"turns":3},{"damage":14,"enemies":"2 Thieves","floor":21,"turns":4},{"damage":0,"enemies":"Centurion and Healer","floor":22,"turns":2},{"damage":26,"enemies":"Slavers","floor":23,"turns":11},{"damage":2,"enemies":"Sentry and Sphere","floor":27,"turns":4},{"damage":30,"enemies":"Book of Stabbing","floor":29,"turns":7},{"damage":17,"enemies":"Masked Bandits","floor":30,"turns":3},{"damage":34,"enemies":"Collector","floor":33,"turns":6},{"damage":25,"enemies":"3 Darklings","floor":35,"turns":4},{"damage":0,"enemies":"3 Shapes","floor":36,"turns":2},{"damage":17,"enemies":"Giant Head","floor":40,"turns":9},{"damage":4,"enemies":"Nemesis","floor":44,"turns":5},{"damage":2,"enemies":"Spire Growth","floor":45,"turns":3},{"damage":0,"enemies":"Jaw Worm Horde","floor":48,"turns":4},{"damage":84,"enemies":"Awakened One","floor":50,"turns":17}],"seed_played":"2076170310065389283","potions_obtained":[{"floor":1,"key":"BlessingOfTheForge"},{"floor":3,"key":"SkillPotion"},{"floor":3,"key":"Swift Potion"},{"floor":4,"key":"Weak Potion"},{"floor":12,"key":"PowerPotion"},{"floor":21,"key":"ColorlessPotion"},{"floor":23,"key":"ColorlessPotion"},{"floor":27,"key":"Explosive Potion"},{"floor":29,"key":"CultistPotion"},{"floor":30,"key":"LiquidBronze"},{"floor":33,"key":"FearPotion"},{"floor":35,"key":"EntropicBrew"},{"floor":40,"key":"Strength Potion"},{"floor":44,"key":"SkillPotion"},{"floor":45,"key":"ColorlessPotion"},{"floor":48,"key":"Regen Potion"}],"is_trial":false,"path_per_floor":["M","?","?","M","M","M","R","E","T","R","M","E","$","?","R","B",null,"M","?","?","M","M","E","?","R","T","M","R","E","?","$","R","B",null,"M","M","$","?","T","E","$","R","T","E","M","R","$","M","R","B"],"character_chosen":"WATCHER","items_purchased":["ClockworkSouvenir","LessonLearned","Adaptation","MentalFortress"],"campfire_rested":5,"item_purchase_floors":[13,31,37,41],"current_hp_per_floor":[65,65,65,63,63,56,56,31,31,31,31,31,31,31,31,31,62,62,62,62,48,48,22,22,43,43,41,62,32,15,15,36,2,55,30,30,30,30,30,13,13,34,34,30,28,67,67,67,72,0,0],"gold":134,"neow_bonus":"BOSS_RELIC","is_daily":false,"chose_seed":false,"campfire_upgraded":3,"win_rate":0.0,"timestamp":1608760537,"path_taken":["M","?","?","M","?","M","R","E","T","R","M","E","$","?","R","BOSS","M","?","?","M","M","E","?","R","T","M","R","E","?","$","R","BOSS","M","M","$","?","?","E","$","R","T","E","M","R","$","M","R","BOSS"],"items_purchased_type":["Relic","Card","Card","Card"],"build_version":"2020-12-22","purchased_purges":2,"victory":false,"max_hp_per_floor":[72,72,72,72,72,72,72,72,72,72,72,72,72,72,72,72,72,72,72,72,72,72,72,72,72,72,72,72,72,72,72,72,72,72,72,72,72,72,72,72,72,72,72,72,72,72,72,72,72,72,72],"relic_stats":{"Nunchaku":[18],"Dream Catcher":5,"counters":[23,118],"Blue Candle":[3],"Snecko Eye":[220,250,232,238],"Tiny Chest":0,"Eternal Feather":23,"Juzu Bracelet":1,"Whetstone":["Strike_P","Wallop"],"Cursed Key":1,"obtain_stats":[{"Blue Candle":29,"Oddly Smooth Stone":12,"Damaru":40,"Eternal Feather":44,"Juzu Bracelet":8,"Whetstone":43,"Cursed Key":34,"White Beast Statue":24,"ClockworkSouvenir":13,"Nunchaku":9,"Dream Catcher":23,"Snecko Eye":0,"Tiny Chest":26,"Fusion Hammer":17,"Red Mask":30,"PureWater":0},{"Blue Candle":14,"Oddly Smooth Stone":7,"Damaru":19,"Eternal Feather":20,"Juzu Bracelet":5,"Whetstone":19,"Cursed Key":16,"White Beast Statue":12,"ClockworkSouvenir":7,"Nunchaku":5,"Dream Catcher":12,"Snecko Eye":0,"Tiny Chest":12,"Fusion Hammer":8,"Red Mask":15,"PureWater":0},{"Blue Candle":65,"Oddly Smooth Stone":29,"Damaru":89,"Eternal Feather":94,"Juzu Bracelet":25,"Whetstone":89,"Cursed Key":74,"White Beast Statue":54,"ClockworkSouvenir":29,"Nunchaku":25,"Dream Catcher":54,"Snecko Eye":0,"Tiny Chest":54,"Fusion Hammer":34,"Red Mask":68,"PureWater":0}]},"card_choices":[{"not_picked":["FearNoEvil","SashWhip"],"picked":"Indignation","floor":1},{"not_picked":["Consecrate","FollowUp"],"picked":"LikeWater","floor":4},{"not_picked":["PathToVictory","CrushJoints"],"picked":"Protect","floor":5},{"not_picked":["Evaluate","Halt"],"picked":"Ragnarok","floor":6},{"not_picked":["Crescendo","EmptyBody"],"picked":"ReachHeaven","floor":8},{"not_picked":["FlyingSleeves","JustLucky"],"picked":"TalkToTheHand","floor":11},{"not_picked":["Study","EmptyMind"],"picked":"Swivel","floor":12},{"not_picked":["Judgement","Brilliance"],"picked":"Scrawl","floor":16},{"not_picked":["Halt","Indignation"],"picked":"Evaluate","floor":18},{"not_picked":["Consecrate","ClearTheMind"],"picked":"CutThroughFate+1","floor":21},{"not_picked":["Halt","CutThroughFate","Brilliance"],"picked":"SKIP","floor":22},{"not_picked":["ReachHeaven","Halt"],"picked":"BowlingBash","floor":23},{"not_picked":["FollowUp","FlyingSleeves+1"],"picked":"Conclude+1","floor":25},{"not_picked":["BowlingBash+1","FollowUp"],"picked":"Wallop","floor":27},{"not_picked":["Prostrate","Wallop"],"picked":"Fasting2","floor":28},{"not_picked":["WaveOfTheHand","Crescendo"],"picked":"EmptyBody+1","floor":29},{"not_picked":["CutThroughFate","ClearTheMind"],"picked":"InnerPeace+1","floor":32},{"not_picked":["Brilliance","Devotion"],"picked":"Omniscience","floor":33},{"not_picked":["WaveOfTheHand+1","Swivel"],"picked":"Meditate","floor":35},{"not_picked":["Consecrate","SashWhip"],"picked":"EmptyMind","floor":36},{"not_picked":["ClearTheMind","Consecrate+1","MasterReality"],"picked":"SKIP","floor":40},{"not_picked":["LikeWater","Prostrate"],"picked":"Sanctity","floor":42},{"not_picked":["FollowUp+1","SignatureMove+1"],"picked":"FlurryOfBlows+1","floor":44},{"not_picked":["Evaluate+1","FollowUp","Sanctity+1"],"picked":"SKIP","floor":45},{"not_picked":["DeceiveReality","FollowUp+1","JustLucky+1"],"picked":"SKIP","floor":48}],"player_experience":457932,"relics_obtained":[{"floor":8,"key":"Juzu Bracelet"},{"floor":9,"key":"Nunchaku"},{"floor":12,"key":"Oddly Smooth Stone"},{"floor":23,"key":"Dream Catcher"},{"floor":26,"key":"Tiny Chest"},{"floor":29,"key":"Blue Candle"},{"floor":30,"key":"Red Mask"},{"floor":40,"key":"Damaru"},{"floor":43,"key":"Whetstone"},{"floor":44,"key":"Eternal Feather"}],"event_choices":[{"damage_healed":0,"gold_gain":0,"player_choice":"Grow","damage_taken":0,"max_hp_gain":0,"max_hp_loss":0,"event_name":"Living Wall","floor":2,"gold_loss":0,"cards_upgraded":["Vigilance"]},{"damage_healed":0,"gold_gain":0,"player_choice":"Bought 2 Potions","damage_taken":0,"max_hp_gain":0,"max_hp_loss":0,"event_name":"The Woman in Blue","floor":3,"gold_loss":0},{"damage_healed":0,"gold_gain":0,"player_choice":"Ignored","damage_taken":0,"max_hp_gain":0,"max_hp_loss":0,"event_name":"Liars Game","floor":14,"gold_loss":0},{"damage_healed":0,"gold_gain":0,"player_choice":"Read","damage_taken":0,"max_hp_gain":0,"max_hp_loss":0,"event_name":"The Library","floor":19,"gold_loss":0,"cards_obtained":["WaveOfTheHand"]},{"damage_healed":0,"gold_gain":0,"player_choice":"Ignored","damage_taken":0,"max_hp_gain":0,"max_hp_loss":0,"event_name":"Cursed Tome","floor":20,"gold_loss":0},{"damage_healed":0,"gold_gain":0,"player_choice":"Gave Potion","damage_taken":0,"relics_obtained":["White Beast Statue"],"max_hp_gain":0,"max_hp_loss":0,"event_name":"WeMeetAgain","floor":24,"gold_loss":0},{"damage_healed":0,"gold_gain":0,"player_choice":"Fought Bandits","damage_taken":0,"max_hp_gain":0,"max_hp_loss":0,"event_name":"Masked Bandits","floor":30,"gold_loss":0},{"damage_healed":0,"gold_gain":0,"player_choice":"Ignored","damage_taken":0,"max_hp_gain":0,"max_hp_loss":0,"event_name":"Mysterious Sphere","floor":38,"gold_loss":0}],"is_beta":false,"boss_relics":[{"not_picked":["Coffee Dripper","Tiny House"],"picked":"Fusion Hammer"},{"not_picked":["VioletLotus","SlaversCollar"],"picked":"Cursed Key"}],"items_purged_floors":[13,31],"is_endless":false,"potions_floor_spawned":[1,4,12,21,23,27,29,30,33,35,36,40,44,45,48],"killed_by":"Awakened One","ascension_level":6}}