{"host":"bhj73plqr6q46rek","time":1608756207,"event":{"mods":["2.2 Compatiblity","Abigail Mod","Aspiration","BaseMod","Better Third Choice","BetterRewards","Conspire","Downfall","Energized Spire","Friendly Minions","GungeonMod","Halation","HololiveMod","Hubris","Infinite Spire","KiyohimeÅiê¥?Åj","Lobotomy","LobotomyExtend","Minty Spire (QoL Compilation)","Prisma Mod","Relic Sorter","StSLib","The Alterego","TheSwordswoman","TheVelvet"],"gold_per_floor":[112,126,126,138,216,247,261,261,306,323,323,323,357,357,357,462,462,462,462],"floor_reached":18,"playtime":1180,"items_purged":[],"score":220,"play_id":"5006252d-5503-4ed1-9c52-04b3c6f75369","local_time":"20201223214327","is_ascension_mode":false,"campfire_choices":[{"data":"blazmod:RevolvingPhoenix","floor":8,"key":"SMITH"},{"data":"blazmod:DevilDivine","floor":12,"key":"SMITH"},{"floor":15,"key":"REST"}],"circlet_count":0,"master_deck":["blazmod:Strike","blazmod:Strike","blazmod:Strike","blazmod:Strike","blazmod:Defend","blazmod:Defend","blazmod:Defend","blazmod:Defend","blazmod:ButterflyEffect","blazmod:Kyokasuigetsu","blazmod:HarmonyComplete","blazmod:TandenKatsu","blazmod:TandenKatsu","blazmod:RevolvingPhoenix+1","blazmod:DevilDivine+1","blazmod:Observant","blazmod:MirrorImage"],"relics":["blazmod:Venustas","halation:PinkSoulGem","infinitespire:DarkRift","aspiration:Nostalgia","LetterFromLob","DemoMod:BlueGuonStone","Happy Flower","infinitespire:Beetle Shell","Sundial"],"acts_visited":["Exordium","TheCity"],"potions_floor_usage":[7,7,13],"damage_taken":[{"damage":0,"enemies":"Cultist","floor":1,"turns":3},{"damage":4,"enemies":"Jaw Worm","floor":2,"turns":5},{"damage":3,"enemies":"Small Slimes","floor":4,"turns":3},{"damage":10,"enemies":"Lagavulin","floor":6,"turns":5},{"damage":1,"enemies":"2 Fungi Beasts","floor":7,"turns":4},{"damage":0,"enemies":"Looter","floor":10,"turns":5},{"damage":12,"enemies":"Gremlin Nob","floor":13,"turns":5},{"damage":0,"enemies":"The Guardian","floor":16,"turns":8},{"damage":0,"enemies":"Chosen","floor":18,"turns":1}],"seed_played":"2263476466569740121","potions_obtained":[{"floor":2,"key":"Regen Potion"},{"floor":6,"key":"Regen Potion"},{"floor":10,"key":"ColorlessPotion"}],"is_trial":false,"path_per_floor":["M","M","?","M","T","E","M","R","T","M","M","R","E","?","R","B",null,"M"],"character_chosen":"THE_SWORDSWOMAN","items_purchased":[],"campfire_rested":1,"item_purchase_floors":[],"current_hp_per_floor":[40,36,36,33,33,23,40,40,40,40,40,40,28,28,40,40,40,40,40],"gold":462,"neow_bonus":"NOSTALGIA","is_daily":false,"chose_seed":false,"campfire_upgraded":2,"win_rate":0.0,"timestamp":1608756207,"path_taken":["M","?","?","M","?","E","?","R","T","M","M","R","E","?","R","BOSS","M"],"items_purchased_type":[],"build_version":"2020-12-22","purchased_purges":0,"victory":false,"max_hp_per_floor":[40,40,40,40,40,40,40,40,40,40,40,40,40,40,40,40,40,40,40],"card_choices":[{"not_picked":["blazmod:FancifulFlutter","blazmod:FocusThroughFalls"],"picked":"blazmod:HarmonyComplete","floor":1},{"not_picked":["blazmod:PhysicalEndurance","blazmod:KatanaStrike"],"picked":"blazmod:TandenKatsu","floor":2},{"not_picked":["blazmod:ButterFlutter","blazmod:WildButterfly"],"picked":"blazmod:TandenKatsu","floor":4},{"not_picked":["blazmod:Observant","blazmod:PhysicalEndurance"],"picked":"blazmod:RevolvingPhoenix","floor":6},{"not_picked":["blazmod:BoulderFlash","blazmod:Crosscut","blazmod:Valiance"],"picked":"SKIP","floor":7},{"not_picked":["blazmod:KatanaStrike","blazmod:SidewaySolace"],"picked":"blazmod:DevilDivine","floor":10},{"not_picked":["blazmod:LoveAndHonor","blazmod:StanceChange"],"picked":"blazmod:Observant","floor":13},{"not_picked":["blazmod:Setsuna","blazmod:InLoveAndWar"],"picked":"blazmod:MirrorImage","floor":16}],"player_experience":261907,"relics_obtained":[{"floor":1,"key":"LetterFromLob"},{"floor":5,"key":"DemoMod:BlueGuonStone"},{"floor":6,"key":"Happy Flower"},{"floor":9,"key":"infinitespire:Beetle Shell"},{"floor":13,"key":"Sundial"}],"event_choices":[],"is_beta":false,"boss_relics":[{"not_picked":["conspire:SeveredTorchhead","blazmod:SamuraiSword","Busted Crown"]}],"items_purged_floors":[],"is_endless":false,"potions_floor_spawned":[2,6,10],"killed_by":"Chosen","ascension_level":0}}