{"host":"Letariel","time":1608756539,"event":{"mods":["BaseMod","Minty Spire (QoL Compilation)"],"gold_per_floor":[109,56,76,76,92,122,122,132,132,132,151,162,195,195,195,290,290,305,305,305,305,321,321,348,348,348,348,348,348,359,131,131,228,228,241,251,262,273,284,284,299,329,356,356,369,401,419,450,450,450,450,450,86,112,112],"floor_reached":56,"playtime":5133,"items_purged":["Strike_G","Flechettes"],"score":1219,"play_id":"ba01a6bf-15ab-41e2-9446-e547b8d83e53","local_time":"20201223124859","is_ascension_mode":false,"campfire_choices":[{"data":"Footwork","floor":7,"key":"SMITH"},{"floor":10,"key":"REST"},{"data":"Deadly Poison","floor":15,"key":"SMITH"},{"data":"After Image","floor":23,"key":"SMITH"},{"data":"Backflip","floor":25,"key":"SMITH"},{"data":"Sucker Punch","floor":27,"key":"SMITH"},{"floor":32,"key":"REST"},{"data":"Noxious Fumes","floor":40,"key":"SMITH"},{"floor":44,"key":"REST"},{"floor":49,"key":"RECALL"},{"data":"Cloak And Dagger","floor":52,"key":"SMITH"}],"circlet_count":0,"master_deck":["Strike_G","Strike_G","Strike_G+1","Strike_G","Defend_G","Defend_G","Defend_G+1","Defend_G","Survivor","Neutralize+1","Dagger Spray","Deadly Poison+1","Sucker Punch+1","Footwork+1","Well Laid Plans","After Image+1","Prepared+1","Blade Dance+1","Backflip+1","Backstab","Noxious Fumes+1","Deflect+1","Prepared+1","Finisher+1","Noxious Fumes+1","PiercingWail","Deadly Poison","Heel Hook","Parasite","Blade Dance","Cloak And Dagger+1","Noxious Fumes","Leg Sweep","Catalyst+1"],"relics":["Ring of the Serpent","StrikeDummy","Tough Bandages","Turnip","Incense Burner","Enchiridion","Matryoshka","Vajra","Bottled Tornado","Bronze Scales","HoveringKite","Letter Opener","Nunchaku","Bird Faced Urn","Bottled Flame","ClockworkSouvenir","Lizard Tail"],"acts_visited":["Exordium","TheCity","TheBeyond","TheEnding"],"potions_floor_usage":[13,13,24,33,39,42,46,50,55],"damage_taken":[{"damage":1,"enemies":"Cultist","floor":1,"turns":5},{"damage":1,"enemies":"2 Louse","floor":3,"turns":3},{"damage":0,"enemies":"Small Slimes","floor":5,"turns":2},{"damage":15,"enemies":"Lagavulin","floor":6,"turns":7},{"damage":12,"enemies":"Exordium Thugs","floor":8,"turns":3},{"damage":3,"enemies":"2 Fungi Beasts","floor":11,"turns":3},{"damage":3,"enemies":"3 Louse","floor":12,"turns":3},{"damage":8,"enemies":"Gremlin Nob","floor":13,"turns":4},{"damage":1,"enemies":"The Guardian","floor":16,"turns":10},{"damage":7,"enemies":"3 Byrds","floor":18,"turns":5},{"damage":1,"enemies":"Chosen","floor":22,"turns":5},{"damage":19,"enemies":"Gremlin Leader","floor":24,"turns":8},{"damage":3,"enemies":"Snake Plant","floor":30,"turns":4},{"damage":25,"enemies":"Automaton","floor":33,"turns":11},{"damage":1,"enemies":"3 Darklings","floor":35,"turns":4},{"damage":5,"enemies":"3 Shapes","floor":36,"turns":4},{"damage":11,"enemies":"Spire Growth","floor":37,"turns":5},{"damage":2,"enemies":"Sphere and 2 Shapes","floor":38,"turns":5},{"damage":17,"enemies":"Writhing Mass","floor":39,"turns":6},{"damage":4,"enemies":"Spire Growth","floor":41,"turns":5},{"damage":0,"enemies":"Nemesis","floor":42,"turns":7},{"damage":0,"enemies":"Transient","floor":45,"turns":5},{"damage":9,"enemies":"Giant Head","floor":46,"turns":7},{"damage":0,"enemies":"Writhing Mass","floor":47,"turns":5},{"damage":27,"enemies":"Reptomancer","floor":48,"turns":6},{"damage":40,"enemies":"Awakened One","floor":50,"turns":12},{"damage":23,"enemies":"Shield and Spear","floor":54,"turns":6},{"damage":12,"enemies":"The Heart","floor":55,"turns":11}],"seed_played":"5550954157305758005","potions_obtained":[{"floor":6,"key":"Ancient Potion"},{"floor":12,"key":"AttackPotion"},{"floor":13,"key":"EssenceOfSteel"},{"floor":16,"key":"Regen Potion"},{"floor":24,"key":"SneckoOil"},{"floor":30,"key":"GamblersBrew"},{"floor":33,"key":"SkillPotion"},{"floor":37,"key":"Block Potion"},{"floor":38,"key":"CultistPotion"},{"floor":41,"key":"BlessingOfTheForge"},{"floor":42,"key":"Poison Potion"},{"floor":47,"key":"SpeedPotion"},{"floor":54,"key":"Dexterity Potion"}],"is_trial":false,"path_per_floor":["M","$","M","?","M","E","R","M","T","R","M","M","E","?","R","B",null,"M","?","?","?","M","R","E","R","T","R","?","?","M","$","R","B",null,"M","M","M","M","M","R","M","E","T","R","M","E","M","E","R","B",null,"R","$","E","B",null],"character_chosen":"THE_SILENT","items_purchased":["Deadly Poison","Bronze Scales","ClockworkSouvenir","Noxious Fumes","Leg Sweep"],"campfire_rested":3,"item_purchase_floors":[2,31,53,53,53],"current_hp_per_floor":[76,76,75,60,60,45,45,33,33,56,53,50,42,42,42,41,77,70,70,70,54,53,53,49,49,49,49,49,49,46,46,69,44,77,76,71,60,58,41,41,37,37,37,60,60,51,63,48,48,20,77,77,77,60,62],"gold":112,"neow_bonus":"TEN_PERCENT_HP_BONUS","is_daily":false,"chose_seed":false,"campfire_upgraded":7,"win_rate":0.0,"timestamp":1608756539,"path_taken":["M","?","M","?","M","E","R","M","T","R","M","M","E","?","R","BOSS","M","?","?","?","M","R","E","R","T","R","?","?","M","$","R","BOSS","M","M","M","M","?","R","M","E","T","R","M","E","M","E","R","BOSS","R","$","E","BOSS"],"items_purchased_type":["Card","Relic","Relic","Card","Card"],"build_version":"2020-12-18","purchased_purges":2,"victory":true,"max_hp_per_floor":[77,77,77,77,77,77,77,77,77,77,77,77,77,77,77,77,77,77,77,77,77,77,77,77,77,77,77,77,77,77,77,77,77,77,77,77,77,77,77,77,77,77,77,77,77,77,77,77,77,77,77,77,77,77,77],"card_choices":[{"not_picked":["Backflip","Sucker Punch"],"picked":"Dagger Spray","floor":1},{"not_picked":["Heel Hook","Finisher"],"picked":"Sucker Punch","floor":3},{"not_picked":["Acrobatics","Underhanded Strike","Bane"],"picked":"SKIP","floor":5},{"not_picked":["Adrenaline","Doppelganger"],"picked":"Footwork","floor":6},{"not_picked":["Outmaneuver","Prepared","Accuracy"],"picked":"SKIP","floor":8},{"not_picked":["Escape Plan","Quick Slash"],"picked":"Well Laid Plans","floor":11},{"not_picked":["Riddle With Holes","Tactician","Quick Slash"],"picked":"SKIP","floor":12},{"not_picked":["Bane","Reflex","Flying Knee"],"picked":"SKIP","floor":13},{"not_picked":["Envenom","Burst"],"picked":"After Image","floor":16},{"not_picked":["Acrobatics","Dagger Spray"],"picked":"Prepared+1","floor":18},{"not_picked":["Slice+1","Blur"],"picked":"Blade Dance+1","floor":22},{"not_picked":["Deadly Poison","Eviscerate"],"picked":"Backflip","floor":24},{"not_picked":["Poisoned Stab","Dash+1"],"picked":"Flechettes","floor":30},{"not_picked":["Acrobatics","Expertise+1"],"picked":"Noxious Fumes","floor":35},{"not_picked":["Setup+1","Heel Hook+1"],"picked":"Deflect+1","floor":36},{"not_picked":["Endless Agony","Infinite Blades"],"picked":"Prepared+1","floor":37},{"not_picked":["Sucker Punch+1","Acrobatics"],"picked":"Finisher+1","floor":38},{"not_picked":["Envenom","Well Laid Plans+1","Masterful Stab+1"],"picked":"SKIP","floor":39},{"not_picked":["Sucker Punch","Quick Slash+1"],"picked":"Noxious Fumes+1","floor":41},{"not_picked":["Dash+1","Dagger Spray"],"picked":"PiercingWail","floor":42},{"not_picked":["Outmaneuver","Slice"],"picked":"Deadly Poison","floor":45},{"not_picked":["Distraction","Quick Slash+1"],"picked":"Heel Hook","floor":46},{"not_picked":["Cloak And Dagger+1","PiercingWail+1"],"picked":"Blade Dance","floor":47},{"not_picked":["Outmaneuver+1","Bane+1"],"picked":"Cloak And Dagger","floor":48},{"not_picked":["Outmaneuver","Tactician+1"],"picked":"Catalyst+1","floor":54}],"player_experience":723186,"relics_obtained":[{"floor":6,"key":"StrikeDummy"},{"floor":9,"key":"Tough Bandages"},{"floor":13,"key":"Turnip"},{"floor":21,"key":"Enchiridion"},{"floor":24,"key":"Matryoshka"},{"floor":26,"key":"Vajra"},{"floor":26,"key":"Bottled Tornado"},{"floor":42,"key":"Letter Opener"},{"floor":43,"key":"Nunchaku"},{"floor":46,"key":"Bird Faced Urn"},{"floor":48,"key":"Bottled Flame"},{"floor":54,"key":"Lizard Tail"}],"event_choices":[{"damage_healed":0,"gold_gain":0,"player_choice":"Entered Light","damage_taken":15,"max_hp_gain":0,"max_hp_loss":0,"event_name":"Shining Light","floor":4,"gold_loss":0,"cards_upgraded":["Strike_G","Defend_G"]},{"damage_healed":0,"gold_gain":0,"player_choice":"Grow","damage_taken":0,"max_hp_gain":0,"max_hp_loss":0,"event_name":"Living Wall","floor":14,"gold_loss":0,"cards_upgraded":["Neutralize"]},{"damage_healed":0,"gold_gain":0,"player_choice":"Ignored","damage_taken":0,"max_hp_gain":0,"max_hp_loss":0,"event_name":"Vampires","floor":19,"gold_loss":0},{"damage_healed":0,"gold_gain":0,"player_choice":"Opened","damage_taken":0,"relics_obtained":["Incense Burner"],"max_hp_gain":0,"max_hp_loss":0,"event_name":"The Mausoleum","floor":20,"gold_loss":0},{"damage_healed":0,"gold_gain":0,"player_choice":"Obtained Book","damage_taken":16,"max_hp_gain":0,"max_hp_loss":0,"event_name":"Cursed Tome","floor":21,"gold_loss":0},{"damage_healed":0,"gold_gain":0,"player_choice":"Ignored","damage_taken":0,"max_hp_gain":0,"max_hp_loss":0,"event_name":"Ghosts","floor":28,"gold_loss":0},{"damage_healed":0,"gold_gain":0,"cards_transformed":["Defend_G"],"player_choice":"Transformed","damage_taken":0,"max_hp_gain":0,"max_hp_loss":0,"event_name":"Transmorgrifier","floor":29,"gold_loss":0,"cards_obtained":["Backstab"]}],"is_beta":true,"boss_relics":[{"not_picked":["Astrolabe","Black Star"],"picked":"Ring of the Serpent"},{"not_picked":["Calling Bell","Tiny House"],"picked":"HoveringKite"}],"items_purged_floors":[31,53],"is_endless":false,"potions_floor_spawned":[6,12,13,16,24,30,33,37,38,41,42,47,54],"ascension_level":0}}