{"host":"jmrtcms4w8pdo4je","time":1608697025,"event":{"mods":["AchievementEnabler","Act Like it!","BaseMod","Bestiary","ChefMod","Colored Powertips","Conspire","Elementarium","Fiend Mod","Gremlin Mod","Infinite Spire","Minty Spire (QoL Compilation)","Replay The Spire","Shade Mod","StSLib","The Cursed","The Forsaken","The Hierophant","The Judge","The Marked","The Necromancer","The Problem Sleuth"],"gold_per_floor":[109,109,124,135,155,155,184,184,184,184,184,184,68,82,82,183,183,203,203],"floor_reached":18,"playtime":864,"items_purged":[],"score":162,"play_id":"f7db6bb7-05e4-465a-bb95-0ddd498a4c3e","local_time":"20201222221705","is_ascension_mode":false,"campfire_choices":[{"data":"chefmod:QuickChop","floor":6,"key":"SMITH"},{"floor":8,"key":"REST"},{"data":"chefmod:TwoForOne","floor":11,"key":"SMITH"},{"floor":15,"key":"REST"}],"circlet_count":0,"master_deck":["chefmod:Strike","chefmod:Strike","chefmod:Strike","chefmod:Strike","chefmod:Strike","chefmod:Defend","chefmod:Defend","chefmod:Defend","chefmod:QuickThaw","chefmod:TodaysSpecial","chefmod:Chop+1","chefmod:QuickChop+1","chefmod:Granita","chefmod:DinoKale","chefmod:TwoForOne+1","CommonCold","chefmod:FiveAlarmChili","chefmod:FreezerBurn","chefmod:Fillet"],"relics":["chefmod:TrustyPot","NeowsBlessing","Meat on the Bone","Replay:Bottled Snecko","PrismaticShard","infinitespire:Broken Mirror","chefmod:PepperMill"],"acts_visited":["Exordium","Exordium"],"potions_floor_usage":[14,16,16],"damage_taken":[{"damage":0,"enemies":"Cultist","floor":1,"turns":1},{"damage":0,"enemies":"Small Slimes","floor":3,"turns":1},{"damage":0,"enemies":"Jaw Worm","floor":4,"turns":1},{"damage":10,"enemies":"conspire:2 RoseBushes","floor":5,"turns":3},{"damage":53,"enemies":"3 Sentries","floor":7,"turns":12},{"damage":11,"enemies":"Large Slime","floor":14,"turns":4},{"damage":25,"enemies":"Hexaghost","floor":16,"turns":10},{"damage":2,"enemies":"Elementarium:2_ELEMENTALS","floor":18,"turns":4}],"seed_played":"-6263752128572487060","potions_obtained":[{"floor":1,"key":"Ancient Potion"},{"floor":5,"key":"Dexterity Potion"},{"floor":14,"key":"EssenceOfSteel"}],"is_trial":false,"path_per_floor":["M","?","M","M","M","R","E","R","T","?","R","?","$","M","R","B",null,"M"],"character_chosen":"THE_CHEF","items_purchased":["chefmod:FiveAlarmChili","chefmod:FreezerBurn"],"campfire_rested":2,"item_purchase_floors":[13,13],"current_hp_per_floor":[76,76,76,76,66,66,13,35,35,35,35,17,17,18,40,27,76,74,74],"gold":203,"neow_bonus":"THREE_ENEMY_KILL","is_daily":false,"chose_seed":false,"campfire_upgraded":2,"win_rate":0.0,"timestamp":1608697025,"path_taken":["M","?","M","?","M","R","E","R","T","?","R","?","$","M","R","BOSS","M"],"items_purchased_type":["Card","Card"],"build_version":"2020-12-13","purchased_purges":0,"victory":false,"max_hp_per_floor":[76,76,76,76,76,76,76,76,76,76,76,76,76,76,76,76,76,76,76],"card_choices":[{"not_picked":["chefmod:LocoMoco","chefmod:ZaruSoba"],"picked":"chefmod:Chop","floor":1},{"not_picked":["chefmod:Defrost","chefmod:FireUp"],"picked":"chefmod:QuickChop","floor":3},{"not_picked":["chefmod:BaoBuns","chefmod:LocoMoco"],"picked":"chefmod:Granita","floor":4},{"not_picked":["chefmod:PotatoGratin","chefmod:Omelette"],"picked":"chefmod:DinoKale","floor":5},{"not_picked":["chefmod:Chop","chefmod:IcePick"],"picked":"chefmod:TwoForOne","floor":7},{"not_picked":["Blade Dance","chefmod:Defrost"],"picked":"chefmod:Fillet","floor":14}],"player_experience":16824,"relics_obtained":[{"floor":7,"key":"Meat on the Bone"},{"floor":9,"key":"Replay:Bottled Snecko"}],"event_choices":[{"damage_healed":0,"gold_gain":0,"player_choice":"Forge","damage_taken":0,"max_hp_gain":0,"max_hp_loss":0,"event_name":"Accursed Blacksmith","floor":2,"gold_loss":0,"cards_upgraded":["chefmod:Chop"]},{"damage_healed":0,"gold_gain":0,"player_choice":"Success","damage_taken":18,"relics_obtained":["infinitespire:Broken Mirror"],"max_hp_gain":0,"max_hp_loss":0,"event_name":"Scrap Ooze","floor":12,"gold_loss":0}],"is_beta":false,"boss_relics":[{"not_picked":["infinitespire:Cupcake","conspire:SeveredTorchhead"],"picked":"chefmod:PepperMill"}],"items_purged_floors":[],"is_endless":false,"potions_floor_spawned":[1,5,14],"killed_by":"Elementarium:2_ELEMENTALS","ascension_level":0}}