{"host":"ci7ivtocgfxh0ueo","time":1608697351,"event":{"mods":["BaseMod","GifTheSpireLib","Minty Spire (QoL Compilation)","StSLib"],"gold_per_floor":[109,34,46,56,56,56,73,73,73],"floor_reached":8,"playtime":287,"items_purged":["Shame"],"score":89,"play_id":"970cba29-413a-40c2-8dc2-15041d1aaeaf","local_time":"20201223122231","is_ascension_mode":true,"campfire_choices":[{"data":"Dash","floor":6,"key":"SMITH"}],"circlet_count":0,"master_deck":["AscendersBane","Strike_G","Strike_G","Strike_G","Strike_G","Strike_G","Defend_G","Defend_G","Defend_G","Defend_G","Defend_G","Survivor","Neutralize","Dash+1","Prepared","PiercingWail","Tools of the Trade","Reflex","Acrobatics"],"relics":["Ring of the Snake","Prayer Wheel","Ancient Tea Set"],"acts_visited":["Exordium"],"potions_floor_usage":[3,7],"damage_taken":[{"damage":4,"enemies":"2 Louse","floor":1,"turns":4},{"damage":0,"enemies":"Jaw Worm","floor":3,"turns":2},{"damage":1,"enemies":"Cultist","floor":4,"turns":5},{"damage":3,"enemies":"Exordium Thugs","floor":7,"turns":6},{"damage":36,"enemies":"Lagavulin","floor":8,"turns":10}],"seed_played":"-33423100942186528","potions_obtained":[{"floor":1,"key":"Fire Potion"},{"floor":3,"key":"DistilledChaos"}],"is_trial":false,"path_per_floor":["M","$","M","M","?","R","M","E"],"character_chosen":"THE_SILENT","items_purchased":[],"campfire_rested":0,"item_purchase_floors":[],"current_hp_per_floor":[55,55,55,54,36,36,33,0,0],"gold":73,"neow_bonus":"ONE_RARE_RELIC","is_daily":false,"chose_seed":false,"campfire_upgraded":1,"win_rate":0.0,"timestamp":1608697351,"path_taken":["M","$","M","M","?","R","M","E"],"items_purchased_type":[],"build_version":"2020-12-13","purchased_purges":1,"victory":false,"max_hp_per_floor":[66,66,66,66,66,66,66,66,66],"card_choices":[{"not_picked":["Backstab","Setup"],"picked":"Dash","floor":1},{"not_picked":["Sucker Punch","Dodge and Roll"],"picked":"Prepared","floor":1},{"not_picked":["Sucker Punch","Deflect"],"picked":"PiercingWail","floor":3},{"not_picked":["Slice","Outmaneuver","Quick Slash"],"picked":"SKIP","floor":3},{"not_picked":["Backflip","Bane"],"picked":"Tools of the Trade","floor":4},{"not_picked":["Finisher","Quick Slash"],"picked":"Reflex","floor":4},{"not_picked":["Blade Dance","Quick Slash"],"picked":"Acrobatics","floor":7},{"not_picked":["Skewer","Flechettes","Backflip"],"picked":"SKIP","floor":7}],"player_experience":1281758,"relics_obtained":[],"event_choices":[{"damage_healed":0,"gold_gain":0,"player_choice":"Success","damage_taken":18,"relics_obtained":["Ancient Tea Set"],"max_hp_gain":0,"max_hp_loss":0,"event_name":"Scrap Ooze","floor":5,"gold_loss":0}],"is_beta":false,"boss_relics":[],"items_purged_floors":[2],"is_endless":false,"potions_floor_spawned":[1,3],"killed_by":"Lagavulin","ascension_level":17}}