{"host":"qxeepl7ydvsgmfdb","time":1608710549,"event":{"mods":["AchievementEnabler","BaseMod","Colored Powertips","Minty Spire (QoL Compilation)","Quick Restart","slay the spire mod where everything is the same but ironclad has a cowboy hat"],"gold_per_floor":[111,111,125,75,75,75,86,86,140,154,154,7,23,23,23,124,124,139,105,118,134,134,134,134],"floor_reached":23,"playtime":878,"items_purged":[],"score":181,"play_id":"074edf99-3602-4316-951c-2ec69d995dc6","local_time":"20201223030229","is_ascension_mode":false,"campfire_choices":[{"data":"Neutralize","floor":6.0,"key":"SMITH"},{"floor":15.0,"key":"REST"}],"circlet_count":0,"master_deck":["Strike_G","Strike_G","Strike_G","Strike_G","Defend_G","Defend_G","Defend_G+1","Defend_G+1","Survivor","Neutralize+1","Deadly Poison+1","Slice","Blade Dance","Die Die Die","Noxious Fumes","Infinite Blades","All Out Attack","Acrobatics+1","Writhe"],"relics":["Ring of the Snake","Strawberry","MealTicket","Potion Belt"],"acts_visited":["Exordium","TheCity"],"potions_floor_usage":[23,23,23],"damage_taken":[{"damage":6.0,"enemies":"2 Louse","floor":1.0,"turns":3.0},{"damage":4.0,"enemies":"Cultist","floor":3.0,"turns":4.0},{"damage":0.0,"enemies":"Small Slimes","floor":7.0,"turns":3.0},{"damage":8.0,"enemies":"3 Louse","floor":10.0,"turns":4.0},{"damage":9.0,"enemies":"Blue Slaver","floor":13.0,"turns":3.0},{"damage":34.0,"enemies":"Hexaghost","floor":16.0,"turns":9.0},{"damage":17.0,"enemies":"Shell Parasite","floor":18.0,"turns":5.0},{"damage":13.0,"enemies":"Spheric Guardian","floor":20.0,"turns":4.0},{"damage":30.0,"enemies":"Shelled Parasite and Fungi","floor":21.0,"turns":6.0},{"damage":34,"enemies":"Book of Stabbing","floor":23,"turns":5}],"seed_played":"-4835377109114183675","potions_obtained":[{"floor":0.0,"key":"DuplicationPotion"},{"floor":0.0,"key":"Dexterity Potion"},{"floor":0.0,"key":"EssenceOfSteel"},{"floor":3.0,"key":"Block Potion"},{"floor":18.0,"key":"SteroidPotion"}],"is_trial":false,"path_per_floor":["M","?","M","?","?","R","M","$","T","M","?","$","M","$","R","B",null,"M","$","M","M","?","E"],"character_chosen":"THE_SILENT","items_purchased":["MealTicket","Infinite Blades"],"campfire_rested":1,"item_purchase_floors":[12,19],"current_hp_per_floor":[64,50,46,46,46,46,46,46,53,45,45,45,36,51,74,40,77,60,75,62,32,32,0,0],"gold":134,"neow_bonus":"THREE_SMALL_POTIONS","is_daily":false,"chose_seed":false,"campfire_upgraded":1,"win_rate":0.0,"timestamp":1608710549,"path_taken":["M","?","M","?","?","R","M","$","T","M","?","$","?","$","R","BOSS","M","$","M","M","?","E"],"items_purchased_type":["Relic","Card"],"build_version":"2020-12-13","purchased_purges":0,"victory":false,"max_hp_per_floor":[70,70,70,70,70,70,70,70,77,77,77,77,77,77,77,77,77,77,77,77,77,77,77,77],"card_choices":[{"not_picked":["Bane","Cloak And Dagger"],"picked":"Deadly Poison","floor":1.0},{"not_picked":["Heel Hook","Well Laid Plans","Finisher"],"picked":"SKIP","floor":3.0},{"not_picked":["Dodge and Roll","Dagger Spray"],"picked":"Slice","floor":7.0},{"not_picked":["Bouncing Flask","Slice"],"picked":"Blade Dance","floor":10.0},{"not_picked":["Quick Slash","Underhanded Strike","Prepared"],"picked":"SKIP","floor":13.0},{"not_picked":["Malaise","Phantasmal Killer"],"picked":"Die Die Die","floor":16.0},{"not_picked":["Distraction","Dagger Spray"],"picked":"Noxious Fumes","floor":18.0},{"not_picked":["Dagger Spray","Bane"],"picked":"All Out Attack","floor":20.0},{"not_picked":["Blur","Poisoned Stab"],"picked":"Acrobatics+1","floor":21.0}],"player_experience":330818,"relics_obtained":[{"floor":9.0,"key":"Strawberry"}],"event_choices":[{"damage_healed":0.0,"max_hp_gain":0.0,"max_hp_loss":0.0,"gold_gain":0.0,"event_name":"Shining Light","player_choice":"Entered Light","floor":2.0,"gold_loss":0.0,"damage_taken":14.0,"cards_upgraded":["Defend_G","Defend_G"]},{"cards_removed":["Strike_G"],"damage_healed":0.0,"max_hp_gain":0.0,"max_hp_loss":0.0,"gold_gain":0.0,"event_name":"The Cleric","player_choice":"Card Removal","floor":4.0,"gold_loss":50.0,"damage_taken":0.0},{"damage_healed":0.0,"max_hp_gain":0.0,"max_hp_loss":0.0,"gold_gain":0.0,"event_name":"Living Wall","player_choice":"Grow","floor":5.0,"gold_loss":0.0,"damage_taken":0.0,"cards_upgraded":["Deadly Poison"]},{"cards_removed":["Defend_G"],"damage_healed":0.0,"max_hp_gain":0.0,"max_hp_loss":0.0,"gold_gain":0.0,"event_name":"Wheel of Change","player_choice":"Card Removal","floor":11.0,"gold_loss":0.0,"damage_taken":0.0},{"damage_healed":0.0,"max_hp_gain":0.0,"max_hp_loss":0.0,"gold_gain":0.0,"event_name":"The Mausoleum","player_choice":"Opened","floor":22.0,"gold_loss":0.0,"damage_taken":0.0,"relics_obtained":["Potion Belt"],"cards_obtained":["Writhe"]}],"is_beta":false,"boss_relics":[{"not_picked":["Pandora\u0027s Box","Coffee Dripper","Ectoplasm"]}],"items_purged_floors":[],"is_endless":false,"potions_floor_spawned":[3,18,20],"killed_by":"Book of Stabbing","ascension_level":0}}