{"host":"o7j6aatxjwpw1421","time":1608734059,"event":{"mods":["2.2 Compatiblity","BaseMod","Colored Map","DeckTracker","Highlight Path","Keyboard Shortcuts","Minty Spire (QoL Compilation)","Permanent Neow","Quick Restart","StSLib","SuperFastMode","everything is the same but u backflip on backflip"],"gold_per_floor":[109,109,123,133,133,133,162,174,174,174,192,206,216,106,106,203,203,216,229,27,40,54,80,80,90,136,136,136],"floor_reached":27,"playtime":1507,"items_purged":["Defend_B"],"score":239,"play_id":"39b8a940-09ca-403b-aee0-867dde306d41","local_time":"20201223233419","is_ascension_mode":false,"campfire_choices":[{"floor":6.0,"key":"REST"},{"floor":15.0,"key":"REST"},{"floor":24,"key":"REST"}],"circlet_count":0,"master_deck":["Strike_B","Strike_B","Strike_B","Strike_B+1","Defend_B","Defend_B","Defend_B","Zap+1","Dualcast","Apotheosis+1","Tempest","Ball Lightning","Leap","Chill","Conserve Battery","Conserve Battery","Loop","Darkness","Machine Learning","Cold Snap","Consume+1","Turbo","Recycle","Darkness+1","Hologram+1","Genetic Algorithm+1"],"relics":["Cracked Core","Dream Catcher","MealTicket","GremlinMask","Black Star","Chemical X","Toxic Egg 2","Calipers","Pen Nib"],"acts_visited":["Exordium","TheCity"],"potions_floor_usage":[23,23,27],"damage_taken":[{"damage":7.0,"enemies":"2 Louse","floor":1.0,"turns":3.0},{"damage":0.0,"enemies":"Cultist","floor":3.0,"turns":3.0},{"damage":4.0,"enemies":"Small Slimes","floor":4.0,"turns":3.0},{"damage":8.0,"enemies":"Gremlin Nob","floor":7.0,"turns":3.0},{"damage":5.0,"enemies":"Looter","floor":8.0,"turns":2.0},{"damage":0.0,"enemies":"Exordium Thugs","floor":11.0,"turns":3.0},{"damage":2.0,"enemies":"Red Slaver","floor":12.0,"turns":3.0},{"damage":0.0,"enemies":"Lots of Slimes","floor":13.0,"turns":4.0},{"damage":6.0,"enemies":"Slime Boss","floor":16.0,"turns":11.0},{"damage":18.0,"enemies":"3 Byrds","floor":18.0,"turns":5.0},{"damage":7.0,"enemies":"Shell Parasite","floor":19.0,"turns":6.0},{"damage":27.0,"enemies":"Centurion and Healer","floor":21.0,"turns":7.0},{"damage":3.0,"enemies":"Sentry and Sphere","floor":22.0,"turns":5.0},{"damage":25,"enemies":"Book of Stabbing","floor":23,"turns":5},{"damage":2,"enemies":"Snake Plant","floor":25,"turns":5},{"damage":42,"enemies":"Slavers","floor":27,"turns":2}],"seed_played":"2434220906362090160","potions_obtained":[{"floor":4.0,"key":"SkillPotion"},{"floor":11.0,"key":"PowerPotion"},{"floor":12.0,"key":"GamblersBrew"},{"floor":22.0,"key":"SmokeBomb"},{"floor":25,"key":"Regen Potion"}],"is_trial":false,"path_per_floor":["M","?","M","M","?","R","E","M","T","?","M","M","M","$","R","B",null,"M","M","$","M","M","E","R","M","T","E"],"character_chosen":"DEFECT","items_purchased":["Loop","Chemical X","Turbo"],"campfire_rested":3,"item_purchase_floors":[14,20,20],"current_hp_per_floor":[47,47,47,43,28,50,42,37,37,37,37,35,35,50,72,66,75,57,50,65,38,35,10,32,30,30,0,0],"gold":136,"neow_bonus":"RANDOM_COLORLESS_2","is_daily":false,"chose_seed":false,"campfire_upgraded":0,"win_rate":0.0,"timestamp":1608734059,"path_taken":["M","?","M","?","?","R","E","M","T","?","M","?","M","?","R","BOSS","M","M","$","M","?","E","R","M","T","E"],"items_purchased_type":["Card","Relic","Card"],"build_version":"2020-12-22","purchased_purges":1,"victory":false,"max_hp_per_floor":[75,75,75,75,75,75,75,75,75,75,75,75,75,75,75,75,75,75,75,75,75,75,75,75,75,75,75,75],"card_choices":[{"not_picked":["Panache","HandOfGreed"],"picked":"Apotheosis","floor":0.0},{"not_picked":["Aggregate","Redo"],"picked":"Tempest","floor":1.0},{"not_picked":["Compile Driver","Hologram"],"picked":"Ball Lightning","floor":3.0},{"not_picked":["Turbo","Streamline"],"picked":"Leap","floor":4.0},{"not_picked":["Barrage","Go for the Eyes","Stack"],"picked":"SKIP","floor":7.0},{"not_picked":["Steam Power","All For One"],"picked":"Chill","floor":8.0},{"not_picked":["Ball Lightning","Compile Driver"],"picked":"Conserve Battery","floor":11.0},{"not_picked":["Turbo","Leap"],"picked":"Conserve Battery","floor":12.0},{"not_picked":["Go for the Eyes","Sunder","Turbo"],"picked":"SKIP","floor":13.0},{"not_picked":["Static Discharge","Turbo"],"picked":"Darkness","floor":15.0},{"not_picked":["Creative AI","Hyperbeam"],"picked":"Machine Learning","floor":16.0},{"not_picked":["Rebound+1","Go for the Eyes"],"picked":"Cold Snap","floor":18.0},{"not_picked":["Go for the Eyes","Storm+1"],"picked":"Consume+1","floor":19.0},{"not_picked":["Gash+1","Steam","Recycle"],"picked":"SKIP","floor":21.0},{"not_picked":["Gash+1","Steam"],"picked":"Recycle","floor":21.0},{"not_picked":["Glacier","Heatsinks","Stack"],"picked":"SKIP","floor":22.0},{"not_picked":["Seek+1","Hyperbeam"],"picked":"Darkness+1","floor":23},{"not_picked":["Go for the Eyes","Melter"],"picked":"Hologram+1","floor":24},{"not_picked":["Hologram+1","Rip and Tear"],"picked":"Genetic Algorithm+1","floor":25}],"player_experience":340556,"relics_obtained":[{"floor":7.0,"key":"Dream Catcher"},{"floor":9.0,"key":"MealTicket"},{"floor":23,"key":"Toxic Egg 2"},{"floor":23,"key":"Calipers"},{"floor":26,"key":"Pen Nib"}],"event_choices":[{"damage_healed":0.0,"max_hp_gain":0.0,"max_hp_loss":0.0,"gold_gain":0.0,"event_name":"Accursed Blacksmith","player_choice":"Forge","floor":2.0,"gold_loss":0.0,"damage_taken":0.0,"cards_upgraded":["Apotheosis"]},{"damage_healed":0.0,"max_hp_gain":0.0,"max_hp_loss":0.0,"gold_gain":0.0,"event_name":"Shining Light","player_choice":"Entered Light","floor":5.0,"gold_loss":0.0,"damage_taken":15.0,"cards_upgraded":["Zap","Strike_B"]},{"damage_healed":0.0,"max_hp_gain":0.0,"max_hp_loss":0.0,"gold_gain":0.0,"event_name":"FaceTrader","player_choice":"Trade","floor":10.0,"gold_loss":0.0,"damage_taken":0.0,"relics_obtained":["GremlinMask"]}],"is_beta":false,"boss_relics":[{"not_picked":["Snecko Eye","Ectoplasm"],"picked":"Black Star"}],"items_purged_floors":[14],"is_endless":false,"potions_floor_spawned":[4,11,12,16,18,22,25],"killed_by":"Slavers","ascension_level":0}}