{"host":"vtat3rddyckbno30","time":1608744715,"event":{"mods":["AchievementEnabler","BaseMod","BetterRewards","Colored Map","Downfall","Highlight Path","Minty Spire (QoL Compilation)","Replay The Spire","StSLib","everything is the same but u backflip on backflip"],"gold_per_floor":[113,113,113,130,130,156,176,176,201,212,60,60,60,93,93,192,192,205,53,49,49,49,49,49,61,61,61,71,71,71],"floor_reached":29,"playtime":1749,"items_purged":[],"score":231,"play_id":"50817a7e-cf78-41b9-ba61-0a624d6f4752","local_time":"20201223183155","is_ascension_mode":false,"campfire_choices":[{"data":"Poisoned Stab","floor":8,"key":"SMITH"},{"floor":12,"key":"REST"},{"floor":15,"key":"REST"},{"floor":23,"key":"REST"},{"floor":27,"key":"REST"}],"circlet_count":0,"master_deck":["Strike_G+1","Strike_G","Strike_G","Defend_G+1","Defend_G+1","Defend_G","Defend_G+1","Survivor","Neutralize+1","Quick Slash+1","Underhanded Strike+1","Poisoned Stab+1","Dagger Throw+1","Acrobatics+1","Envenom+1","Eviscerate+1","Hidden Blade+1","Envenom+1","Noxious Fumes","Dagger Throw"],"relics":["Ring of the Snake","Snake Skull","Du-Vu Doll","Gremlin Food","Guide Book","BranchBurnRelic","Empty Cage","Lantern","Replay:Bottled Eggs"],"acts_visited":["Exordium","TheCity"],"potions_floor_usage":[16,16,25,25],"damage_taken":[{"damage":0,"enemies":"Jaw Worm","floor":1,"turns":4},{"damage":0,"enemies":"2 Louse","floor":4,"turns":2},{"damage":28,"enemies":"Gremlin Nob","floor":6,"turns":4},{"damage":0,"enemies":"Cultist","floor":7,"turns":3},{"damage":6,"enemies":"Exordium Wildlife","floor":10,"turns":3},{"damage":18,"enemies":"Lagavulin","floor":14,"turns":5},{"damage":37,"enemies":"The Guardian","floor":16,"turns":9},{"damage":38,"enemies":"3 Byrds","floor":18,"turns":6},{"damage":24,"enemies":"2 Thieves","floor":20,"turns":4},{"damage":20,"enemies":"Shelled Parasite and Fungi","floor":25,"turns":5},{"damage":24,"enemies":"Centurion and Healer","floor":28,"turns":6},{"damage":38,"enemies":"Sentry and Sphere","floor":29,"turns":5}],"seed_played":"1183284852980762179","potions_obtained":[{"floor":1,"key":"Weak Potion"},{"floor":10,"key":"Block Potion"},{"floor":14,"key":"Fire Potion"},{"floor":18,"key":"Guardian:BlockOnCardUsePotion"},{"floor":20,"key":"Weak Potion"}],"is_trial":false,"path_per_floor":["M","?","?","M","?","E","M","R","T","M","$","R","?","E","R","B",null,"M","$","M","$","?","R","?","M","T","R","M","M"],"character_chosen":"THE_SILENT","items_purchased":["Quick Slash+1","Guide Book","Lantern"],"campfire_rested":4,"item_purchase_floors":[0,11,19],"current_hp_per_floor":[70,70,70,70,56,28,28,28,28,22,22,43,43,25,46,24,70,32,32,8,8,8,29,29,24,24,45,36,0,0],"gold":71,"neow_bonus":"","is_daily":false,"chose_seed":false,"campfire_upgraded":1,"win_rate":0.0,"timestamp":1608744715,"path_taken":["M","?","?","?","?","E","M","R","T","M","$","R","?","E","R","BOSS","M","$","?","$","?","R","?","M","T","R","M","?"],"items_purchased_type":["Card","Relic","Relic"],"build_version":"2020-12-22","purchased_purges":0,"victory":false,"max_hp_per_floor":[70,70,70,70,70,70,70,70,70,70,70,70,70,70,70,70,70,70,70,70,70,70,70,70,70,70,70,70,70,70],"card_choices":[{"not_picked":["Deflect","Skewer"],"picked":"Underhanded Strike","floor":1},{"not_picked":["Blade Dance","Finisher","ReplayTheSpireMod:Tripwire"],"picked":"SKIP","floor":4},{"not_picked":["Dagger Spray","Underhanded Strike","Endless Agony"],"picked":"SKIP","floor":6},{"not_picked":["ReplayTheSpireMod:Speed Training","Footwork"],"picked":"Poisoned Stab","floor":7},{"not_picked":["Expertise","Tactician"],"picked":"Dagger Throw","floor":10},{"not_picked":["Blade Dance","Venomology"],"picked":"Acrobatics","floor":14},{"not_picked":["After Image","Tools of the Trade"],"picked":"Envenom","floor":16},{"not_picked":["Sucker Punch","Deflect"],"picked":"Eviscerate+1","floor":18},{"not_picked":["Reflex","Setup"],"picked":"Hidden Blade+1","floor":20},{"not_picked":["Riddle With Holes+1","Dagger Throw"],"picked":"Noxious Fumes","floor":25},{"not_picked":["Predator","Underhanded Strike+1"],"picked":"Dagger Throw","floor":28}],"player_experience":522016,"relics_obtained":[{"floor":6,"key":"Du-Vu Doll"},{"floor":9,"key":"Gremlin Food"},{"floor":14,"key":"Dead Branch"},{"floor":26,"key":"Replay:Bottled Eggs"}],"event_choices":[{"damage_healed":0,"gold_gain":0,"player_choice":"Leave","damage_taken":0,"max_hp_gain":0,"max_hp_loss":0,"event_name":"The Cleric","floor":2,"gold_loss":0},{"damage_healed":0,"gold_gain":0,"player_choice":"Gave Potion","damage_taken":0,"relics_obtained":["Snake Skull"],"max_hp_gain":0,"max_hp_loss":0,"event_name":"WeMeetAgain","floor":3,"gold_loss":0},{"damage_healed":0,"gold_gain":0,"player_choice":"Entered Light","damage_taken":14,"max_hp_gain":0,"max_hp_loss":0,"event_name":"Shining Light","floor":5,"gold_loss":0,"cards_upgraded":["Underhanded Strike","Defend_G"]},{"cards_removed":["Strike_G"],"damage_healed":0,"gold_gain":0,"player_choice":"Purged","damage_taken":0,"max_hp_gain":0,"max_hp_loss":0,"event_name":"Purifier","floor":13,"gold_loss":0},{"damage_healed":0,"gold_gain":0,"player_choice":"Copied","damage_taken":0,"max_hp_gain":0,"max_hp_loss":0,"event_name":"Duplicator","floor":24,"gold_loss":0,"cards_obtained":["Envenom"]}],"is_beta":false,"boss_relics":[{"not_picked":["Astrolabe","SlaversCollar"],"picked":"Empty Cage"}],"items_purged_floors":[],"is_endless":false,"potions_floor_spawned":[1,10,14,18,20],"killed_by":"Sentry and Sphere","ascension_level":0}}