{"host":"684z1xpuwaoqmmh1","time":1608739121,"event":{"mods":["BaseMod","Downfall","Hermit","Jorbs\u0027s Wanderer Trilogy","Marisa????????","Minty Spire (QoL Compilation)","StSLib","The Hierophant","The Mystic"],"gold_per_floor":[99,112,124,224,224,237,284,315,315,465,487,524,29,45,65,147,197,122,149,149,149,173,210,290,317,343,268,310,9,9,42,60,60,60,60],"floor_reached":33,"playtime":1968,"items_purged":["Doubt"],"score":602,"play_id":"675d256c-df15-4bbc-9d6f-cbda25af02cb","local_time":"20201223175841","is_ascension_mode":true,"campfire_choices":[{"data":"hexamod:Float","floor":1,"key":"SMITH"},{"floor":9,"key":"RECALL"},{"data":"hexamod:VolcanoVisage","floor":18,"key":"SMITH"},{"floor":27,"key":"REST"}],"circlet_count":0,"master_deck":["AscendersBane","hexamod:Strike+1","hexamod:Strike+1","hexamod:Strike+1","hexamod:Strike+1","hexamod:Defend+1","hexamod:Defend+1","hexamod:Defend+1","hexamod:Defend+1","hexamod:Sear","hexamod:Float+1","hexamod:FirstSeal","hexamod:CatchUp+1","Slimebound:Icky","hexamod:Hexaguard","hexamod:SecondSeal","hexamod:TimeWarp","hexamod:Incineration","hexamod:FastForward","hexamod:SwordOfDarkness","hexamod:VolcanoVisage+1","hexamod:DynamicBlow","Pain","hexamod:ApocalypseNow","hexamod:ShieldOfDarkness","hexamod:PhantomCloak","hexamod:NightmareGuise","hexamod:GhostflameInferno","hexamod:EmpoweredFlame","hexamod:HeatShield","hexamod:Hexaguard"],"relics":["hexamod:SpiritBrand","Bag of Preparation","Bronze Scales","TungstenRod","Juzu Bracelet","Vajra","Potion Belt","Tiny House","downfall:HeartBlessingRed","WarpedTongs","Bag of Marbles","The Courier","downfall:HeartBlessingGreen","hexamod:SoulConsumer","Membership Card","PreservedInsect","Happy Flower","Blood Vial"],"acts_visited":["Exordium","TheCity"],"potions_floor_usage":[11,12,12,13,16,23,23,26,29,31],"damage_taken":[{"damage":0,"enemies":"Cultist","floor":2,"turns":3},{"damage":2,"enemies":"2 Louse","floor":3,"turns":3},{"damage":4,"enemies":"Small Slimes","floor":6,"turns":3},{"damage":27,"enemies":"Lagavulin","floor":8,"turns":8},{"damage":20,"enemies":"Large Slime","floor":11,"turns":8},{"damage":20,"enemies":"3 Sentries","floor":12,"turns":10},{"damage":0,"enemies":"downfall:FleeingMerchant","floor":13,"turns":4},{"damage":2,"enemies":"Red Slaver","floor":14,"turns":3},{"damage":0,"enemies":"2 Fungi Beasts","floor":15,"turns":3},{"damage":14,"enemies":"downfall:Silent","floor":16,"turns":7},{"damage":9,"enemies":"Spheric Guardian","floor":19,"turns":6},{"damage":6,"enemies":"Shell Parasite","floor":22,"turns":3},{"damage":17,"enemies":"Book of Stabbing","floor":23,"turns":5},{"damage":33,"enemies":"Shelled Parasite and Fungi","floor":25,"turns":5},{"damage":6,"enemies":"3 Cultists","floor":26,"turns":4},{"damage":24,"enemies":"Slavers","floor":28,"turns":3},{"damage":5,"enemies":"downfall:FleeingMerchant","floor":29,"turns":4},{"damage":4,"enemies":"Book of Stabbing","floor":31,"turns":4},{"damage":13,"enemies":"Centurion and Healer","floor":32,"turns":4},{"damage":29,"enemies":"downfall:Watcher","floor":33,"turns":4}],"seed_played":"-8135417933496959881","potions_obtained":[{"floor":2,"key":"Strength Potion"},{"floor":6,"key":"Fruit Juice"},{"floor":11,"key":"GamblersBrew"},{"floor":12,"key":"LiquidMemories"},{"floor":14,"key":"Swift Potion"},{"floor":17,"key":"Explosive Potion"},{"floor":19,"key":"ColorlessPotion"},{"floor":26,"key":"LiquidBronze"},{"floor":28,"key":"Slimebound:ThreeZeroPotion"},{"floor":31,"key":"SteroidPotion"},{"floor":32,"key":"sneckomod:MuddlingPotion"}],"is_trial":false,"path_per_floor":["R","M","M","?","?","M","T","E","R","?","M","E","$","M","M","B",null,"R","M","?","?","M","E","T","M","M","R","E","$","?","E","M","B"],"character_chosen":"THE_SPIRIT","items_purchased":["hexamod:FastForward","Vajra","Potion Belt","Block Potion","Membership Card","PreservedInsect","Happy Flower","hexamod:EmpoweredFlame"],"campfire_rested":1,"item_purchase_floors":[13,13,13,13,29,29,29,29],"current_hp_per_floor":[57,57,62,62,62,63,63,43,43,43,35,22,29,34,41,34,65,65,63,63,63,57,47,47,21,22,43,19,21,21,24,20,0,0,0],"gold":60,"neow_bonus":"RANDOM_COMMON_RELIC","is_daily":false,"chose_seed":false,"campfire_upgraded":2,"win_rate":0.0,"timestamp":1608739121,"path_taken":["R","M","M","?","?","M","T","E","R","?","M","E","$","M","M","BOSS","R","M","?","?","M","E","T","M","M","R","E","$","?","E","M","BOSS"],"items_purchased_type":["Card","Relic","Relic","Potion","Relic","Relic","Relic","Card"],"build_version":"2020-12-22","purchased_purges":1,"victory":false,"max_hp_per_floor":[63,63,63,63,63,63,63,63,63,63,68,68,68,68,68,68,73,73,73,73,73,73,73,73,73,73,73,73,73,73,73,73,73,73,73],"card_choices":[{"not_picked":["hexamod:NightmareStrike","hexamod:EtherealExpedition"],"picked":"hexamod:FirstSeal","floor":2},{"not_picked":["hexamod:NightmareStrike","hexamod:RainOfEmbers"],"picked":"hexamod:CatchUp","floor":3},{"not_picked":["hexamod:SpectersWail","hexamod:AdvancingGuard"],"picked":"hexamod:Hexaguard","floor":6},{"not_picked":["hexamod:FastForward","hexamod:DynamicBlow"],"picked":"hexamod:SecondSeal","floor":8},{"not_picked":["hexamod:SpectralAdrenaline","hexamod:GhostLash"],"picked":"hexamod:TimeWarp","floor":11},{"not_picked":["hexamod:SoulSteal","hexamod:Firestarter"],"picked":"hexamod:Incineration","floor":12},{"not_picked":["hexamod:BurningTouch","hexamod:Haunt","hexamod:SpectersWail"],"picked":"SKIP","floor":13},{"not_picked":["hexamod:GhostShield","hexamod:BacktrackSmack"],"picked":"hexamod:SwordOfDarkness","floor":14},{"not_picked":["hexamod:NightmareStrike","hexamod:BacktrackSmack","hexamod:HauntingEcho"],"picked":"SKIP","floor":15},{"not_picked":["hexamod:ApocalypseNow","hexamod:Toasty"],"picked":"hexamod:VolcanoVisage","floor":16},{"not_picked":["hexamod:NightmareStrike","hexamod:GhostShield"],"picked":"hexamod:DynamicBlow","floor":17},{"not_picked":["hexamod:HeatMetal","hexamod:GhostShield","hexamod:AdvancingGuard"],"picked":"SKIP","floor":19},{"not_picked":["hexamod:ThermalTransfer","hexamod:SpectralSpark","hexamod:SwordOfDarkness"],"picked":"SKIP","floor":22},{"not_picked":["hexamod:BurningTouch","hexamod:HeatCrush"],"picked":"hexamod:ApocalypseNow","floor":23},{"not_picked":["hexamod:NightmareStrike","hexamod:RecurringNightmare"],"picked":"hexamod:ShieldOfDarkness","floor":25},{"not_picked":["hexamod:CatchUp","hexamod:SpectralSpark"],"picked":"hexamod:PhantomCloak","floor":26},{"not_picked":["hexamod:ExtraCrispy","hexamod:FirstSeal"],"picked":"hexamod:NightmareGuise","floor":28},{"not_picked":["hexamod:ShieldOfDarkness","hexamod:NightmareGuise"],"picked":"hexamod:GhostflameInferno","floor":29},{"not_picked":["hexamod:CrushingStance","hexamod:NightmareGuise"],"picked":"hexamod:HeatShield","floor":31},{"not_picked":["hexamod:SoulSteal","hexamod:FirstSeal"],"picked":"hexamod:Hexaguard","floor":32}],"player_experience":2387000,"relics_obtained":[{"floor":7,"key":"Bronze Scales"},{"floor":8,"key":"TungstenRod"},{"floor":12,"key":"Juzu Bracelet"},{"floor":23,"key":"Bag of Marbles"},{"floor":24,"key":"The Courier"},{"floor":28,"key":"hexamod:SoulConsumer"},{"floor":31,"key":"Blood Vial"}],"event_choices":[{"damage_healed":0,"gold_gain":0,"player_choice":"Grow","damage_taken":0,"max_hp_gain":0,"max_hp_loss":0,"event_name":"Living Wall","floor":5,"gold_loss":0,"cards_upgraded":["hexamod:CatchUp"]},{"damage_healed":0,"gold_gain":0,"player_choice":"Simplicity","damage_taken":0,"max_hp_gain":0,"max_hp_loss":0,"event_name":"Back to Basics","floor":20,"gold_loss":0,"cards_upgraded":["hexamod:Strike","hexamod:Strike","hexamod:Strike","hexamod:Strike","hexamod:Defend","hexamod:Defend","hexamod:Defend"]},{"damage_healed":0,"gold_gain":0,"player_choice":"Rummage","damage_taken":0,"relics_obtained":["WarpedTongs"],"max_hp_gain":0,"max_hp_loss":0,"event_name":"Accursed Blacksmith","floor":21,"gold_loss":0,"cards_obtained":["Pain"]}],"is_beta":false,"boss_relics":[{"not_picked":["downfall:Hecktoplasm","Pandora\u0027s Box"],"picked":"Tiny House"}],"items_purged_floors":[13],"is_endless":false,"potions_floor_spawned":[2,6,11,12,14,19,26,28,31,32],"killed_by":"downfall:Watcher","ascension_level":18}}