{"host":"i1ibt4vxe0effuru","time":1608748266,"event":{"mods":["AchievementEnabler","BaseMod","Card Forge","Minty Spire (QoL Compilation)","Quick Restart","Shop Mod","StSLib"],"gold_per_floor":[118,130,130,205,228,228,241,265,291,306,341,410,410,451,451,575,575,594,608,631,644,844,844,883,473,473,513,533,569,588,606,606,737,737,758,771,834,857,883,926,626,665,717,82,415,415,443,462,462,462,462,462,309,343,343],"floor_reached":56,"playtime":2921,"items_purged":[],"score":1685,"play_id":"aee2a2be-1d94-4fba-9f21-115720865bab","local_time":"20201224043106","is_ascension_mode":true,"campfire_choices":[{"floor":6,"key":"RECALL"},{"floor":13,"key":"REST"},{"floor":15,"key":"REST"},{"floor":23,"key":"REST"},{"floor":32,"key":"REST"},{"floor":49,"key":"REST"},{"floor":52,"key":"REST"}],"circlet_count":0,"master_deck":["Inflame+1","Limit Break+1","Pommel Strike+1","Berserk+1","Battle Trance+1","Shrug It Off+1","Shockwave+1","Shrug It Off+1","Whirlwind+1","Shrug It Off+1","Pommel Strike+1","True Grit+1"],"relics":["Black Blood","Hammer of Thor","Seething Fire","Anvil of the Gods","Ancient Tea Set","Bag of Preparation","Anchor","Runic Cube","Oddly Smooth Stone","Happy Flower","MerchantsRug","Shuriken","InkBottle","WingedGreaves","Red Skull","Orichalcum","Strawberry","Pen Nib","Centennial Puzzle","Bronze Scales","Kunai","Self Forming Clay","Medical Kit","Du-Vu Doll","Blood Vial","Bird Faced Urn"],"acts_visited":["Exordium","TheCity","TheBeyond","TheEnding"],"potions_floor_usage":[14,55,55,55],"damage_taken":[{"damage":11,"enemies":"2 Louse","floor":1,"turns":2},{"damage":0,"enemies":"Small Slimes","floor":2,"turns":3},{"damage":0,"enemies":"Jaw Worm","floor":5,"turns":3},{"damage":0,"enemies":"Gremlin Gang","floor":7,"turns":1},{"damage":0,"enemies":"Exordium Thugs","floor":8,"turns":2},{"damage":0,"enemies":"Exordium Wildlife","floor":10,"turns":3},{"damage":0,"enemies":"Lagavulin","floor":11,"turns":4},{"damage":0,"enemies":"Lagavulin Event","floor":12,"turns":4},{"damage":4,"enemies":"3 Sentries","floor":14,"turns":3},{"damage":0,"enemies":"The Guardian","floor":16,"turns":4},{"damage":0,"enemies":"Chosen","floor":18,"turns":3},{"damage":6,"enemies":"2 Thieves","floor":19,"turns":3},{"damage":8,"enemies":"Snake Plant","floor":20,"turns":3},{"damage":0,"enemies":"3 Cultists","floor":21,"turns":2},{"damage":0,"enemies":"Book of Stabbing","floor":24,"turns":4},{"damage":5,"enemies":"Gremlin Leader","floor":27,"turns":3},{"damage":0,"enemies":"Sentry and Sphere","floor":28,"turns":3},{"damage":31,"enemies":"Shelled Parasite and Fungi","floor":30,"turns":3},{"damage":4,"enemies":"Cultist and Chosen","floor":31,"turns":4},{"damage":0,"enemies":"Automaton","floor":33,"turns":4},{"damage":0,"enemies":"3 Shapes","floor":35,"turns":4},{"damage":0,"enemies":"Orb Walker","floor":36,"turns":3},{"damage":24,"enemies":"Mind Bloom Boss Battle","floor":37,"turns":4},{"damage":0,"enemies":"Spire Growth","floor":38,"turns":4},{"damage":12,"enemies":"Reptomancer","floor":40,"turns":4},{"damage":15,"enemies":"Nemesis","floor":42,"turns":7},{"damage":29,"enemies":"Reptomancer","floor":47,"turns":5},{"damage":0,"enemies":"Maw","floor":48,"turns":5},{"damage":8,"enemies":"Time Eater","floor":50,"turns":5},{"damage":42,"enemies":"Shield and Spear","floor":54,"turns":4},{"damage":47,"enemies":"The Heart","floor":55,"turns":7}],"seed_played":"-3450218397751894570","potions_obtained":[{"floor":2,"key":"FearPotion"},{"floor":7,"key":"SteroidPotion"},{"floor":12,"key":"SteroidPotion"},{"floor":14,"key":"Fruit Juice"},{"floor":16,"key":"GamblersBrew"},{"floor":27,"key":"BloodPotion"}],"is_trial":false,"path_per_floor":["M","M","?","?","M","R","M","M","T","M","E","?","R","E","R","B",null,"M","M","M","M","?","R","E","$","T","E","M","$","M","M","R","B",null,"M","M","?","M","T","E","$","E","T","$","?","$","E","M","R","B",null,"R","$","E","B",null],"character_chosen":"IRONCLAD","items_purchased":["Happy Flower","Tiny Chest","MerchantsRug","Strawberry","Pen Nib","Kunai","Self Forming Clay","Medical Kit","Blood Vial"],"campfire_rested":6,"item_purchase_floors":[25,25,25,41,41,44,44,44,53],"current_hp_per_floor":[91,96,72,61,67,67,73,79,79,85,91,96,96,101,101,101,101,101,101,99,101,101,101,101,101,101,101,101,101,76,78,101,101,101,101,101,89,101,101,101,108,105,105,105,105,105,88,100,108,108,108,108,108,78,70],"gold":343,"neow_bonus":"TWENTY_PERCENT_HP_BONUS","is_daily":false,"chose_seed":false,"campfire_upgraded":0,"win_rate":0.0,"timestamp":1608748266,"path_taken":["M","M","?","?","M","R","M","M","T","M","E","?","R","E","R","BOSS","M","M","M","M","?","R","E","$","T","E","?","$","M","M","R","BOSS","M","M","?","M","?","E","$","E","T","$","?","$","E","M","R","BOSS","R","$","E","BOSS"],"items_purchased_type":["Relic","Relic","Relic","Relic","Relic","Relic","Relic","Relic","Relic"],"build_version":"2020-12-22","purchased_purges":0,"victory":true,"max_hp_per_floor":[96,96,96,96,96,96,96,96,96,96,96,96,96,101,101,101,101,101,101,101,101,101,101,101,101,101,101,101,101,101,101,101,101,101,101,101,101,101,101,101,108,108,108,108,108,108,108,108,108,108,108,108,108,108,108],"card_choices":[{"not_picked":["Power Through","Wild Strike","Blood for Blood"],"picked":"SKIP","floor":1},{"not_picked":["Seeing Red","Heavy Blade","Iron Wave"],"picked":"SKIP","floor":2},{"not_picked":["Seeing Red","Infernal Blade","Pummel"],"picked":"SKIP","floor":5},{"not_picked":["Armaments","Fire Breathing","Perfected Strike"],"picked":"SKIP","floor":7},{"not_picked":["Perfected Strike","Power Through","Flame Barrier"],"picked":"SKIP","floor":8},{"not_picked":["Heavy Blade","Feel No Pain","Dual Wield"],"picked":"SKIP","floor":10},{"not_picked":["Shrug It Off","Shockwave","Reckless Charge"],"picked":"SKIP","floor":11},{"not_picked":["Immolate","Wild Strike","Clothesline"],"picked":"SKIP","floor":14},{"not_picked":["Heavy Blade","Sword Boomerang+1","Perfected Strike"],"picked":"SKIP","floor":18},{"not_picked":["Perfected Strike","Burning Pact","Iron Wave"],"picked":"SKIP","floor":19},{"not_picked":["Headbutt","True Grit","Perfected Strike"],"picked":"SKIP","floor":20},{"not_picked":["Warcry","Disarm+1","Barricade"],"picked":"SKIP","floor":21},{"not_picked":["Havoc","Anger+1","Pommel Strike"],"picked":"SKIP","floor":24},{"not_picked":["Cleave","Rupture","Seeing Red"],"picked":"SKIP","floor":27},{"not_picked":["Searing Blow+1","Twin Strike","Body Slam"],"picked":"SKIP","floor":28},{"not_picked":["Clash","Shrug It Off+1","Feel No Pain"],"picked":"SKIP","floor":30},{"not_picked":["Flex+1","Body Slam+1","Clash+1"],"picked":"SKIP","floor":31},{"not_picked":["Wild Strike+1","Whirlwind","Clothesline"],"picked":"SKIP","floor":35},{"not_picked":["Metallicize+1","Heavy Blade+1","Shockwave"],"picked":"SKIP","floor":36},{"not_picked":["Anger+1","Perfected Strike","Exhume"],"picked":"SKIP","floor":38},{"not_picked":["Ghostly Armor+1","Hemokinesis","Dropkick"],"picked":"SKIP","floor":40},{"not_picked":["Juggernaut","Thunderclap","Intimidate+1"],"picked":"SKIP","floor":42},{"not_picked":["Heavy Blade+1","Body Slam+1","Battle Trance+1"],"picked":"SKIP","floor":47},{"not_picked":["Anger","Warcry+1","Headbutt+1"],"picked":"SKIP","floor":48},{"not_picked":["Berserk","Fire Breathing+1","Uppercut+1"],"picked":"SKIP","floor":54}],"player_experience":151159,"relics_obtained":[{"floor":11,"key":"Ancient Tea Set"},{"floor":14,"key":"Anchor"},{"floor":24,"key":"Oddly Smooth Stone"},{"floor":26,"key":"Shuriken"},{"floor":27,"key":"InkBottle"},{"floor":37,"key":"WingedGreaves"},{"floor":39,"key":"Red Skull"},{"floor":40,"key":"Orichalcum"},{"floor":42,"key":"Centennial Puzzle"},{"floor":43,"key":"Bronze Scales"},{"floor":47,"key":"Du-Vu Doll"},{"floor":54,"key":"Bird Faced Urn"}],"event_choices":[{"damage_healed":0,"gold_gain":0,"player_choice":"Take Damage","damage_taken":24,"relics_obtained":["Golden Idol"],"max_hp_gain":0,"max_hp_loss":0,"event_name":"Golden Idol","floor":3,"gold_loss":0},{"damage_healed":0,"gold_gain":75,"player_choice":"Gather Gold","damage_taken":11,"max_hp_gain":0,"max_hp_loss":0,"event_name":"World of Goop","floor":4,"gold_loss":0},{"damage_healed":0,"gold_gain":0,"player_choice":"Searched \u00273\u0027 times","damage_taken":0,"relics_obtained":["Bag of Preparation"],"max_hp_gain":0,"max_hp_loss":0,"event_name":"Dead Adventurer","floor":12,"gold_loss":0},{"damage_healed":0,"gold_gain":200,"player_choice":"Gold","damage_taken":0,"max_hp_gain":0,"max_hp_loss":0,"event_name":"Wheel of Change","floor":22,"gold_loss":0},{"damage_healed":0,"gold_gain":0,"player_choice":"Fight","damage_taken":0,"max_hp_gain":0,"max_hp_loss":0,"event_name":"MindBloom","floor":37,"gold_loss":0},{"damage_healed":0,"gold_gain":333,"player_choice":"Gave Idol","damage_taken":0,"max_hp_gain":0,"max_hp_loss":0,"event_name":"The Moai Head","floor":45,"relics_lost":["Golden Idol"],"gold_loss":0}],"is_beta":false,"boss_relics":[{"not_picked":["Ectoplasm","Pandora\u0027s Box"],"picked":"Runic Cube"},{"not_picked":["Snecko Eye","Sozu"],"picked":"Black Blood"}],"items_purged_floors":[],"is_endless":false,"potions_floor_spawned":[2,7,12,14,16,21,24,27,31,35,36,40,42,47],"ascension_level":3}}