{"host":"0ae80r8lzpl1kk8y","time":1608721775,"event":{"mods":["BaseMod","Colored Map","Colored Powertips","Minty Spire (QoL Compilation)","Quick Restart","Shop Mod","StSLib","Unceasing Turn Reminder"],"gold_per_floor":[114,114,133,152,77,115,190,190,190,190,155,174,174,24,24,149,149,168,187,187,37,56,94,113,88,88,88,126,126,225,244,244,369,369,388,407,57,76,95,95,95],"floor_reached":40,"playtime":1743,"items_purged":["Injury"],"score":451,"play_id":"3d6fea00-fffe-4443-ac7e-7e9889b5b8a6","local_time":"20201223130935","daily_mods":["SealedDeck","Red Cards","Night Terrors"],"is_ascension_mode":false,"campfire_choices":[{"data":"Rage","floor":13,"key":"SMITH"},{"data":"Conclude","floor":15,"key":"SMITH"},{"floor":29,"key":"REST"},{"data":"Prostrate","floor":32,"key":"SMITH"}],"circlet_count":0,"master_deck":["Twin Strike","ClearTheMind","Shrug It Off","FollowUp","EmptyFist+1","Rage+1","FollowUp","BowlingBash","Conclude+1","ClearTheMind+1","Blood for Blood","WindmillStrike","Vault","Rage+1","Prostrate+1","Swivel+1","EmptyFist+1","Armaments","BowlingBash","Anger+1"],"relics":["PureWater","Golden Idol","Blue Candle","StrikeDummy","Lee\u0027s Waffle","Busted Crown","Omamori","Question Card","StoneCalendar","Dead Branch","VioletLotus","CloakClasp"],"acts_visited":["Exordium","TheCity","TheBeyond"],"potions_floor_usage":[3,3,6,6,18,18,33,33,38],"damage_taken":[{"damage":0,"enemies":"2 Louse","floor":1,"turns":1},{"damage":0,"enemies":"Jaw Worm","floor":3,"turns":1},{"damage":0,"enemies":"Small Slimes","floor":4,"turns":2},{"damage":0,"enemies":"Gremlin Nob","floor":6,"turns":3},{"damage":0,"enemies":"2 Fungi Beasts","floor":12,"turns":2},{"damage":41,"enemies":"Hexaghost","floor":16,"turns":7},{"damage":6,"enemies":"Shell Parasite","floor":18,"turns":4},{"damage":5,"enemies":"3 Byrds","floor":19,"turns":4},{"damage":10,"enemies":"Snecko","floor":22,"turns":5},{"damage":21,"enemies":"Slavers","floor":23,"turns":5},{"damage":8,"enemies":"Shelled Parasite and Fungi","floor":24,"turns":4},{"damage":4,"enemies":"Gremlin Leader","floor":28,"turns":5},{"damage":16,"enemies":"Snake Plant","floor":31,"turns":3},{"damage":35,"enemies":"Collector","floor":33,"turns":10},{"damage":5,"enemies":"3 Darklings","floor":35,"turns":4},{"damage":2,"enemies":"3 Shapes","floor":36,"turns":4},{"damage":18,"enemies":"Transient","floor":38,"turns":6},{"damage":8,"enemies":"Maw","floor":39,"turns":8},{"damage":57,"enemies":"Nemesis","floor":40,"turns":7}],"seed_played":"4926568582952100995","potions_obtained":[{"floor":1,"key":"EntropicBrew"},{"floor":4,"key":"Explosive Potion"},{"floor":12,"key":"ColorlessPotion"},{"floor":16,"key":"LiquidMemories"},{"floor":18,"key":"BottledMiracle"},{"floor":23,"key":"DuplicationPotion"},{"floor":24,"key":"Fire Potion"},{"floor":35,"key":"DuplicationPotion"}],"is_trial":false,"path_per_floor":["M","?","M","M","$","E","?","?","T","?","?","M","R","$","R","B",null,"M","M","?","$","M","E","M","$","T","$","E","R","?","M","R","B",null,"M","M","$","M","M","E"],"character_chosen":"WATCHER","items_purchased":["Lee\u0027s Waffle","Omamori","Prostrate","Armaments","CloakClasp"],"campfire_rested":1,"item_purchase_floors":[14,21,25,37,37],"current_hp_per_floor":[72,72,72,72,72,72,61,47,47,52,71,71,71,84,84,43,84,78,73,73,73,63,42,34,34,34,34,30,79,79,63,63,28,79,74,72,72,54,46,0,0],"gold":95,"neow_bonus":"","is_daily":true,"chose_seed":false,"campfire_upgraded":3,"win_rate":0.0,"timestamp":1608721775,"path_taken":["M","?","M","M","$","E","?","?","T","?","?","M","R","?","R","BOSS","M","M","?","$","?","E","M","$","T","?","E","R","?","?","R","BOSS","M","M","?","?","M","E"],"items_purchased_type":["Relic","Relic","Card","Card","Relic"],"build_version":"2020-12-22","purchased_purges":1,"victory":false,"max_hp_per_floor":[72,72,72,72,72,72,72,72,72,77,77,77,77,84,84,84,84,84,84,84,84,84,84,84,84,84,84,84,79,79,79,79,79,79,79,79,79,79,79,79,79],"card_choices":[{"not_picked":["Wallop","Sword Boomerang"],"picked":"Blood for Blood","floor":1},{"not_picked":["Consecrate","Second Wind","SashWhip"],"picked":"SKIP","floor":3},{"not_picked":["Burning Pact","Crescendo"],"picked":"WindmillStrike","floor":4},{"not_picked":["Corruption","ClearTheMind","WreathOfFlame"],"picked":"SKIP","floor":6},{"not_picked":["JustLucky","Pommel Strike","Burning Pact"],"picked":"SKIP","floor":12},{"not_picked":["Exhume","Omniscience"],"picked":"Vault","floor":16},{"not_picked":["Havoc"],"picked":"SKIP","floor":18},{"not_picked":["Spot Weakness+1"],"picked":"SKIP","floor":19},{"not_picked":["Havoc"],"picked":"SKIP","floor":22},{"not_picked":["FlyingSleeves+1"],"picked":"SKIP","floor":23},{"not_picked":["Sentinel","Sever Soul"],"picked":"SKIP","floor":24},{"not_picked":["Wild Strike","Uppercut+1"],"picked":"SKIP","floor":28},{"not_picked":["Wild Strike"],"picked":"Swivel+1","floor":31},{"not_picked":["Feel No Pain+1","Warcry"],"picked":"SKIP","floor":35},{"not_picked":["Dual Wield+1"],"picked":"EmptyFist+1","floor":36},{"not_picked":["Thunderclap"],"picked":"BowlingBash","floor":38},{"not_picked":["CutThroughFate"],"picked":"Anger+1","floor":39}],"player_experience":263210,"relics_obtained":[{"floor":6,"key":"Blue Candle"},{"floor":9,"key":"StrikeDummy"},{"floor":23,"key":"Question Card"},{"floor":26,"key":"StoneCalendar"},{"floor":28,"key":"Dead Branch"}],"event_choices":[{"damage_healed":0,"gold_gain":0,"player_choice":"Take Wound","damage_taken":0,"relics_obtained":["Golden Idol"],"max_hp_gain":0,"max_hp_loss":0,"event_name":"Golden Idol","floor":2,"gold_loss":0,"cards_obtained":["Injury"]},{"damage_healed":0,"gold_gain":75,"player_choice":"Gather Gold","damage_taken":11,"max_hp_gain":0,"max_hp_loss":0,"event_name":"World of Goop","floor":7,"gold_loss":0},{"damage_healed":0,"gold_gain":0,"player_choice":"Entered Light","damage_taken":14,"max_hp_gain":0,"max_hp_loss":0,"event_name":"Shining Light","floor":8,"gold_loss":0,"cards_upgraded":["EmptyFist","ClearTheMind"]},{"damage_healed":0,"gold_gain":0,"player_choice":"Donut","damage_taken":0,"max_hp_gain":5,"max_hp_loss":0,"event_name":"Big Fish","floor":10,"gold_loss":0},{"damage_healed":19,"gold_gain":0,"player_choice":"Healed","damage_taken":0,"max_hp_gain":0,"max_hp_loss":0,"event_name":"The Cleric","floor":11,"gold_loss":35},{"damage_healed":0,"gold_gain":0,"player_choice":"Copied","damage_taken":0,"max_hp_gain":0,"max_hp_loss":0,"event_name":"Duplicator","floor":20,"gold_loss":0,"cards_obtained":["Rage"]},{"damage_healed":0,"gold_gain":99,"player_choice":"Stole From Cult","damage_taken":0,"max_hp_gain":0,"max_hp_loss":0,"event_name":"Nest","floor":30,"gold_loss":0}],"is_beta":false,"boss_relics":[{"not_picked":["Ectoplasm","Runic Pyramid"],"picked":"Busted Crown"},{"not_picked":["SlaversCollar","Astrolabe"],"picked":"VioletLotus"}],"items_purged_floors":[5],"is_endless":false,"potions_floor_spawned":[1,4,12,16,18,23,24,31,35],"killed_by":"Nemesis","ascension_level":0}}