{"host":"6efts020nftxfcgy","time":1608767506,"event":{"mods":["BaseMod","Conspire","Hubris","Infinite Spire","Minty Spire (QoL Compilation)","Relic Sorter","Replay The Spire","Shop Mod","StSLib","SuperFastMode","The Servant 0.9.4"],"gold_per_floor":[112,112,128,78,78,78,78,88,88,108,118,68,94,111,111,213,213,227,227,245,245,260,260,279,311,362,376,393,424,424,437,437,437,437],"floor_reached":33,"playtime":3543,"items_purged":["Regret","Strike_S"],"score":291,"play_id":"b39da1f0-3bbe-44cc-bcbc-6964185ff437","local_time":"20201223235146","is_ascension_mode":false,"campfire_choices":[{"data":"Moonlight","floor":6,"key":"SMITH"},{"data":"Replay:Fractal Strike","floor":23,"key":"SMITH"},{"floor":32,"key":"DIG"}],"circlet_count":0,"master_deck":["Strike_S+1","Strike_S+1","Strike_S+1","Defend_S+1","Defend_S+1","Defend_S+1","Defend_S+1","KidneyShot","Exchange","Moonlight+1","SilverBlades+1","Solidify","Rewind","Replay:Fractal Strike+1","Replace+1","FloweringNight+1"],"relics":["Uniform","Smiling Mask","Blue Doll","Replay:Mystery Machine","infinitespire:Lucky Rock","Coffee Dripper","MutagenicStrength","Tiny Chest","Toy Ornithopter","Golden Egg","conspire:GlowingRock"],"acts_visited":["Exordium","TheCity"],"potions_floor_usage":[10,13,16,27,27,28,29,29,33,33],"damage_taken":[{"damage":1,"enemies":"2 Louse","floor":1,"turns":2},{"damage":3,"enemies":"Jaw Worm","floor":3,"turns":3},{"damage":2,"enemies":"Small Slimes","floor":8,"turns":3},{"damage":12,"enemies":"Gremlin Gang","floor":10,"turns":4},{"damage":0,"enemies":"Blue Slaver","floor":11,"turns":4},{"damage":4,"enemies":"Gremlin Nob","floor":13,"turns":4},{"damage":0,"enemies":"Exordium Wildlife","floor":14,"turns":4},{"damage":21,"enemies":"The Guardian","floor":16,"turns":8},{"damage":3,"enemies":"conspire:FuzzyDice","floor":18,"turns":6},{"damage":7,"enemies":"Shell Parasite","floor":20,"turns":2},{"damage":0,"enemies":"Snecko","floor":22,"turns":2},{"damage":11,"enemies":"3 Cultists","floor":24,"turns":5},{"damage":10,"enemies":"conspire:Head Lice","floor":25,"turns":12},{"damage":15,"enemies":"Centurion and Healer","floor":27,"turns":4},{"damage":0,"enemies":"Snecko","floor":28,"turns":3},{"damage":16,"enemies":"Nightmare","floor":29,"turns":8},{"damage":5,"enemies":"3 Cultists","floor":31,"turns":3},{"damage":17,"enemies":"conspire:MysteriousRune","floor":33,"turns":5}],"seed_played":"2795764229100890200","potions_obtained":[{"floor":1,"key":"Block Potion"},{"floor":3,"key":"Block Potion"},{"floor":10,"key":"SneckoOil"},{"floor":13,"key":"infinitespire:BlackPotion"},{"floor":24,"key":"BlessingOfTheForge"},{"floor":25,"key":"PowerPotion"},{"floor":27,"key":"Block Potion"},{"floor":28,"key":"LiquidMemories"},{"floor":29,"key":"BlessingOfTheForge"},{"floor":31,"key":"SkillPotion"}],"is_trial":false,"path_per_floor":["M","?","M","$","?","R","?","M","T","M","M","$","E","M","R","B",null,"M","?","M","?","M","R","M","E","T","M","M","NM","?","M","R","B"],"character_chosen":"THE_SERVANT","items_purchased":[],"campfire_rested":0,"item_purchase_floors":[],"current_hp_per_floor":[64,64,61,61,61,61,61,59,59,47,47,47,43,43,62,41,65,62,62,55,39,39,39,28,18,18,13,18,12,12,7,7,0,0],"gold":437,"neow_bonus":"RANDOM_COMMON_RELIC","is_daily":false,"chose_seed":false,"campfire_upgraded":2,"win_rate":0.0,"timestamp":1608767506,"path_taken":["M","?","M","$","?","R","?","M","T","M","?","$","E","M","R","BOSS","M","?","M","?","M","R","M","E","T","M","M","NM","?","M","R","BOSS"],"items_purchased_type":[],"build_version":"2020-12-22","purchased_purges":2,"victory":false,"max_hp_per_floor":[65,65,65,65,65,65,65,65,65,65,65,65,65,65,65,65,65,65,65,65,65,65,65,65,65,65,65,65,65,65,65,65,65,65],"card_choices":[{"not_picked":["TimeWarp","FanOfKnives"],"picked":"Moonlight","floor":1},{"not_picked":["Defy","StarChef","DoubleEdge"],"picked":"SKIP","floor":3},{"not_picked":["Spin","Read"],"picked":"SilverBlades","floor":8},{"not_picked":["Starlight","GearUp","Sabotage"],"picked":"SKIP","floor":10},{"not_picked":["Spin","Shuttle","Defy"],"picked":"SKIP","floor":11},{"not_picked":["Rewind","Duplication","ForgedInTime"],"picked":"SKIP","floor":13},{"not_picked":["DualDimension","DoubleEdge","MoonPhase"],"picked":"SKIP","floor":14},{"not_picked":["Initiator","KillingDoll"],"picked":"Solidify","floor":16},{"not_picked":["Rearm+1","Ricochet"],"picked":"Rewind","floor":18},{"not_picked":["ReturningBlade","DoubleEdge","Unruled"],"picked":"SKIP","floor":20},{"not_picked":["ReplayTheSpireMod:Chaos Vortex","infinitespire:FinalStrike"],"picked":"Replay:Fractal Strike","floor":21},{"not_picked":["Hightail","Snipe","Luminosity"],"picked":"SKIP","floor":22},{"not_picked":["Potential","LightFlow","Replace"],"picked":"SKIP","floor":24},{"not_picked":["SilverBlades","Desolation","ShatteredReality"],"picked":"SKIP","floor":25},{"not_picked":["TimeWarp","Foresight"],"picked":"Replace+1","floor":27},{"not_picked":["FastForward","RealityMarble+1","ShiftingGears"],"picked":"SKIP","floor":28},{"not_picked":["Desolation+1","Contraction"],"picked":"FloweringNight","floor":29},{"not_picked":["FastForward","Comet+1","Ricochet"],"picked":"SKIP","floor":31}],"player_experience":285930,"relics_obtained":[{"floor":9,"key":"Replay:Mystery Machine"},{"floor":13,"key":"infinitespire:Lucky Rock"},{"floor":25,"key":"Tiny Chest"},{"floor":26,"key":"Toy Ornithopter"},{"floor":29,"key":"Golden Egg"},{"floor":32,"key":"conspire:GlowingRock"}],"event_choices":[{"damage_healed":0,"gold_gain":0,"player_choice":"Box","damage_taken":0,"relics_obtained":["Blue Doll"],"max_hp_gain":0,"max_hp_loss":0,"event_name":"Big Fish","floor":2,"gold_loss":0,"cards_obtained":["Regret"]},{"damage_healed":0,"gold_gain":0,"player_choice":"Leave","damage_taken":0,"max_hp_gain":0,"max_hp_loss":0,"event_name":"conspire:Investor","floor":5,"gold_loss":0},{"damage_healed":0,"gold_gain":0,"player_choice":"Bought 0 Potions","damage_taken":0,"max_hp_gain":0,"max_hp_loss":0,"event_name":"The Woman in Blue","floor":7,"gold_loss":0},{"damage_healed":0,"gold_gain":0,"player_choice":"Inject Mutagens","damage_taken":0,"relics_obtained":["MutagenicStrength"],"max_hp_gain":0,"max_hp_loss":0,"event_name":"Drug Dealer","floor":19,"gold_loss":0},{"damage_healed":0,"gold_gain":0,"player_choice":"Simplicity","damage_taken":0,"max_hp_gain":0,"max_hp_loss":0,"event_name":"Back to Basics","floor":30,"gold_loss":0,"cards_upgraded":["Strike_S","Strike_S","Strike_S","Defend_S","Defend_S","Defend_S","Defend_S"]}],"is_beta":false,"boss_relics":[{"not_picked":["SlaversCollar","Ring of Chaos"],"picked":"Coffee Dripper"}],"items_purged_floors":[4,12],"is_endless":true,"potions_floor_spawned":[1,3,10,13,24,25,27,28,29,31],"killed_by":"conspire:MysteriousRune","ascension_level":0}}