{"host":"28p8ce41sjwa6lzf","time":1608734273,"event":{"mods":["BaseMod","Colored Map","Colored Powertips","Highlight Path","Minty Spire (QoL Compilation)","Permanent Neow","Quick Restart","Random Character Button","Rare Cards Sparkle","Relic Stats","StSLib","Unceasing Turn Reminder"],"gold_per_floor":[114,132,150,21,36,63,63,95,119,135,165,179,198,25,25,102,102,118,79,4,4,4,4,4],"floor_reached":23,"playtime":992,"items_purged":["Strike_B"],"score":402,"play_id":"e14c07b7-1335-48ae-9d08-2b8b12be77e7","local_time":"20201223083753","is_ascension_mode":true,"campfire_choices":[{"data":"Streamline","floor":7.0,"key":"SMITH"},{"floor":15.0,"key":"REST"}],"circlet_count":0,"master_deck":["AscendersBane","Defend_B","Defend_B","Defend_B","Defend_B","Zap","Dualcast","Streamline+1","Cold Snap","Cold Snap","Reinforced Body","Gash","Scrape","FTL","Cold Snap","Steam","Hologram","Electrodynamics","Echo Form","Scrape","Defragment"],"relics":["Cracked Core","Regal Pillow","Eternal Feather","MealTicket","Ancient Tea Set","Odd Mushroom","Empty Cage"],"acts_visited":["Exordium","TheCity"],"potions_floor_usage":[],"damage_taken":[{"damage":7.0,"enemies":"Jaw Worm","floor":1.0,"turns":4.0},{"damage":6.0,"enemies":"Small Slimes","floor":2.0,"turns":3.0},{"damage":0.0,"enemies":"Cultist","floor":3.0,"turns":3.0},{"damage":2.0,"enemies":"Red Slaver","floor":5.0,"turns":4.0},{"damage":26.0,"enemies":"3 Sentries","floor":6.0,"turns":7.0},{"damage":22.0,"enemies":"Gremlin Nob","floor":8.0,"turns":4.0},{"damage":0.0,"enemies":"Looter","floor":10.0,"turns":2.0},{"damage":5.0,"enemies":"The Mushroom Lair","floor":11.0,"turns":5.0},{"damage":1.0,"enemies":"Exordium Thugs","floor":12.0,"turns":4.0},{"damage":1.0,"enemies":"3 Louse","floor":13.0,"turns":4.0},{"damage":27.0,"enemies":"Slime Boss","floor":16.0,"turns":9.0},{"damage":24.0,"enemies":"2 Thieves","floor":18.0,"turns":3.0},{"damage":74,"enemies":"Slavers","floor":23,"turns":4}],"seed_played":"-6015769805264662250","potions_obtained":[{"floor":2.0,"key":"Energy Potion"},{"floor":6.0,"key":"Ancient Potion"},{"floor":13.0,"key":"ColorlessPotion"}],"is_trial":false,"path_per_floor":["M","M","M","$","M","E","R","E","T","M","?","M","M","$","R","B",null,"M","$","?","?","$","E"],"character_chosen":"DEFECT","items_purchased":["Block Potion","Electrodynamics","Defragment"],"campfire_rested":1,"item_purchase_floors":[4,14,19],"current_hp_per_floor":[57,51,51,51,49,23,32,10,10,10,5,4,3,18,66,39,63,39,54,54,54,69,0,0],"gold":4,"neow_bonus":"RANDOM_COMMON_RELIC","is_daily":false,"chose_seed":false,"campfire_upgraded":1,"win_rate":0.0,"timestamp":1608734273,"path_taken":["M","M","M","$","M","E","R","E","T","M","?","M","M","$","R","BOSS","M","$","?","?","?","E"],"items_purchased_type":["Potion","Card","Card"],"build_version":"2020-12-22","purchased_purges":1,"victory":false,"max_hp_per_floor":[71,71,71,71,71,71,71,71,71,71,71,71,71,71,71,71,71,71,71,71,71,71,71,71],"relic_stats":{"Regal Pillow":15,"counters":[13,56],"Eternal Feather":21,"MealTicket":45,"obtain_stats":[{"Regal Pillow":0,"Eternal Feather":6,"MealTicket":8,"Odd Mushroom":11,"Cracked Core":0,"Ancient Tea Set":9,"Empty Cage":17},{"Regal Pillow":0,"Eternal Feather":5,"MealTicket":6,"Odd Mushroom":8,"Cracked Core":0,"Ancient Tea Set":6,"Empty Cage":11},{"Regal Pillow":0,"Eternal Feather":21,"MealTicket":25,"Odd Mushroom":32,"Cracked Core":0,"Ancient Tea Set":25,"Empty Cage":49}]},"card_choices":[{"not_picked":["Rebound","Sweeping Beam"],"picked":"Streamline","floor":1.0},{"not_picked":["Leap","Heatsinks"],"picked":"Cold Snap","floor":2.0},{"not_picked":["Gash","Go for the Eyes"],"picked":"Cold Snap","floor":3.0},{"not_picked":["Consume","Streamline"],"picked":"Reinforced Body","floor":5.0},{"not_picked":["Double Energy","Rebound"],"picked":"Gash","floor":6.0},{"not_picked":["Steam","Coolheaded"],"picked":"Scrape","floor":8.0},{"not_picked":["Turbo","Chaos"],"picked":"FTL","floor":10.0},{"not_picked":["Force Field","Thunder Strike"],"picked":"Cold Snap","floor":11.0},{"not_picked":["Sweeping Beam","Stack"],"picked":"Steam","floor":12.0},{"not_picked":["Go for the Eyes","Barrage"],"picked":"Hologram","floor":13.0},{"not_picked":["Thunder Strike","Meteor Strike"],"picked":"Echo Form","floor":16.0},{"not_picked":["Doom and Gloom","Redo"],"picked":"Scrape","floor":18.0}],"player_experience":1022879,"relics_obtained":[{"floor":6.0,"key":"Eternal Feather"},{"floor":8.0,"key":"MealTicket"},{"floor":9.0,"key":"Ancient Tea Set"},{"floor":11.0,"key":"Odd Mushroom"}],"event_choices":[{"damage_healed":0.0,"max_hp_gain":0.0,"max_hp_loss":0.0,"gold_gain":0.0,"event_name":"Mushrooms","player_choice":"Fought Mushrooms","floor":11.0,"gold_loss":0.0,"damage_taken":0.0},{"cards_removed":["Strike_B"],"damage_healed":0.0,"max_hp_gain":0.0,"max_hp_loss":0.0,"gold_gain":0.0,"event_name":"Beggar","player_choice":"Gave Gold","floor":20.0,"gold_loss":75.0,"damage_taken":0.0},{"damage_healed":0.0,"max_hp_gain":0.0,"max_hp_loss":0.0,"gold_gain":0.0,"event_name":"Cursed Tome","player_choice":"Ignored","floor":21.0,"gold_loss":0.0,"damage_taken":0.0}],"is_beta":false,"boss_relics":[{"not_picked":["Astrolabe","SlaversCollar"],"picked":"Empty Cage"}],"items_purged_floors":[4],"is_endless":false,"potions_floor_spawned":[2,6,8,13],"killed_by":"Slavers","ascension_level":20}}