{"host":"soyfmymeou4emntr","time":1608697274,"event":{"mods":["BaseMod","Minty Spire (QoL Compilation)","Relic Sorter","Relic Stats","StSLib"],"gold_per_floor":[118,138,118,136,161,161,188,188,188,188,223,373,373,27,27,99,99,110,110,110,190,206,206,206],"floor_reached":23,"playtime":1153,"items_purged":["Doubt"],"score":390,"play_id":"1c0c78c8-6942-49fc-a0a2-02557dc88884","local_time":"20201222212114","is_ascension_mode":true,"campfire_choices":[{"data":"Eviscerate","floor":6.0,"key":"SMITH"},{"floor":8.0,"key":"REST"},{"data":"Infinite Blades","floor":10.0,"key":"SMITH"},{"data":"Neutralize","floor":13.0,"key":"SMITH"},{"floor":15.0,"key":"REST"}],"circlet_count":0,"master_deck":["AscendersBane","Strike_G","Strike_G","Strike_G","Strike_G","Strike_G","Defend_G","Defend_G","Defend_G","Defend_G","Defend_G+1","Survivor","Neutralize+1","Eviscerate+1","Calculated Gamble+1","Infinite Blades+1","Acrobatics","Tactician","Crippling Poison","Envenom","Catalyst","Ghostly","Ghostly","Ghostly","PiercingWail"],"relics":["Ring of the Snake","NeowsBlessing","War Paint","Tiny Chest","CaptainsWheel","Art of War","Membership Card","Strawberry","Sozu","The Courier"],"acts_visited":["Exordium","TheCity"],"potions_floor_usage":[22],"damage_taken":[{"damage":0.0,"enemies":"Jaw Worm","floor":1.0,"turns":1.0},{"damage":0.0,"enemies":"Cultist","floor":2.0,"turns":1.0},{"damage":0.0,"enemies":"Small Slimes","floor":4.0,"turns":2.0},{"damage":31.0,"enemies":"Lagavulin","floor":7.0,"turns":7.0},{"damage":14.0,"enemies":"3 Sentries","floor":11.0,"turns":8.0},{"damage":47.0,"enemies":"Slime Boss","floor":16.0,"turns":15.0},{"damage":0.0,"enemies":"Spheric Guardian","floor":18.0,"turns":4.0},{"damage":0,"enemies":"3 Byrds","floor":22,"turns":5},{"damage":37,"enemies":"Gremlin Leader","floor":23,"turns":6}],"seed_played":"9016447154200091289","potions_obtained":[{"floor":1.0,"key":"Strength Potion"},{"floor":3.0,"key":"CunningPotion"},{"floor":11.0,"key":"Block Potion"}],"is_trial":false,"path_per_floor":["M","M","?","M","T","R","E","R","T","R","E","?","R","$","R","B",null,"M","?","?","T","M","E"],"character_chosen":"THE_SILENT","items_purchased":["Membership Card","Strawberry","Crippling Poison","Dexterity Potion"],"campfire_rested":2,"item_purchase_floors":[14,14,14,14],"current_hp_per_floor":[59,59,59,59,59,59,28,47,47,47,33,33,33,40,61,14,58,58,37,37,37,37,0,0],"gold":206,"neow_bonus":"THREE_ENEMY_KILL","is_daily":false,"chose_seed":false,"campfire_upgraded":3,"win_rate":0.0,"timestamp":1608697274,"path_taken":["M","M","?","?","?","R","E","R","T","R","E","?","R","$","R","BOSS","M","?","?","?","M","E"],"items_purchased_type":["Relic","Relic","Card","Potion"],"build_version":"2020-12-13","purchased_purges":1,"victory":false,"max_hp_per_floor":[66,66,66,66,66,66,66,66,66,66,66,66,66,73,73,73,73,73,78,39,39,39,39,39],"relic_stats":{"Sozu":1,"counters":[9,49],"Tiny Chest":1,"Art of War":[2],"War Paint":["Calculated Gamble","Defend_G"],"obtain_stats":[{"Sozu":17,"CaptainsWheel":9,"NeowsBlessing":0,"Strawberry":14,"Tiny Chest":7,"The Courier":21,"Art of War":11,"Membership Card":14,"War Paint":5,"Ring of the Snake":0},{"Sozu":6,"CaptainsWheel":4,"NeowsBlessing":0,"Strawberry":5,"Tiny Chest":4,"The Courier":7,"Art of War":5,"Membership Card":5,"War Paint":3,"Ring of the Snake":0},{"Sozu":34,"CaptainsWheel":11,"NeowsBlessing":0,"Strawberry":19,"Tiny Chest":11,"The Courier":38,"Art of War":19,"Membership Card":19,"War Paint":4,"Ring of the Snake":0}],"Ring of the Snake":[18]},"card_choices":[{"not_picked":["Bane","Accuracy"],"picked":"Eviscerate","floor":1.0},{"not_picked":["Prepared","Quick Slash"],"picked":"Calculated Gamble","floor":2.0},{"not_picked":["Reflex","Bane"],"picked":"Infinite Blades","floor":4.0},{"not_picked":["Choke","Underhanded Strike"],"picked":"Acrobatics","floor":7.0},{"not_picked":["Choke","Bane"],"picked":"Tactician","floor":11.0},{"not_picked":["Night Terror","Venomology"],"picked":"Envenom","floor":16.0},{"not_picked":["Poisoned Stab","Quick Slash"],"picked":"Catalyst","floor":18.0},{"not_picked":["Masterful Stab","Deadly Poison"],"picked":"PiercingWail","floor":22}],"player_experience":2617599,"relics_obtained":[{"floor":5.0,"key":"War Paint"},{"floor":7.0,"key":"Tiny Chest"},{"floor":9.0,"key":"CaptainsWheel"},{"floor":11.0,"key":"Art of War"},{"floor":21.0,"key":"The Courier"}],"event_choices":[{"damage_healed":0.0,"max_hp_gain":0.0,"max_hp_loss":0.0,"gold_gain":0.0,"event_name":"The Woman in Blue","player_choice":"Bought 1 Potion","floor":3.0,"gold_loss":0.0,"damage_taken":0.0},{"damage_healed":0.0,"max_hp_gain":0.0,"max_hp_loss":0.0,"gold_gain":150.0,"event_name":"Liars Game","player_choice":"AGREE","floor":12.0,"gold_loss":0.0,"damage_taken":0.0,"cards_obtained":["Doubt"]},{"damage_healed":0.0,"max_hp_gain":5.0,"max_hp_loss":0.0,"gold_gain":0.0,"event_name":"Forgotten Altar","player_choice":"Shed Blood","floor":19.0,"gold_loss":0.0,"damage_taken":26.0},{"damage_healed":0.0,"max_hp_gain":0.0,"max_hp_loss":39.0,"gold_gain":0.0,"event_name":"Ghosts","player_choice":"Became a Ghost","floor":20.0,"gold_loss":0.0,"damage_taken":0.0,"cards_obtained":["Ghostly","Ghostly","Ghostly"]}],"is_beta":false,"boss_relics":[{"not_picked":["Runic Dome","Ectoplasm"],"picked":"Sozu"}],"items_purged_floors":[14],"is_endless":false,"potions_floor_spawned":[1,4,11,18],"killed_by":"Gremlin Leader","ascension_level":20}}