{"host":"sdl5b0uiznq00owb","time":1608757323,"event":{"mods":["BaseMod","Minty Spire (QoL Compilation)","Permanent Neow","Relic Stats"],"gold_per_floor":[166,177,192,192,39,68,68,68,68,85,110,124,143,176,176,273,273,287,287,287,287,333,345,376,376,401,463,476,98,133,149,149,244,244,262,310,129,174,222,222,283,283,336,354,354,403,151,213,213,213,213,213,15,44,44],"floor_reached":56,"playtime":6874,"items_purged":["Strike_P","Defend_P"],"score":1602,"play_id":"e732708c-d68a-442d-8141-64ee744c1315","local_time":"20201223150203","is_ascension_mode":true,"campfire_choices":[{"data":"TalkToTheHand","floor":8.0,"key":"SMITH"},{"data":"Meditate","floor":15.0,"key":"SMITH"},{"data":"Adaptation","floor":25.0,"key":"SMITH"},{"floor":32.0,"key":"REST"},{"data":"MentalFortress","floor":40.0,"key":"SMITH"},{"floor":45,"key":"RECALL"},{"data":"MentalFortress","floor":49,"key":"SMITH"},{"data":"DevaForm","floor":52,"key":"SMITH"}],"circlet_count":0,"master_deck":["Defend_P","Eruption+1","Vigilance+1","FlurryOfBlows","Tantrum","Meditate+1","TalkToTheHand+1","WaveOfTheHand+1","Consecrate","ReachHeaven+1","EmptyFist+1","SashWhip+1","Ragnarok+1","Vault+1","Evaluate+1","Wish+1","EmptyBody","Protect+1","Adaptation+1","MentalFortress+1","DevaForm+1","ClearTheMind+1","Crescendo+1","CutThroughFate+1","MentalFortress+1","ThirdEye+1","MentalFortress+1"],"relics":["Tiny House","Orrery","Molten Egg 2","Boot","Kunai","HornCleat","Astrolabe","MutagenicStrength","Toxic Egg 2","Lantern","Orichalcum","Akabeko","Nunchaku","War Paint","Bag of Preparation","Shovel","Empty Cage","Membership Card","Smiling Mask","Medical Kit","Bag of Marbles","TungstenRod","Mummified Hand","DollysMirror","Blood Vial"],"acts_visited":["Exordium","TheCity","TheBeyond","TheEnding"],"potions_floor_usage":[55,55,55],"damage_taken":[{"damage":0.0,"enemies":"Small Slimes","floor":1.0,"turns":3.0},{"damage":0.0,"enemies":"Cultist","floor":2.0,"turns":2.0},{"damage":4.0,"enemies":"Jaw Worm","floor":3.0,"turns":3.0},{"damage":2.0,"enemies":"3 Sentries","floor":6.0,"turns":3.0},{"damage":0.0,"enemies":"Looter","floor":10.0,"turns":1.0},{"damage":0.0,"enemies":"Lagavulin","floor":11.0,"turns":4.0},{"damage":1.0,"enemies":"Red Slaver","floor":12.0,"turns":2.0},{"damage":4.0,"enemies":"Gremlin Gang","floor":13.0,"turns":4.0},{"damage":10.0,"enemies":"3 Sentries","floor":14.0,"turns":4.0},{"damage":10.0,"enemies":"Hexaghost","floor":16.0,"turns":3.0},{"damage":2.0,"enemies":"3 Byrds","floor":18.0,"turns":6.0},{"damage":2.0,"enemies":"Chosen","floor":22.0,"turns":3.0},{"damage":0.0,"enemies":"Centurion and Healer","floor":23.0,"turns":5.0},{"damage":0.0,"enemies":"Slavers","floor":24.0,"turns":5.0},{"damage":30.0,"enemies":"Gremlin Leader","floor":27.0,"turns":7.0},{"damage":0.0,"enemies":"Snake Plant","floor":28.0,"turns":1.0},{"damage":7.0,"enemies":"Slavers","floor":30.0,"turns":4.0},{"damage":0.0,"enemies":"Shelled Parasite and Fungi","floor":31.0,"turns":3.0},{"damage":26.0,"enemies":"Collector","floor":33.0,"turns":10.0},{"damage":13.0,"enemies":"3 Darklings","floor":35.0,"turns":4.0},{"damage":0.0,"enemies":"3 Shapes","floor":36.0,"turns":5.0},{"damage":0.0,"enemies":"Transient","floor":38.0,"turns":5.0},{"damage":4.0,"enemies":"Maw","floor":39.0,"turns":7.0},{"damage":6.0,"enemies":"Giant Head","floor":41.0,"turns":6.0},{"damage":0,"enemies":"3 Darklings","floor":44,"turns":3},{"damage":0,"enemies":"4 Shapes","floor":46,"turns":7},{"damage":0,"enemies":"Reptomancer","floor":48,"turns":5},{"damage":23,"enemies":"Awakened One","floor":50,"turns":7},{"damage":0,"enemies":"Shield and Spear","floor":54,"turns":6},{"damage":73,"enemies":"The Heart","floor":55,"turns":9}],"seed_played":"8790169797830690289","potions_obtained":[{"floor":0.0,"key":"SteroidPotion"},{"floor":3.0,"key":"Fire Potion"},{"floor":10.0,"key":"Strength Potion"},{"floor":11.0,"key":"PowerPotion"},{"floor":12.0,"key":"EssenceOfSteel"},{"floor":14.0,"key":"FearPotion"},{"floor":16.0,"key":"Explosive Potion"},{"floor":18.0,"key":"Swift Potion"},{"floor":22.0,"key":"Swift Potion"},{"floor":28.0,"key":"EssenceOfSteel"},{"floor":36.0,"key":"EssenceOfSteel"},{"floor":39.0,"key":"LiquidMemories"},{"floor":44,"key":"Regen Potion"}],"is_trial":false,"path_per_floor":["M","M","M","?","$","E","$","R","T","M","E","M","M","E","R","B",null,"M","?","T","?","M","M","E","R","T","E","M","$","E","M","R","B",null,"M","M","$","M","M","R","E","?","T","M","R","M","$","E","R","B",null,"R","$","E","B",null],"character_chosen":"WATCHER","items_purchased":["Orrery","War Paint","Bag of Preparation","Membership Card","Block Potion","MentalFortress","Medical Kit","Bag of Marbles","ThirdEye+1","Mummified Hand","DollysMirror"],"campfire_rested":1,"item_purchase_floors":[5,29,29,37,37,47,47,47,47,53,53],"current_hp_per_floor":[77,77,73,73,73,71,71,71,71,71,71,70,66,56,56,46,77,75,75,75,75,73,73,73,73,73,43,43,43,36,36,59,33,77,64,64,64,64,60,60,54,54,54,54,54,54,54,54,54,31,77,77,77,77,19],"gold":44,"neow_bonus":"BOSS_RELIC","is_daily":false,"chose_seed":false,"campfire_upgraded":6,"win_rate":0.0,"timestamp":1608757323,"path_taken":["M","M","M","?","$","E","?","R","T","M","E","M","M","E","R","BOSS","M","?","?","?","?","M","E","R","T","E","M","$","E","M","R","BOSS","M","M","$","?","M","R","E","?","T","M","R","M","$","E","R","BOSS","R","$","E","BOSS"],"items_purchased_type":["Relic","Relic","Relic","Relic","Potion","Card","Relic","Relic","Card","Relic","Relic"],"build_version":"2020-12-22","purchased_purges":2,"victory":true,"max_hp_per_floor":[77,77,77,77,77,77,77,77,77,77,77,77,77,77,77,77,77,77,77,77,77,77,77,77,77,77,77,77,77,77,77,77,77,77,77,77,77,77,77,77,77,77,77,77,77,77,77,77,77,77,77,77,77,77,77],"relic_stats":{"counters":[30,137],"Astrolabe":["Vault","Evaluate","Wish"],"Bag of Preparation":[28],"Orichalcum":[72],"War Paint":["WaveOfTheHand","Vigilance"],"Boot":[167],"Smiling Mask":0,"Medical Kit":[4],"Blood Vial":0,"Nunchaku":[21],"Shovel":0,"Mummified Hand":[13],"Kunai":[68],"obtain_stats":[{"Lantern":21,"Tiny House":0,"Bag of Preparation":29,"Boot":9,"Empty Cage":34,"Smiling Mask":41,"Blood Vial":54,"Nunchaku":27,"HornCleat":14,"Shovel":30,"Mummified Hand":53,"DollysMirror":53,"Kunai":11,"Toxic Egg 2":20,"Astrolabe":17,"Orichalcum":24,"War Paint":29,"Medical Kit":47,"Akabeko":26,"MutagenicStrength":19,"Orrery":5,"Molten Egg 2":6,"Bag of Marbles":47,"Membership Card":37,"PureWater":0,"TungstenRod":48},{"Lantern":11,"Tiny House":0,"Bag of Preparation":16,"Boot":4,"Empty Cage":19,"Smiling Mask":24,"Blood Vial":29,"Nunchaku":15,"HornCleat":9,"Shovel":17,"Mummified Hand":28,"DollysMirror":28,"Kunai":6,"Toxic Egg 2":11,"Astrolabe":10,"Orichalcum":14,"War Paint":16,"Medical Kit":26,"Akabeko":14,"MutagenicStrength":11,"Orrery":3,"Molten Egg 2":4,"Bag of Marbles":26,"Membership Card":21,"PureWater":0,"TungstenRod":27},{"Lantern":35,"Tiny House":0,"Bag of Preparation":56,"Boot":11,"Empty Cage":73,"Smiling Mask":100,"Blood Vial":128,"Nunchaku":55,"HornCleat":26,"Shovel":60,"Mummified Hand":122,"DollysMirror":122,"Kunai":16,"Toxic Egg 2":35,"Astrolabe":29,"Orichalcum":48,"War Paint":56,"Medical Kit":110,"Akabeko":48,"MutagenicStrength":35,"Orrery":8,"Molten Egg 2":11,"Bag of Marbles":110,"Membership Card":82,"PureWater":0,"TungstenRod":115}],"TungstenRod":18},"card_choices":[{"not_picked":["CrushJoints","CarveReality"],"picked":"ReachHeaven","floor":0.0},{"not_picked":["SignatureMove","Prostrate","FollowUp"],"picked":"SKIP","floor":1.0},{"not_picked":["CarveReality","Swivel"],"picked":"FlurryOfBlows","floor":2.0},{"not_picked":["SignatureMove","PathToVictory","Weave"],"picked":"SKIP","floor":3.0},{"not_picked":["SandsOfTime","Halt"],"picked":"Tantrum","floor":5.0},{"not_picked":["Nirvana","FlyingSleeves"],"picked":"Meditate","floor":5.0},{"not_picked":["WheelKick","FlurryOfBlows"],"picked":"TalkToTheHand","floor":5.0},{"not_picked":["Collect","Prostrate"],"picked":"WaveOfTheHand","floor":5.0},{"not_picked":["FollowUp","Blasphemy"],"picked":"Consecrate","floor":5.0},{"not_picked":["WreathOfFlame","ClearTheMind"],"picked":"ReachHeaven+1","floor":6.0},{"not_picked":["Tantrum+1","Prostrate"],"picked":"EmptyFist+1","floor":10.0},{"not_picked":["CrushJoints+1","Consecrate+1"],"picked":"SashWhip+1","floor":11.0},{"not_picked":["ClearTheMind","Evaluate","JustLucky+1"],"picked":"SKIP","floor":12.0},{"not_picked":["Collect","Consecrate+1","PathToVictory"],"picked":"SKIP","floor":13.0},{"not_picked":["FollowUp+1","PathToVictory","CrushJoints+1"],"picked":"SKIP","floor":14.0},{"not_picked":["Judgement","Brilliance+1"],"picked":"Ragnarok+1","floor":16.0},{"not_picked":["CutThroughFate+1","Meditate"],"picked":"EmptyBody","floor":18.0},{"not_picked":["WaveOfTheHand+1","EmptyFist+1"],"picked":"Protect+1","floor":22.0},{"not_picked":["Prostrate+1","ThirdEye+1"],"picked":"Adaptation","floor":23.0},{"not_picked":["BowlingBash+1","SignatureMove+1","WaveOfTheHand+1"],"picked":"SKIP","floor":24.0},{"not_picked":["Wish+1","Consecrate+1","CrushJoints+1"],"picked":"SKIP","floor":27.0},{"not_picked":["FlyingSleeves+1","CrushJoints+1"],"picked":"MentalFortress","floor":28.0},{"not_picked":["Brilliance+1","Perseverance+1","Devotion"],"picked":"SKIP","floor":30.0},{"not_picked":["PathToVictory+1","ReachHeaven+1","Worship+1"],"picked":"SKIP","floor":31.0},{"not_picked":["Wish+1","Alpha+1"],"picked":"DevaForm","floor":33.0},{"not_picked":["Prostrate+1","Weave+1","Study+1"],"picked":"SKIP","floor":35.0},{"not_picked":["Consecrate+1","Evaluate+1"],"picked":"ClearTheMind+1","floor":36.0},{"not_picked":["Evaluate+1","ForeignInfluence+1"],"picked":"Crescendo+1","floor":38.0},{"not_picked":["LikeWater+1","CrushJoints+1"],"picked":"CutThroughFate+1","floor":39.0},{"not_picked":["ConjureBlade+1","Protect+1","WindmillStrike+1"],"picked":"SKIP","floor":41.0},{"not_picked":["CrushJoints+1","FollowUp+1","BowlingBash+1"],"picked":"SKIP","floor":44},{"not_picked":["Prostrate+1","Nirvana","BowlingBash+1"],"picked":"SKIP","floor":46},{"not_picked":["InnerPeace+1","Judgement+1","FlurryOfBlows+1"],"picked":"SKIP","floor":48},{"not_picked":["EmptyFist+1","BattleHymn+1","FlyingSleeves+1"],"picked":"SKIP","floor":54}],"player_experience":670045,"relics_obtained":[{"floor":6.0,"key":"Molten Egg 2"},{"floor":9.0,"key":"Boot"},{"floor":11.0,"key":"Kunai"},{"floor":14.0,"key":"HornCleat"},{"floor":20.0,"key":"Toxic Egg 2"},{"floor":24.0,"key":"Orichalcum"},{"floor":26.0,"key":"Akabeko"},{"floor":27.0,"key":"Nunchaku"},{"floor":30.0,"key":"Shovel"},{"floor":41.0,"key":"Smiling Mask"},{"floor":48,"key":"TungstenRod"},{"floor":54,"key":"Blood Vial"}],"event_choices":[{"damage_healed":0.0,"max_hp_gain":0.0,"max_hp_loss":0.0,"gold_gain":0.0,"event_name":"Upgrade Shrine","player_choice":"Upgraded","floor":4.0,"gold_loss":0.0,"damage_taken":0.0,"cards_upgraded":["Eruption"]},{"damage_healed":0.0,"max_hp_gain":0.0,"max_hp_loss":0.0,"gold_gain":0.0,"event_name":"Drug Dealer","player_choice":"Inject Mutagens","floor":19.0,"gold_loss":0.0,"damage_taken":0.0,"relics_obtained":["MutagenicStrength"]},{"damage_healed":0.0,"max_hp_gain":0.0,"max_hp_loss":0.0,"gold_gain":0.0,"event_name":"WeMeetAgain","player_choice":"Gave Potion","floor":21.0,"gold_loss":0.0,"damage_taken":0.0,"relics_obtained":["Lantern"]},{"cards_removed":["ReachHeaven"],"damage_healed":0.0,"max_hp_gain":0.0,"max_hp_loss":0.0,"gold_gain":0.0,"event_name":"Falling","player_choice":"Removed Attack","floor":42.0,"gold_loss":0.0,"damage_taken":0.0}],"is_beta":false,"boss_relics":[{"not_picked":["Fusion Hammer","Busted Crown"],"picked":"Astrolabe"},{"not_picked":["Coffee Dripper","Snecko Eye"],"picked":"Empty Cage"}],"items_purged_floors":[29,47],"is_endless":false,"potions_floor_spawned":[3,10,11,12,14,16,18,22,28,36,39,44,54],"ascension_level":4}}