{"host":"30jsp143e4v19aze","time":1608764333,"event":{"mods":["BaseMod","Colored Map","Colored Powertips","Curses Come First","DeckTracker","Highlight Path","Minty Spire (QoL Compilation)","Quick Restart","Relic Stats","StSLib"],"gold_per_floor":[118,118,128,144,37,37,72,72,72,72,398,410,426,444,444,546,546,566,566,578,590,85,85,95,95,120,152,152,152],"floor_reached":28,"playtime":1473,"items_purged":["Strike_B"],"score":363,"play_id":"d87ecd43-abf8-46c8-a824-72be10940881","local_time":"20201223235853","is_ascension_mode":true,"campfire_choices":[{"data":"Sunder","floor":6,"key":"SMITH"},{"data":"Coolheaded","floor":8,"key":"SMITH"},{"data":"Consume","floor":15,"key":"SMITH"},{"floor":23,"key":"REST"},{"floor":25,"key":"REST"}],"circlet_count":0,"master_deck":["Strike_B+1","Strike_B+1","Defend_B","Defend_B","Defend_B","Defend_B","Zap","Dualcast+1","Barrage+1","Undo","Cold Snap","Static Discharge","Sunder+1","Coolheaded+1","All For One","Conserve Battery+1","Consume+1","Hyperbeam","Darkness","Capacitor+1"],"relics":["Cracked Core","The Courier","Whetstone","Old Coin","Nuclear Battery","War Paint","Ice Cream","Bag of Marbles","Bronze Scales"],"acts_visited":["Exordium","TheCity"],"potions_floor_usage":[7,20,21,21],"damage_taken":[{"damage":1,"enemies":"Cultist","floor":1,"turns":3},{"damage":6,"enemies":"Jaw Worm","floor":3,"turns":5},{"damage":0,"enemies":"Small Slimes","floor":4,"turns":3},{"damage":11,"enemies":"3 Sentries","floor":7,"turns":4},{"damage":9,"enemies":"Lagavulin","floor":11,"turns":9},{"damage":2,"enemies":"Blue Slaver","floor":12,"turns":3},{"damage":0,"enemies":"2 Fungi Beasts","floor":13,"turns":3},{"damage":0,"enemies":"3 Louse","floor":14,"turns":5},{"damage":38,"enemies":"Hexaghost","floor":16,"turns":9},{"damage":40,"enemies":"Spheric Guardian","floor":18,"turns":8},{"damage":3,"enemies":"Chosen","floor":20,"turns":6},{"damage":0,"enemies":"Centurion and Healer","floor":21,"turns":2},{"damage":29,"enemies":"Cultist and Chosen","floor":24,"turns":6},{"damage":26,"enemies":"Book of Stabbing","floor":27,"turns":5}],"seed_played":"3914550861555213714","potions_obtained":[{"floor":3,"key":"Weak Potion"},{"floor":4,"key":"AttackPotion"},{"floor":7,"key":"SkillPotion"},{"floor":11,"key":"Block Potion"},{"floor":16,"key":"SteroidPotion"},{"floor":21,"key":"Ancient Potion"}],"is_trial":false,"path_per_floor":["M","?","M","M","$","R","E","R","T","?","E","M","M","M","R","B",null,"M","?","M","M","$","R","M","R","T","E","?"],"character_chosen":"DEFECT","items_purchased":["Static Discharge","Sunder","War Paint","Ice Cream","EssenceOfDarkness"],"campfire_rested":2,"item_purchase_floors":[5,5,22,22,22],"current_hp_per_floor":[74,74,68,68,68,68,57,57,57,57,48,46,46,46,46,8,64,24,16,13,13,13,37,8,32,32,6,0,0],"gold":152,"neow_bonus":"TEN_PERCENT_HP_BONUS","is_daily":false,"chose_seed":false,"campfire_upgraded":3,"win_rate":0.0,"timestamp":1608764333,"path_taken":["M","?","M","M","?","R","E","R","T","?","E","M","?","M","R","BOSS","M","?","M","M","?","R","?","R","T","E","?"],"items_purchased_type":["Card","Card","Relic","Relic","Potion"],"build_version":"2020-12-22","purchased_purges":1,"victory":false,"max_hp_per_floor":[82,82,82,82,82,82,82,82,82,82,82,82,82,82,82,82,82,82,82,82,82,82,82,82,82,82,82,82,82],"relic_stats":{"counters":[14,71],"Bronze Scales":[0],"Whetstone":["Strike_B","Strike_B"],"War Paint":["Dualcast","Conserve Battery"],"obtain_stats":[{"Ice Cream":22,"Bronze Scales":27,"The Courier":7,"Bag of Marbles":26,"Whetstone":9,"War Paint":22,"Cracked Core":0,"Old Coin":11,"Nuclear Battery":17},{"Ice Cream":12,"Bronze Scales":14,"The Courier":4,"Bag of Marbles":13,"Whetstone":4,"War Paint":12,"Cracked Core":0,"Old Coin":5,"Nuclear Battery":9},{"Ice Cream":60,"Bronze Scales":71,"The Courier":15,"Bag of Marbles":66,"Whetstone":15,"War Paint":60,"Cracked Core":0,"Old Coin":24,"Nuclear Battery":44}]},"card_choices":[{"not_picked":["Lockon","Tempest"],"picked":"Barrage","floor":1},{"not_picked":["Compile Driver","Skim"],"picked":"Undo","floor":3},{"not_picked":["Undo","Rip and Tear"],"picked":"Cold Snap","floor":4},{"not_picked":["Stack","Rip and Tear"],"picked":"Coolheaded","floor":7},{"not_picked":["Turbo","Sweeping Beam"],"picked":"Conserve Battery","floor":11},{"not_picked":["Stack","White Noise","Streamline"],"picked":"SKIP","floor":12},{"not_picked":["Leap","Cold Snap","Turbo"],"picked":"SKIP","floor":13},{"not_picked":["Compile Driver","Stack"],"picked":"Consume","floor":14},{"not_picked":["Rainbow","Creative AI"],"picked":"Hyperbeam","floor":16},{"not_picked":["Go for the Eyes","Hello World","Turbo+1"],"picked":"SKIP","floor":18},{"not_picked":["Coolheaded+1","Heatsinks"],"picked":"Darkness","floor":20},{"not_picked":["Redo","Conserve Battery","Scrape"],"picked":"SKIP","floor":21},{"not_picked":["Genetic Algorithm","Force Field"],"picked":"Capacitor+1","floor":24},{"not_picked":["Cold Snap","Beam Cell","Compile Driver"],"picked":"SKIP","floor":27}],"player_experience":3121910,"relics_obtained":[{"floor":7,"key":"The Courier"},{"floor":9,"key":"Whetstone"},{"floor":11,"key":"Old Coin"},{"floor":26,"key":"Bag of Marbles"},{"floor":27,"key":"Bronze Scales"}],"event_choices":[{"damage_healed":0,"gold_gain":0,"player_choice":"Upgraded","damage_taken":0,"max_hp_gain":0,"max_hp_loss":0,"event_name":"Upgrade Shrine","floor":2,"gold_loss":0,"cards_upgraded":["Barrage"]},{"damage_healed":0,"gold_gain":0,"cards_transformed":["Strike_B"],"player_choice":"Transformed","damage_taken":0,"max_hp_gain":0,"max_hp_loss":0,"event_name":"Transmorgrifier","floor":10,"gold_loss":0,"cards_obtained":["All For One"]},{"damage_healed":0,"gold_gain":0,"player_choice":"Damaged","damage_taken":8,"max_hp_gain":0,"max_hp_loss":0,"event_name":"Wheel of Change","floor":19,"gold_loss":0}],"is_beta":false,"boss_relics":[{"not_picked":["Fusion Hammer","Cursed Key"],"picked":"Nuclear Battery"}],"items_purged_floors":[22],"is_endless":false,"potions_floor_spawned":[3,4,7,11,16,18,21],"ascension_level":9}}