{"host":"63rwe7p34ct1i0qu","time":1608698556,"event":{"mods":["BaseMod","Colored Map","DeckTracker","Minty Spire (QoL Compilation)","Permanent Neow","Quick Restart","StSLib"],"gold_per_floor":[12,12,12,12,32,32,47,57,138,138,151,76,76,76,76,180,180,198,208,188,200,200,200,200,200,277,291,307,232,78,78,78],"floor_reached":31,"playtime":1086,"items_purged":["Strike_B"],"score":440,"play_id":"ce56db9b-dfa2-4bb5-b357-6c82a7a47b60","local_time":"20201223134236","is_ascension_mode":true,"campfire_choices":[{"data":"Zap","floor":6,"key":"SMITH"},{"data":"Streamline","floor":10,"key":"SMITH"},{"data":"Hologram","floor":13,"key":"SMITH"},{"data":"Hologram","floor":15,"key":"SMITH"},{"data":"Reprogram","floor":23,"key":"SMITH"}],"circlet_count":0,"master_deck":["AscendersBane","Defend_B","Defend_B","Defend_B","Defend_B","Zap+1","Dualcast","Hologram+1","Hologram+1","Coolheaded","Streamline+1","White Noise","Reprogram+1","Sweeping Beam","Rebound","Gash","Core Surge"],"relics":["Cracked Core","Bag of Preparation","StrikeDummy","Juzu Bracelet","SlaversCollar","Question Card"],"acts_visited":["Exordium","TheCity"],"potions_floor_usage":[16,19,21,27,27],"damage_taken":[{"damage":3,"enemies":"Jaw Worm","floor":1,"turns":4},{"damage":1,"enemies":"Cultist","floor":5,"turns":3},{"damage":3,"enemies":"Small Slimes","floor":7,"turns":3},{"damage":3,"enemies":"Exordium Wildlife","floor":8,"turns":5},{"damage":12,"enemies":"Gremlin Gang","floor":11,"turns":4},{"damage":0,"enemies":"Slime Boss","floor":16,"turns":6},{"damage":6,"enemies":"Spheric Guardian","floor":18,"turns":3},{"damage":12,"enemies":"Shell Parasite","floor":19,"turns":10},{"damage":1,"enemies":"Sentry and Sphere","floor":21,"turns":3},{"damage":19,"enemies":"Snecko","floor":27,"turns":4},{"damage":46,"enemies":"Snake Plant","floor":28,"turns":6},{"damage":5,"enemies":"Cultist and Chosen","floor":31,"turns":1}],"seed_played":"3168422969769794844","potions_obtained":[{"floor":5,"key":"Weak Potion"},{"floor":8,"key":"SneckoOil"},{"floor":19,"key":"DuplicationPotion"},{"floor":20,"key":"Explosive Potion"},{"floor":21,"key":"CultistPotion"},{"floor":28,"key":"Swift Potion"}],"is_trial":false,"path_per_floor":["M","?","?","T","M","R","M","M","T","R","M","$","R","?","R","B",null,"M","M","?","M","?","R","?","?","T","M","M","?","$","M"],"character_chosen":"DEFECT","items_purchased":["Core Surge"],"campfire_rested":0,"item_purchase_floors":[30],"current_hp_per_floor":[65,65,70,70,69,69,66,63,63,63,51,51,51,44,44,44,71,65,53,53,52,52,52,78,70,70,51,5,5,5,0,0],"gold":78,"neow_bonus":"REMOVE_TWO","is_daily":false,"chose_seed":false,"campfire_upgraded":5,"win_rate":0.0,"timestamp":1608698556,"path_taken":["M","?","?","?","M","R","?","M","T","R","M","?","R","?","R","BOSS","M","M","?","M","?","R","?","?","T","M","M","?","$","M"],"items_purchased_type":["Card"],"build_version":"2020-12-22","purchased_purges":1,"victory":false,"max_hp_per_floor":[75,75,80,80,80,80,80,80,80,80,80,80,80,80,80,80,80,80,80,80,80,80,80,80,80,80,80,80,80,80,80,80],"card_choices":[{"not_picked":["Compile Driver","Sweeping Beam"],"picked":"Hologram","floor":1},{"not_picked":["FTL","Ball Lightning"],"picked":"Hologram","floor":5},{"not_picked":["Compile Driver","Sweeping Beam"],"picked":"Coolheaded","floor":7},{"not_picked":["Gash","Hologram"],"picked":"Streamline","floor":8},{"not_picked":["Reprogram","Barrage"],"picked":"White Noise","floor":11},{"not_picked":["Biased Cognition","Creative AI"],"picked":"Electrodynamics","floor":16},{"not_picked":["Melter","Blizzard"],"picked":"Reprogram","floor":18},{"not_picked":["Steam","Conserve Battery"],"picked":"Sweeping Beam","floor":19},{"not_picked":["Stack","Sweeping Beam"],"picked":"Rebound","floor":21},{"not_picked":["Melter","Conserve Battery","Genetic Algorithm"],"picked":"Gash","floor":27},{"not_picked":["Steam Power","Cold Snap","Stack","Melter"],"picked":"SKIP","floor":28}],"player_experience":806778,"relics_obtained":[{"floor":4,"key":"Bag of Preparation"},{"floor":9,"key":"StrikeDummy"},{"floor":26,"key":"Question Card"}],"event_choices":[{"cards_removed":["Strike_B"],"damage_healed":0,"gold_gain":0,"player_choice":"Forget","damage_taken":0,"max_hp_gain":0,"max_hp_loss":0,"event_name":"Living Wall","floor":2,"gold_loss":0},{"damage_healed":0,"gold_gain":0,"player_choice":"Donut","damage_taken":0,"max_hp_gain":5,"max_hp_loss":0,"event_name":"Big Fish","floor":3,"gold_loss":0},{"damage_healed":0,"gold_gain":0,"player_choice":"Success","damage_taken":7,"relics_obtained":["Juzu Bracelet"],"max_hp_gain":0,"max_hp_loss":0,"event_name":"Scrap Ooze","floor":14,"gold_loss":0},{"damage_healed":0,"gold_gain":0,"player_choice":"Bought 1 Potion","damage_taken":0,"max_hp_gain":0,"max_hp_loss":0,"event_name":"The Woman in Blue","floor":20,"gold_loss":0},{"damage_healed":0,"gold_gain":0,"player_choice":"Ignored","damage_taken":0,"max_hp_gain":0,"max_hp_loss":0,"event_name":"Ghosts","floor":22,"gold_loss":0},{"damage_healed":26,"gold_gain":0,"player_choice":"Heal","damage_taken":0,"max_hp_gain":0,"max_hp_loss":0,"event_name":"The Library","floor":24,"gold_loss":0},{"damage_healed":0,"gold_gain":0,"player_choice":"Damaged","damage_taken":8,"max_hp_gain":0,"max_hp_loss":0,"event_name":"Wheel of Change","floor":25,"gold_loss":0},{"cards_removed":["Electrodynamics"],"damage_healed":0,"gold_gain":0,"player_choice":"Gave Gold","damage_taken":0,"max_hp_gain":0,"max_hp_loss":0,"event_name":"Beggar","floor":29,"gold_loss":75}],"is_beta":false,"boss_relics":[{"not_picked":["Ectoplasm","SacredBark"],"picked":"SlaversCollar"}],"items_purged_floors":[12],"is_endless":false,"potions_floor_spawned":[5,8,19,21,28],"killed_by":"Cultist and Chosen","ascension_level":12}}