{"host":"373g0ui1bgeshz9m","time":1608757712,"event":{"mods":["Act Like it!","Aspiration","BaseMod","Beaked The Cultist","Better Third Choice","Colored Map","Conspire","Downfall","Halation","Hermit","Hubris","Infinite Spire","Jorbs\u0027s Wanderer Trilogy","Minty Spire (QoL Compilation)","Pale of the Ancients","Permanent Neow","Quick Restart","Replay The Spire","Shade Mod","Shop Mod","Spikes Relics","StSLib","The Animator","The Bladedancer","The Bug Knight","The Construct","The Cursed","The Factory","The Florist","The Judge","The Jungle","The Necromancer","The Sage","The Wild Card","Trackpad","vexMod"],"gold_per_floor":[110,121,121,141,141,141,156,189,189,214,214,234,234,267,267,366,366,378,378,378,393,393,393,393,393,393,393,393,319,319,329,329,349,349,444,444,459,459,164,164,278,311,286,286,286,300,310,342,342,342,342,342,342,356,456,216,216,233,233,82,82,82,82],"floor_reached":62,"playtime":2938,"items_purged":[],"score":838,"play_id":"77fcdf49-e927-4a71-beb9-0bfeb25cbe7d","local_time":"20201223160832","is_ascension_mode":true,"campfire_choices":[{"data":"Vampiric_Strike","floor":6.0,"key":"SMITH"},{"data":"Summon_Undead","floor":15.0,"key":"SMITH"},{"floor":27,"key":"REST"},{"data":"Siphon_Strength","floor":30,"key":"SMITH"},{"data":"hubris:Fate","floor":34,"key":"SMITH"},{"data":"Grasp_Heart","floor":44,"key":"SMITH"},{"data":"hubris:Fate","floor":51,"key":"SMITH"},{"data":"Slay_Living","floor":57,"key":"SMITH"},{"floor":59,"key":"REST"}],"circlet_count":0,"master_deck":["Strike_W","Strike_W","Strike_W","Defend_W","Defend_W","Defend_W","Defend_W","Negative_Energy_Arrows","Bone_Wall","Spectral_Armor","Blood_Curse","Vampiric_Strike+1","Necrotic_Claws","Slay_Living+1","Acid_Javelin","Summon_Undead+1","Negative_Energy_Javelin","Spectral_Armor","Siphon_Strength+1","Necronomicurse","Plague_Bolt","hubris:Fate+1","Grasp_Heart+1","hubris:Fate+1","hubris:Fate+1","Siphon_Strength+1","Siphon_Strength+1"],"relics":["Vampire_Amulet","aspiration:Nostalgia","infinitespire:DarkRift","Juzu Bracelet","TungstenRod","trackpad:SappingStone","hubris:ToyBattleship","MutagenicStrength","Necronomicon","aspiration:VileToxins","construct:ClawGrip","DollysMirror","trackpad:IceCube","hubris:Icosahedron","Vajra","halation:TwoAmDonut","PreservedInsect","halation:EternalFortune","paleoftheancients:Timepiece","Bronze Scales","CultistMask","Onion Ring","paleoftheancients:SoulOfTheVixen","hubris:EmptyBottle"],"acts_visited":["Exordium","TheCity","TheBeyond","paleoftheancients:PaleOfTheAncients"],"potions_floor_usage":[53,62,62],"damage_taken":[{"damage":0.0,"enemies":"Cultist","floor":1.0,"turns":2.0},{"damage":7.0,"enemies":"Small Slimes","floor":2.0,"turns":4.0},{"damage":0.0,"enemies":"2 Louse","floor":4.0,"turns":2.0},{"damage":2.0,"enemies":"2 Fungi Beasts","floor":7.0,"turns":5.0},{"damage":13.0,"enemies":"Gremlin Nob","floor":8.0,"turns":4.0},{"damage":18.0,"enemies":"Lagavulin","floor":10.0,"turns":8.0},{"damage":0.0,"enemies":"Blue Slaver","floor":12.0,"turns":3.0},{"damage":16.0,"enemies":"3 Sentries","floor":14.0,"turns":9.0},{"damage":20.0,"enemies":"Hexaghost","floor":16.0,"turns":7.0},{"damage":18.0,"enemies":"conspire:FuzzyDice","floor":18.0,"turns":5.0},{"damage":7.0,"enemies":"Shell Parasite","floor":21.0,"turns":7.0},{"damage":0,"enemies":"Centurion and Healer","floor":31,"turns":4},{"damage":1,"enemies":"Snake Plant","floor":33,"turns":3},{"damage":8,"enemies":"conspire:MysteriousRune","floor":35,"turns":8},{"damage":19,"enemies":"3 Darklings","floor":37,"turns":7},{"damage":0,"enemies":"3 Shapes","floor":41,"turns":3},{"damage":0,"enemies":"Reptomancer","floor":42,"turns":1},{"damage":9,"enemies":"Spire Growth","floor":46,"turns":2},{"damage":0,"enemies":"Transient","floor":47,"turns":5},{"damage":9,"enemies":"Nemesis","floor":48,"turns":3},{"damage":0,"enemies":"Replay:Hell Engine","floor":52,"turns":1},{"damage":125,"enemies":"Replay:Hell Engine","floor":53,"turns":10},{"damage":0,"enemies":"Replay:Hell Engine","floor":54,"turns":3},{"damage":35,"enemies":"Replay:Hell Engine","floor":58,"turns":7},{"damage":110,"enemies":"paleoftheancients:N","floor":62,"turns":13}],"seed_played":"-2238476557100497635","potions_obtained":[{"floor":1.0,"key":"Strength Potion"},{"floor":2.0,"key":"PowerPotion"},{"floor":7.0,"key":"SteroidPotion"},{"floor":11.0,"key":"FairyPotion"},{"floor":58,"key":"Block Potion"}],"is_trial":false,"path_per_floor":["M","M","?","M","?","R","M","E","T","E","?","M","?","E","R","B",null,"M","?","?","M","?","?","PTL","PTL","?","R","T","$","R","M","AVR","M","R","B",null,"M","?","$","?","M","E","?","R","T","M","M","E","AVR","?","R","B","M","M","?","$","R","M","R","$","?","B"],"character_chosen":"NECROMANCER","items_purchased":["Plague_Bolt","DollysMirror","trackpad:IceCube","Onion Ring","hubris:EmptyBottle"],"campfire_rested":2,"item_purchase_floors":[29,39,39,56,60],"current_hp_per_floor":[75,72,75,75,68,68,73,65,65,53,53,55,55,48,48,37,75,64,64,64,62,62,50,50,50,50,72,72,72,72,75,75,75,75,75,75,74,75,75,75,75,75,75,75,75,68,75,66,66,69,69,78,78,78,78,78,78,65,78,78,78,0,0],"gold":82,"neow_bonus":"NOSTALGIA","is_daily":false,"chose_seed":false,"campfire_upgraded":7,"win_rate":0.0,"timestamp":1608757712,"path_taken":["M","M","?","?","?","R","M","E","T","E","?","M","?","E","R","BOSS","M","?","?","M","?","?","PTL","PTL","?","R","T","$","R","M","AVR","M","R","BOSS","M","?","$","?","M","E","?","R","T","M","M","E","AVR","?","R","BOSS","M","M","?","$","R","M","R","$","?","BOSS"],"items_purchased_type":["Card","Relic","Relic","Relic","Relic"],"build_version":"2020-12-22","purchased_purges":0,"victory":false,"max_hp_per_floor":[75,75,75,75,75,75,75,75,75,75,75,75,75,75,75,75,75,75,75,75,75,75,75,75,75,75,75,75,75,75,75,75,75,75,75,75,75,75,75,75,75,75,75,75,75,75,75,75,75,78,78,78,78,78,78,78,78,78,78,78,78,78,78],"card_choices":[{"not_picked":["Exploit","Bone_Shift"],"picked":"Spectral_Armor","floor":1.0},{"not_picked":["Negative_Energy_Mist","Flesh_Made_Foul"],"picked":"Blood_Curse","floor":2.0},{"not_picked":["Corrupt","Acid_Javelin"],"picked":"Vampiric_Strike","floor":4.0},{"not_picked":["Death_Coil","Death_Knell"],"picked":"Necrotic_Claws","floor":7.0},{"not_picked":["Epidemic","Shackles_Of_Pain"],"picked":"Slay_Living","floor":8.0},{"not_picked":["Whirlwind_of_Bones","Slay_Living"],"picked":"Acid_Javelin","floor":10.0},{"not_picked":["Bone_Shift","Consume_Illness"],"picked":"Summon_Undead","floor":12.0},{"not_picked":["Summon_Lich","Bone_Spikes"],"picked":"Negative_Energy_Javelin","floor":14.0},{"not_picked":["Necromantic_Selection","Chill_Blood+1"],"picked":"Spectral_Armor","floor":18.0},{"not_picked":["Summon_Undead_Army+1","Chill_Blood"],"picked":"Siphon_Strength","floor":21.0},{"not_picked":["Finger_Of_Death+1","Bones_to_Steel","Spectral_Walk"],"picked":"SKIP","floor":31},{"not_picked":["Scare","Plague_Bolt","Slay_Living"],"picked":"SKIP","floor":33},{"not_picked":["Summon_Vampire_Lady","Detonate_Bones"],"picked":"Grasp_Heart","floor":35},{"not_picked":["Shackles_Of_Pain","Life_Tap+1","Scare+1"],"picked":"SKIP","floor":37},{"not_picked":["Death_March_Dance","Plague_Bolt","Vampiric_Strike+1"],"picked":"SKIP","floor":41},{"not_picked":["Negative_Energy_Shield","Bone_Shift","Negative_Energy_Javelin"],"picked":"SKIP","floor":42},{"not_picked":["Toxic_Smoke_Screen+1","Consume_Illness+1","Negative_Energy_Javelin+1"],"picked":"SKIP","floor":46},{"not_picked":["Whirlwind_of_Bones","Bone_Spikes","Bone_Bullets"],"picked":"SKIP","floor":47},{"not_picked":["Chill_Blood","Negative_Energy_Javelin+1","Blood_Wake"],"picked":"SKIP","floor":48},{"not_picked":["Bones_to_Steel+1","Negative_Energy_Mist+1"],"picked":"Siphon_Strength+1","floor":54},{"not_picked":["Bone_Armory+1","Strike_from_Beyond+1"],"picked":"Siphon_Strength+1","floor":58}],"player_experience":325857,"relics_obtained":[{"floor":8.0,"key":"Juzu Bracelet"},{"floor":9.0,"key":"TungstenRod"},{"floor":10.0,"key":"trackpad:SappingStone"},{"floor":14.0,"key":"hubris:ToyBattleship"},{"floor":23,"key":"Necronomicon"},{"floor":28,"key":"aspiration:VileToxins"},{"floor":42,"key":"Vajra"},{"floor":45,"key":"halation:TwoAmDonut"},{"floor":48,"key":"PreservedInsect"},{"floor":58,"key":"paleoftheancients:SoulOfTheVixen"}],"event_choices":[{"damage_healed":3.0,"max_hp_gain":0.0,"max_hp_loss":0.0,"gold_gain":0.0,"event_name":"Wheel of Change","player_choice":"Full Heal","floor":3.0,"gold_loss":0.0,"damage_taken":0.0},{"cards_removed":["Strike_W"],"damage_healed":0.0,"max_hp_gain":0.0,"max_hp_loss":0.0,"gold_gain":0.0,"event_name":"Golden Wing","player_choice":"Card Removal","floor":5.0,"gold_loss":0.0,"damage_taken":7.0},{"damage_healed":0.0,"max_hp_gain":0.0,"max_hp_loss":0.0,"gold_gain":0.0,"event_name":"Lab","player_choice":"Got Potions","floor":11.0,"gold_loss":0.0,"damage_taken":0.0},{"damage_healed":0.0,"max_hp_gain":0.0,"max_hp_loss":0.0,"gold_gain":0.0,"event_name":"The Woman in Blue","player_choice":"Bought 0 Potions","floor":13.0,"gold_loss":0.0,"damage_taken":0.0},{"damage_healed":0.0,"max_hp_gain":0.0,"max_hp_loss":0.0,"gold_gain":0.0,"event_name":"N\u0027loth","player_choice":"Ignored","floor":19.0,"gold_loss":0.0,"damage_taken":0.0},{"damage_healed":0.0,"max_hp_gain":0.0,"max_hp_loss":0.0,"gold_gain":0.0,"event_name":"Drug Dealer","player_choice":"Inject Mutagens","floor":20.0,"gold_loss":0.0,"damage_taken":0.0,"relics_obtained":["MutagenicStrength"]},{"damage_healed":0,"gold_gain":0,"player_choice":"Obtained Book","damage_taken":16,"max_hp_gain":0,"max_hp_loss":0,"event_name":"Cursed Tome","floor":23,"gold_loss":0},{"damage_healed":0,"gold_gain":100,"player_choice":"Pray","damage_taken":0,"max_hp_gain":0,"max_hp_loss":0,"event_name":"Golden Shrine","floor":55,"gold_loss":0}],"is_beta":false,"boss_relics":[{"not_picked":["Replay:Drink Me","aspiration:PoetsPen_weak","Replay:Fungal Core"]},{"not_picked":["Ring of Chaos","Runic Pyramid"],"picked":"construct:ClawGrip"}],"items_purged_floors":[],"is_endless":false,"potions_floor_spawned":[1,2,7,10,12,18,31,33,37,46,48,58],"killed_by":"paleoftheancients:N","ascension_level":2}}