{"host":"fxrgx7wt2cpkbhka","time":1608699148,"event":{"mods":["AchievementEnabler","BaseMod","Colored Powertips","Minty Spire (QoL Compilation)","Permanent Neow","Slay-I","StSLib","Waifu the Spire"],"gold_per_floor":[119,119,119,119,135,135,166,166,166,166,185,197,222,232,232,327,327,340,354,100,120,120,155,155,173,173,173,185,110,110,128,128,226,226,238,290,210,223,223,223,223,223,223,223,233,244,262,262,262,262,262],"floor_reached":50,"playtime":2131,"items_purged":[],"score":662,"play_id":"f712d355-0584-4dd3-ad9d-399564cead5d","local_time":"20201222205228","is_ascension_mode":true,"campfire_choices":[{"data":"Neutralize","floor":6,"key":"SMITH"},{"floor":10,"key":"REST"},{"data":"Caltrops","floor":15,"key":"SMITH"},{"data":"After Image","floor":24,"key":"SMITH"},{"data":"Apotheosis","floor":27,"key":"SMITH"},{"data":"Noxious Fumes","floor":32,"key":"SMITH"},{"floor":40,"key":"RECALL"},{"data":"After Image","floor":42,"key":"SMITH"},{"data":"Caltrops","floor":44,"key":"SMITH"},{"floor":49,"key":"REST"}],"circlet_count":0,"master_deck":["Strike_G","Strike_G+1","Strike_G","Strike_G+1","Defend_G","Defend_G","Defend_G","Defend_G","Defend_G","Survivor","Neutralize+1","Caltrops+1","Deadly Poison","Caltrops+1","PiercingWail","Unload","After Image+1","Deflect","Noxious Fumes+1","Apotheosis+1","PiercingWail","After Image+1","CurseOfTheBell","Infinite Blades+1","Caltrops+1","Prepared+1","Caltrops+1","Blind+1","Madness+1","Madness+1","Unload","Deflect+1","Caltrops+1"],"relics":["Ring of the Snake","Bird Faced Urn","Mummified Hand","Meat on the Bone","Letter Opener","Busted Crown","Enchiridion","Mercury Hourglass","MutagenicStrength","Calling Bell","Regal Pillow","Toxic Egg 2","Prayer Wheel","TungstenRod","Bag of Marbles"],"acts_visited":["Exordium","TheCity","TheBeyond"],"potions_floor_usage":[19,28,33,36,36,50,50],"damage_taken":[{"damage":1,"enemies":"Small Slimes","floor":1,"turns":4},{"damage":1,"enemies":"2 Louse","floor":5,"turns":2},{"damage":41,"enemies":"Lagavulin","floor":7,"turns":8},{"damage":0,"enemies":"Cultist","floor":11,"turns":3},{"damage":1,"enemies":"Large Slime","floor":12,"turns":7},{"damage":17,"enemies":"3 Sentries","floor":13,"turns":8},{"damage":0,"enemies":"Looter","floor":14,"turns":3},{"damage":17,"enemies":"Hexaghost","floor":16,"turns":8},{"damage":30,"enemies":"Chosen","floor":18,"turns":5},{"damage":18,"enemies":"2 Thieves","floor":19,"turns":4},{"damage":4,"enemies":"Centurion and Healer","floor":21,"turns":7},{"damage":3,"enemies":"Slavers","floor":23,"turns":4},{"damage":1,"enemies":"Snake Plant","floor":25,"turns":3},{"damage":1,"enemies":"Cultist and Chosen","floor":28,"turns":5},{"damage":0,"enemies":"Shelled Parasite and Fungi","floor":31,"turns":4},{"damage":34,"enemies":"Champ","floor":33,"turns":11},{"damage":0,"enemies":"Orb Walker","floor":35,"turns":3},{"damage":13,"enemies":"2 Orb Walkers","floor":36,"turns":6},{"damage":20,"enemies":"3 Darklings","floor":38,"turns":4},{"damage":9,"enemies":"4 Shapes","floor":45,"turns":6},{"damage":17,"enemies":"Sphere and 2 Shapes","floor":46,"turns":5},{"damage":7,"enemies":"Maw","floor":47,"turns":7},{"damage":86,"enemies":"Awakened One","floor":50,"turns":6}],"seed_played":"-3511784643685602115","potions_obtained":[{"floor":5,"key":"SpeedPotion"},{"floor":13,"key":"Regen Potion"},{"floor":18,"key":"Block Potion"},{"floor":19,"key":"Poison Potion"},{"floor":33,"key":"Block Potion"},{"floor":36,"key":"Poison Potion"},{"floor":46,"key":"EssenceOfSteel"}],"is_trial":false,"path_per_floor":["M","?","?","?","M","R","E","?","T","R","M","M","E","M","R","B",null,"M","M","$","M","?","E","R","M","T","R","M","?","?","M","R","B",null,"M","?","$","M","?","R","?","R","T","R","M","M","M","?","R","B"],"character_chosen":"THE_SILENT","items_purchased":["Noxious Fumes","Apotheosis","Caltrops"],"campfire_rested":2,"item_purchase_floors":[20,20,37],"current_hp_per_floor":[62,67,67,52,53,53,14,14,14,36,38,39,38,42,42,41,67,43,43,43,47,31,38,38,45,45,45,54,54,54,64,64,40,66,75,62,62,58,58,58,50,50,50,50,57,54,65,65,75,0,0],"gold":262,"neow_bonus":"ONE_RARE_RELIC","is_daily":false,"chose_seed":false,"campfire_upgraded":7,"win_rate":0.0,"timestamp":1608699148,"path_taken":["M","?","?","?","M","R","E","?","T","R","M","?","E","M","R","BOSS","M","M","$","M","?","E","R","M","T","R","M","?","?","?","R","BOSS","M","?","$","M","?","R","?","R","T","R","M","M","M","?","R","BOSS"],"items_purchased_type":["Card","Card","Card"],"build_version":"2020-12-13","purchased_purges":0,"victory":false,"max_hp_per_floor":[70,75,75,75,75,75,75,75,75,75,75,75,75,75,75,75,75,75,75,75,75,75,75,75,75,75,75,75,75,75,75,75,75,75,75,75,75,75,75,75,75,75,75,75,75,75,75,75,75,75,75],"card_choices":[{"not_picked":["Deflect","PiercingWail"],"picked":"Caltrops","floor":1},{"not_picked":["Predator","Dagger Spray","Acrobatics"],"picked":"SKIP","floor":5},{"not_picked":["Quick Slash","Dagger Spray"],"picked":"Deadly Poison","floor":7},{"not_picked":["Dagger Spray","Prepared","Dagger Throw"],"picked":"SKIP","floor":11},{"not_picked":["Dodge and Roll","Underhanded Strike"],"picked":"Caltrops","floor":12},{"not_picked":["Bouncing Flask","Poisoned Stab"],"picked":"PiercingWail","floor":13},{"not_picked":["Endless Agony","Deflect"],"picked":"Unload","floor":14},{"not_picked":["Wraith Form v2","Bullet Time"],"picked":"After Image","floor":16},{"not_picked":[],"picked":"Deflect","floor":18},{"not_picked":["Predator+1"],"picked":"SKIP","floor":19},{"not_picked":["Dagger Throw+1"],"picked":"SKIP","floor":21},{"not_picked":["Accuracy"],"picked":"SKIP","floor":23},{"not_picked":["Masterful Stab"],"picked":"SKIP","floor":25},{"not_picked":[],"picked":"PiercingWail","floor":28},{"not_picked":["Deflect"],"picked":"SKIP","floor":31},{"not_picked":[],"picked":"After Image","floor":33},{"not_picked":["PiercingWail+1"],"picked":"SKIP","floor":35},{"not_picked":["Slice"],"picked":"SKIP","floor":35},{"not_picked":[],"picked":"Infinite Blades+1","floor":36},{"not_picked":[],"picked":"Prepared+1","floor":38},{"not_picked":[],"picked":"Caltrops+1","floor":38},{"not_picked":[],"picked":"Blind+1","floor":39},{"not_picked":["Predator"],"picked":"SKIP","floor":45},{"not_picked":["Eviscerate"],"picked":"SKIP","floor":45},{"not_picked":[],"picked":"Unload","floor":46},{"not_picked":[],"picked":"Deflect+1","floor":46},{"not_picked":[],"picked":"Caltrops+1","floor":47},{"not_picked":["Underhanded Strike"],"picked":"SKIP","floor":47}],"player_experience":670487,"relics_obtained":[{"floor":7,"key":"Mummified Hand"},{"floor":9,"key":"Meat on the Bone"},{"floor":13,"key":"Letter Opener"},{"floor":22,"key":"Enchiridion"},{"floor":23,"key":"Mercury Hourglass"},{"floor":34,"key":"Regal Pillow"},{"floor":34,"key":"Toxic Egg 2"},{"floor":34,"key":"Prayer Wheel"},{"floor":36,"key":"TungstenRod"},{"floor":43,"key":"Bag of Marbles"}],"event_choices":[{"damage_healed":0,"gold_gain":0,"player_choice":"Donut","damage_taken":0,"max_hp_gain":5,"max_hp_loss":0,"event_name":"Big Fish","floor":2,"gold_loss":0},{"damage_healed":0,"gold_gain":0,"player_choice":"Grow","damage_taken":0,"max_hp_gain":0,"max_hp_loss":0,"event_name":"Living Wall","floor":3,"gold_loss":0,"cards_upgraded":["Caltrops"]},{"damage_healed":0,"gold_gain":0,"player_choice":"Entered Light","damage_taken":15,"max_hp_gain":0,"max_hp_loss":0,"event_name":"Shining Light","floor":4,"gold_loss":0,"cards_upgraded":["Strike_G","Strike_G"]},{"cards_removed":["Shame"],"damage_healed":0,"gold_gain":0,"player_choice":"Purged","damage_taken":0,"max_hp_gain":0,"max_hp_loss":0,"event_name":"Purifier","floor":8,"gold_loss":0},{"damage_healed":0,"gold_gain":0,"player_choice":"Obtained Book","damage_taken":16,"max_hp_gain":0,"max_hp_loss":0,"event_name":"Cursed Tome","floor":22,"gold_loss":0},{"cards_removed":["Strike_G"],"damage_healed":0,"gold_gain":0,"player_choice":"Gave Gold","damage_taken":0,"max_hp_gain":0,"max_hp_loss":0,"event_name":"Beggar","floor":29,"gold_loss":75},{"damage_healed":0,"gold_gain":0,"player_choice":"Inject Mutagens","damage_taken":0,"relics_obtained":["MutagenicStrength"],"max_hp_gain":0,"max_hp_loss":0,"event_name":"Drug Dealer","floor":30,"gold_loss":0},{"damage_healed":0,"gold_gain":0,"player_choice":"Fight","damage_taken":0,"max_hp_gain":0,"max_hp_loss":0,"event_name":"Mysterious Sphere","floor":36,"gold_loss":0},{"damage_healed":0,"gold_gain":0,"player_choice":"Memory 1","damage_taken":0,"max_hp_gain":0,"max_hp_loss":0,"event_name":"SensoryStone","floor":39,"gold_loss":0},{"damage_healed":0,"gold_gain":0,"player_choice":"Embrace Madness","damage_taken":9,"max_hp_gain":0,"max_hp_loss":0,"event_name":"Winding Halls","floor":41,"gold_loss":0,"cards_obtained":["Madness","Madness"]},{"damage_healed":0,"gold_gain":0,"player_choice":"Ignored","damage_taken":0,"max_hp_gain":0,"max_hp_loss":0,"event_name":"Tomb of Lord Red Mask","floor":48,"gold_loss":0}],"is_beta":false,"boss_relics":[{"not_picked":["Snecko Eye","Ectoplasm"],"picked":"Busted Crown"},{"not_picked":["Runic Pyramid","Philosopher\u0027s Stone"],"picked":"Calling Bell"}],"items_purged_floors":[],"is_endless":false,"potions_floor_spawned":[5,13,18,19,25,33,36,46],"killed_by":"Awakened One","ascension_level":7}}