{"host":"5tnmlfm2arf82kze","time":1608709993,"event":{"mods":["Act Like it!","BaseMod","CapriCore","Colored Powertips","Gensokyo","Minty Spire (QoL Compilation)","Replay The Spire","RumiaBox-露米娅的神秘盒子","Shop Mod","Spicy Shops","StSLib","Waifu the Spire","Yuyuko","【功能Mod】聪明的最终Boss"],"gold_per_floor":[17,17,35,16,33,66,66,94,118,118,118,138,313,90,90,120,120,234,234,257,285,347,356,379,379,422,435,458,81,81,133,177,245,245,371,389,428,129,183,222,222,222,69,69,159,198,243,279,316,366,366,382],"floor_reached":53,"playtime":4787,"items_purged":["Pain"],"score":1093,"play_id":"08ae70f3-aaff-4e2b-ada8-746a527f0e8f","local_time":"20201223155313","is_ascension_mode":true,"campfire_choices":[{"data":"Song of Papilio","floor":7.0,"key":"SMITH"},{"floor":17,"key":"DIG"},{"floor":25,"key":"REST"},{"floor":30,"key":"REST"},{"data":"Float on Moon","floor":34,"key":"SMITH"},{"floor":42,"key":"DIG"},{"floor":44,"key":"DIG"},{"floor":51,"key":"DIG"}],"circlet_count":0,"master_deck":["Fantasy Butterflies","Fantasy Butterflies","Fantasy Butterflies","Fantasy Butterflies","Dreamy Sakura","Dreamy Sakura","Dreamy Sakura","Dreamy Sakura","Deathly Ground","Song of Papilio+1","Bomb","Panache","Bloom","Dancing Soul","Sakura Ward","Butterflies Rainbow","Float on Moon+1","Song of Papilio+1","Serene Spring+1","Sakura Ward","Dying Sakura+1","Lunch","All Wander","Triple Snow+1","Dream of Spring","Home of Suicide","Shame","Delirium","Monster Cherry Tree+1","Leap+1","Thinking Ahead","Injury","Parasite","Metallicize+1","Good Instincts+1","Writhe","SignatureMove","Meditate"],"relics":["Coronal","Yuyuko\u0027s fan","Replay:Towering Pillar of Hats","Tiny Chest","Oddly Smooth Stone","CeramicFish","Cauldron","Replay:Mystery Machine","Blue Doll","Replay:Grab Bag","Cursed Key","Sozu","Blue Kimono (Butterfly)","Empty Cage","Omamori","Shuriken","Replay:Bandana","Pondfish Scales","ReplayFunnel","Replay:Ancient Bell","Anchor","Mirror","Shovel","Strange Spoon","PrismaticShard","Bronze Scales","Lee\u0027s Waffle","SSSystem","GodSword3","Happy Flower","Smiling Mask","Du-Vu Doll","Gremlin Food"],"acts_visited":["Exordium","TheCity","TheBeyond"],"potions_floor_usage":[18],"damage_taken":[{"damage":21.0,"enemies":"Jaw Worm","floor":1.0,"turns":4.0},{"damage":15.0,"enemies":"Cultist","floor":3.0,"turns":4.0},{"damage":5.0,"enemies":"Small Slimes","floor":5.0,"turns":3.0},{"damage":35.0,"enemies":"Gremlin Nob","floor":6.0,"turns":4.0},{"damage":29,"enemies":"Lagavulin","floor":8,"turns":7},{"damage":8,"enemies":"Blue Slaver","floor":12,"turns":4},{"damage":22,"enemies":"Replay:BlueRogue","floor":16,"turns":5},{"damage":59,"enemies":"The Guardian","floor":18,"turns":11},{"damage":19,"enemies":"3 Byrds","floor":20,"turns":4},{"damage":25,"enemies":"2 Thieves","floor":21,"turns":3},{"damage":29,"enemies":"Chosen and Byrds","floor":24,"turns":5},{"damage":45,"enemies":"Book of Stabbing","floor":26,"turns":5},{"damage":36,"enemies":"Snake Plant","floor":27,"turns":4},{"damage":3,"enemies":"3 Cultists","floor":31,"turns":3},{"damage":12,"enemies":"Cultist and Chosen","floor":32,"turns":5},{"damage":27,"enemies":"Slavers","floor":33,"turns":4},{"damage":4,"enemies":"Collector","floor":35,"turns":4},{"damage":10,"enemies":"Orb Walker","floor":37,"turns":3},{"damage":13,"enemies":"3 Darklings","floor":39,"turns":3},{"damage":6,"enemies":"Spire Growth","floor":40,"turns":4},{"damage":12,"enemies":"Writhing Mass","floor":46,"turns":5},{"damage":6,"enemies":"R_Hoarder","floor":47,"turns":6},{"damage":13,"enemies":"Transient","floor":49,"turns":5},{"damage":5,"enemies":"Giant Head","floor":50,"turns":5},{"damage":19,"enemies":"Donu and Deca","floor":52,"turns":8}],"seed_played":"-3248496623208440348","potions_obtained":[{"floor":5.0,"key":"ColorlessPotion"},{"floor":6.0,"key":"Flashbang"},{"floor":8,"key":"Strength Potion"},{"floor":14,"key":"Weak Potion"},{"floor":14,"key":"DuplicationPotion"},{"floor":18,"key":"Elixir"}],"is_trial":false,"path_per_floor":["M","?","M","$","M","E","R","E","T","PTL","PTL","M","?","$","?","E","R","B",null,"M","M","T","?","M","R","E","M","T","$","R","M","M","E","R","B",null,"M","$","M","M","?","R","$","R","T","M","E","T","M","E","R","B",null],"character_chosen":"YUYOKO","items_purchased":["Panache","CeramicFish","Cauldron","Pondfish Scales","Strange Spoon","PrismaticShard","Lee\u0027s Waffle"],"campfire_rested":2,"item_purchase_floors":[4,14,14,29,38,38,43],"current_hp_per_floor":[30,30,36,36,34,17,17,33,33,33,33,36,36,36,36,35,35,29,40,33,27,27,27,22,34,23,5,5,5,17,36,34,36,36,36,40,33,33,32,36,36,36,47,47,47,42,41,41,46,42,42,39],"gold":382,"neow_bonus":"ONE_RARE_RELIC","is_daily":false,"chose_seed":false,"campfire_upgraded":2,"win_rate":0.0,"timestamp":1608709993,"path_taken":["M","?","?","$","M","E","R","E","T","PTL","PTL","M","?","$","?","E","R","BOSS","M","?","?","?","M","R","E","M","T","$","R","?","M","E","R","BOSS","M","$","M","M","?","R","$","R","T","M","E","?","M","E","R","BOSS"],"items_purchased_type":["Card","Relic","Relic","Relic","Relic","Relic","Relic"],"build_version":"2020-12-22","purchased_purges":1,"victory":true,"max_hp_per_floor":[40,40,40,40,40,40,40,40,40,40,40,40,40,40,40,40,40,40,40,40,40,40,40,40,40,40,40,40,40,40,40,40,40,40,40,40,40,40,40,40,40,40,47,47,47,47,47,47,47,47,47,47],"card_choices":[{"not_picked":["Unstable Ward","Dark Wind"],"picked":"Song of Papilio","floor":1.0},{"not_picked":["Butterflies Rainbow","Serene Spring"],"picked":"Bomb","floor":3.0},{"not_picked":["Mini Ghostdom","Become Phantom"],"picked":"Bloom","floor":5.0},{"not_picked":["Phantom Village","Dancing Butterflies"],"picked":"Dancing Soul","floor":6.0},{"not_picked":["Serene Spring","Dancing Butterflies"],"picked":"Sakura Ward","floor":8},{"not_picked":["Monster Cherry Tree","Immigrant Phantom"],"picked":"Butterflies Rainbow","floor":12},{"not_picked":["Infinite Sin","Fondling of Papilio","Unstable Ward"],"picked":"SKIP","floor":16},{"not_picked":["Reunion after Death","Ghastly Dream"],"picked":"Float on Moon","floor":18},{"not_picked":["Sweet of Phantom","Ghostdom Sakura"],"picked":"Song of Papilio+1","floor":20},{"not_picked":["Trap Lamp","Unknown Petal"],"picked":"Serene Spring+1","floor":21},{"not_picked":["Phantom Gift","Become Phantom+1"],"picked":"Dying Sakura+1","floor":24},{"not_picked":["Song of Papilio","Dancing Butterflies"],"picked":"Lunch","floor":26},{"not_picked":["Song of Papilio","Infinite Sin","Trap Lamp"],"picked":"SKIP","floor":27},{"not_picked":["Bomb","Full Moon"],"picked":"All Wander","floor":31},{"not_picked":["The Forgotten Winter+1","Spear of Papilio"],"picked":"Triple Snow+1","floor":32},{"not_picked":["Ghostdom Sakura+1","Lunch"],"picked":"Dream of Spring","floor":33},{"not_picked":["Full Inky Sakura","Infinite Reviving"],"picked":"Home of Suicide","floor":35},{"not_picked":["CurseOfTheBell","Parasite"],"picked":"Regret","floor":36},{"not_picked":["Pain","ReplayTheSpireMod:Restless Dread"],"picked":"Shame","floor":36},{"not_picked":["Regret","ReplayTheSpireMod:Doomed"],"picked":"Delirium","floor":36},{"not_picked":["Unknown Petal","Redemption of Death"],"picked":"Monster Cherry Tree+1","floor":37},{"not_picked":["Gensokyo:SalamanderShield+1","Ghostly Armor+1"],"picked":"Leap+1","floor":39},{"not_picked":["WaveOfTheHand","WindmillStrike+1"],"picked":"Thinking Ahead","floor":40},{"not_picked":["Weave","SashWhip+1"],"picked":"Metallicize+1","floor":46},{"not_picked":["Body Slam","Redo"],"picked":"Good Instincts+1","floor":47},{"not_picked":["Melter","ReplayTheSpireMod:LeadingStrike+1"],"picked":"SignatureMove","floor":49},{"not_picked":["PanicButton+1","Become Phantom"],"picked":"Meditate","floor":50}],"player_experience":125372,"relics_obtained":[{"floor":6.0,"key":"Tiny Chest"},{"floor":8,"key":"Oddly Smooth Stone"},{"floor":16,"key":"Replay:Mystery Machine"},{"floor":17,"key":"Blue Doll"},{"floor":22,"key":"Omamori"},{"floor":26,"key":"Shuriken"},{"floor":28,"key":"Replay:Bandana"},{"floor":33,"key":"ReplayFunnel"},{"floor":42,"key":"Bronze Scales"},{"floor":44,"key":"SSSystem"},{"floor":45,"key":"GodSword3"},{"floor":47,"key":"Happy Flower"},{"floor":48,"key":"Smiling Mask"},{"floor":50,"key":"Du-Vu Doll"},{"floor":51,"key":"Gremlin Food"}],"event_choices":[{"cards_removed":["Faramita\u0027s Temptation"],"damage_healed":0.0,"max_hp_gain":0.0,"max_hp_loss":0.0,"gold_gain":0.0,"event_name":"Bonfire Elementals","player_choice":"Offered Basic","floor":2.0,"gold_loss":0.0,"damage_taken":0.0},{"damage_healed":0,"gold_gain":175,"player_choice":"AGREE","damage_taken":0,"max_hp_gain":0,"max_hp_loss":0,"event_name":"Liars Game","floor":13,"gold_loss":0,"cards_obtained":["Doubt"]},{"cards_removed":["Doubt"],"damage_healed":0,"gold_gain":0,"player_choice":"Card Removal","damage_taken":0,"max_hp_gain":0,"max_hp_loss":0,"event_name":"Wheel of Change","floor":15,"gold_loss":0},{"damage_healed":0,"gold_gain":0,"player_choice":"Read","damage_taken":0,"max_hp_gain":0,"max_hp_loss":0,"event_name":"The Library","floor":23,"gold_loss":0,"cards_obtained":["Sakura Ward"]},{"damage_healed":0,"gold_gain":0,"player_choice":"Ignored","damage_taken":0,"max_hp_gain":0,"max_hp_loss":0,"event_name":"Tomb of Lord Red Mask","floor":41,"gold_loss":0}],"is_beta":false,"boss_relics":[{"not_picked":["Fusion Hammer","SlaversCollar"],"picked":"Replay:Grab Bag"},{"not_picked":["Runic Dome","Philosopher\u0027s Stone"],"picked":"Cursed Key"},{"not_picked":["Busted Crown","Coffee Dripper"],"picked":"Sozu"},{"not_picked":["AddBug","Snecko Eye"],"picked":"Blue Kimono"},{"not_picked":["Pandora\u0027s Box","Runic Pyramid"],"picked":"Empty Cage"},{"not_picked":["Replay:Bronze Core","Ring of Chaos"],"picked":"Replay:Ancient Bell"},{"not_picked":["Lantern","MawBank"],"picked":"Anchor"},{"not_picked":["Replay:Bottled Steam","Replay:Ringing Soul"],"picked":"Mirror"},{"not_picked":["Replay:Kaleidoscope","Calipers"],"picked":"Shovel"}],"items_purged_floors":[29],"is_endless":false,"potions_floor_spawned":[5,6,8,18,20,27,31,33,35,37,46],"ascension_level":1}}