{"host":"873t0y8ybyo38pfq","time":1608750889,"event":{"mods":["BaseMod","Colored Map","Highlight Path","Minty Spire (QoL Compilation)","Rare Cards Sparkle","StSLib"],"gold_per_floor":[113,38,63,22,35,35,60,75,129,157,307,14,34,62,62,141,141,141,141,17,17,17,17,17,17,17,17,17,17,17,17,17,17,17,17,0,0,0,0,0,0,0,0,0,0,0,0,0,0,0,0,0,0,0,0,0,0],"floor_reached":56,"playtime":3180,"items_purged":["Doubt","Strike_G"],"score":1973,"play_id":"12595dac-6c0c-4ed3-901f-6587bce3a279","local_time":"20201223141449","is_ascension_mode":true,"campfire_choices":[{"data":"Crippling Poison","floor":6,"key":"SMITH"},{"floor":15,"key":"REST"},{"data":"Concentrate","floor":23,"key":"SMITH"},{"data":"Die Die Die","floor":25,"key":"SMITH"},{"data":"Ghostly","floor":32,"key":"SMITH"},{"data":"Ghostly","floor":41,"key":"SMITH"},{"floor":49,"key":"RECALL"},{"data":"Ghostly","floor":53,"key":"SMITH"}],"circlet_count":0,"master_deck":["AscendersBane","Strike_G","Strike_G","Strike_G","Defend_G","Defend_G","Defend_G","Defend_G","Defend_G","Survivor","Neutralize","Flying Knee+1","Crippling Poison+1","Concentrate+1","Endless Agony+1","Tactician","Underhanded Strike","Crippling Poison","Tools of the Trade","Cloak And Dagger+1","Blade Dance+1","PiercingWail","Die Die Die+1","Ghostly+1","Ghostly+1","Ghostly+1","Backflip+1","Venomology","Deadly Poison","Malaise","Blade Dance","Blur","Footwork+1","Night Terror","Clumsy","Backflip","Parasite","Leg Sweep","Deadly Poison"],"relics":["Runic Pyramid","Bag of Marbles","Kunai","Whetstone","Torii","Happy Flower","Letter Opener","Ectoplasm","Centennial Puzzle","MutagenicStrength","Cursed Key","Red Mask","Matryoshka","Shuriken","Orichalcum","Toy Ornithopter","StoneCalendar"],"acts_visited":["Exordium","TheCity","TheBeyond","TheEnding"],"potions_floor_usage":[10,10,14,14,16,24,33,33,33,37,38,39,40,40,44,44,47,50,50,51],"damage_taken":[{"damage":8,"enemies":"Small Slimes","floor":1,"turns":6},{"damage":7,"enemies":"Jaw Worm","floor":5,"turns":3},{"damage":16,"enemies":"3 Sentries","floor":7,"turns":8},{"damage":0,"enemies":"2 Louse","floor":8,"turns":3},{"damage":6,"enemies":"Lagavulin","floor":10,"turns":7},{"damage":2,"enemies":"Blue Slaver","floor":13,"turns":4},{"damage":2,"enemies":"3 Sentries","floor":14,"turns":8},{"damage":28,"enemies":"Hexaghost","floor":16,"turns":13},{"damage":9,"enemies":"Spheric Guardian","floor":18,"turns":6},{"damage":0,"enemies":"3 Byrds","floor":19,"turns":4},{"damage":11,"enemies":"Centurion and Healer","floor":21,"turns":5},{"damage":21,"enemies":"Slavers","floor":24,"turns":7},{"damage":3,"enemies":"Shelled Parasite and Fungi","floor":29,"turns":5},{"damage":0,"enemies":"3 Cultists","floor":30,"turns":4},{"damage":0,"enemies":"Snake Plant","floor":31,"turns":4},{"damage":3,"enemies":"Collector","floor":33,"turns":12},{"damage":6,"enemies":"Orb Walker","floor":35,"turns":4},{"damage":0,"enemies":"3 Darklings","floor":37,"turns":3},{"damage":1,"enemies":"Sphere and 2 Shapes","floor":38,"turns":6},{"damage":2,"enemies":"Transient","floor":39,"turns":6},{"damage":1,"enemies":"Nemesis","floor":40,"turns":7},{"damage":3,"enemies":"Giant Head","floor":42,"turns":14},{"damage":1,"enemies":"Jaw Worm Horde","floor":44,"turns":3},{"damage":0,"enemies":"Writhing Mass","floor":47,"turns":8},{"damage":0,"enemies":"Sphere and 2 Shapes","floor":48,"turns":6},{"damage":15,"enemies":"Awakened One","floor":50,"turns":18},{"damage":0,"enemies":"Donu and Deca","floor":51,"turns":14},{"damage":26,"enemies":"Shield and Spear","floor":55,"turns":8},{"damage":15,"enemies":"The Heart","floor":56,"turns":6}],"seed_played":"-5808725381283606107","potions_obtained":[{"floor":5,"key":"GamblersBrew"},{"floor":7,"key":"FearPotion"},{"floor":10,"key":"AttackPotion"},{"floor":14,"key":"Energy Potion"},{"floor":21,"key":"LiquidMemories"},{"floor":29,"key":"Dexterity Potion"},{"floor":33,"key":"SpeedPotion"},{"floor":37,"key":"DuplicationPotion"},{"floor":47,"key":"Strength Potion"}],"is_trial":false,"path_per_floor":["M","?","T","$","M","R","E","M","T","E","?","$","M","E","R","B",null,"M","M","$","M","?","R","E","R","T","?","?","M","M","M","R","B",null,"M","?","M","M","M","E","R","E","T","M","T","$","M","M","R","B","B",null,"R","$","E","B"],"character_chosen":"THE_SILENT","items_purchased":["Crippling Poison","Fire Potion","Happy Flower","PiercingWail"],"campfire_rested":1,"item_purchase_floors":[4,12,12,20],"current_hp_per_floor":[51,51,51,51,44,44,28,28,28,22,22,22,20,18,37,9,52,43,43,43,32,45,45,24,24,24,24,24,21,21,21,21,18,29,23,23,23,22,20,19,19,16,16,25,25,25,30,30,30,23,28,32,32,32,6,0,0],"gold":0,"neow_bonus":"BOSS_RELIC","is_daily":false,"chose_seed":false,"campfire_upgraded":6,"win_rate":0.0,"timestamp":1608750889,"path_taken":["M","?","?","$","M","R","E","M","T","E","?","?","?","E","R","BOSS","M","M","$","M","?","R","E","R","T","?","?","M","M","?","R","BOSS","M","?","M","M","M","E","R","E","T","M","?","?","?","M","R","BOSS","BOSS","R","$","E","BOSS"],"items_purchased_type":["Card","Potion","Relic","Card"],"build_version":"2020-12-22","purchased_purges":2,"victory":false,"max_hp_per_floor":[66,66,66,66,66,66,66,66,66,66,66,66,66,66,66,66,66,66,66,66,66,66,66,66,66,66,33,33,33,33,33,33,33,33,33,33,33,33,33,33,33,33,33,33,33,33,33,33,33,33,33,33,33,33,33,33,33],"card_choices":[{"not_picked":["Poisoned Stab","Deflect"],"picked":"Flying Knee","floor":1},{"not_picked":["Quick Slash","Infinite Blades"],"picked":"Concentrate","floor":5},{"not_picked":["Sucker Punch","Escape Plan","Accuracy"],"picked":"SKIP","floor":7},{"not_picked":["Blur","Underhanded Strike"],"picked":"Endless Agony","floor":8},{"not_picked":["Concentrate","Dagger Throw"],"picked":"Tactician","floor":10},{"not_picked":["Blade Dance","Deadly Poison"],"picked":"Underhanded Strike","floor":13},{"not_picked":["Footwork","Distraction"],"picked":"Crippling Poison","floor":14},{"not_picked":["Envenom","Glass Knife"],"picked":"Tools of the Trade","floor":16},{"not_picked":["Backflip","Leg Sweep"],"picked":"Cloak And Dagger+1","floor":18},{"not_picked":["Dodge and Roll","Outmaneuver"],"picked":"Blade Dance+1","floor":19},{"not_picked":["Dodge and Roll+1","Crippling Poison","Underhanded Strike"],"picked":"SKIP","floor":21},{"not_picked":["Dagger Spray","Well Laid Plans"],"picked":"Die Die Die","floor":24},{"not_picked":["Quick Slash+1","Finisher"],"picked":"Backflip+1","floor":29},{"not_picked":["Poisoned Stab+1","All Out Attack"],"picked":"Venomology","floor":30},{"not_picked":["Predator","Slice"],"picked":"Deadly Poison","floor":31},{"not_picked":["Doppelganger","After Image"],"picked":"Malaise","floor":33},{"not_picked":["Caltrops","Finisher+1","Flying Knee"],"picked":"SKIP","floor":35},{"not_picked":["Heel Hook","Deadly Poison"],"picked":"Blade Dance","floor":37},{"not_picked":["Deadly Poison","Flying Knee","Deflect"],"picked":"SKIP","floor":38},{"not_picked":["Calculated Gamble","Acrobatics"],"picked":"Blur","floor":39},{"not_picked":["Endless Agony","Leg Sweep"],"picked":"Footwork+1","floor":40},{"not_picked":["PiercingWail","Noxious Fumes"],"picked":"Night Terror","floor":42},{"not_picked":["Dagger Spray+1","Terror"],"picked":"Backflip","floor":44},{"not_picked":["Outmaneuver+1","Prepared+1"],"picked":"Leg Sweep","floor":47},{"not_picked":["Dagger Spray+1","Dodge and Roll","Endless Agony+1"],"picked":"SKIP","floor":48},{"not_picked":["Endless Agony","Heel Hook+1"],"picked":"Deadly Poison","floor":55}],"player_experience":1337410,"relics_obtained":[{"floor":3,"key":"Bag of Marbles"},{"floor":7,"key":"Kunai"},{"floor":9,"key":"Whetstone"},{"floor":10,"key":"Torii"},{"floor":14,"key":"Letter Opener"},{"floor":24,"key":"Centennial Puzzle"},{"floor":40,"key":"Matryoshka"},{"floor":42,"key":"Shuriken"},{"floor":43,"key":"Orichalcum"},{"floor":43,"key":"Toy Ornithopter"},{"floor":55,"key":"StoneCalendar"}],"event_choices":[{"cards_removed":["Strike_G"],"damage_healed":0,"gold_gain":0,"player_choice":"Card Removal","damage_taken":0,"max_hp_gain":0,"max_hp_loss":0,"event_name":"The Cleric","floor":2,"gold_loss":75},{"damage_healed":0,"gold_gain":150,"player_choice":"AGREE","damage_taken":0,"max_hp_gain":0,"max_hp_loss":0,"event_name":"Liars Game","floor":11,"gold_loss":0,"cards_obtained":["Doubt"]},{"damage_healed":13,"gold_gain":0,"player_choice":"Heal","damage_taken":0,"max_hp_gain":0,"max_hp_loss":0,"event_name":"The Library","floor":22,"gold_loss":0},{"damage_healed":0,"gold_gain":0,"player_choice":"Became a Ghost","damage_taken":0,"max_hp_gain":0,"max_hp_loss":33,"event_name":"Ghosts","floor":27,"gold_loss":0,"cards_obtained":["Ghostly","Ghostly","Ghostly"]},{"damage_healed":0,"gold_gain":0,"player_choice":"Inject Mutagens","damage_taken":0,"relics_obtained":["MutagenicStrength"],"max_hp_gain":0,"max_hp_loss":0,"event_name":"Drug Dealer","floor":28,"gold_loss":0},{"damage_healed":0,"gold_gain":0,"player_choice":"Paid","damage_taken":0,"relics_obtained":["Red Mask"],"max_hp_gain":0,"max_hp_loss":0,"event_name":"Tomb of Lord Red Mask","floor":36,"gold_loss":17}],"is_beta":false,"boss_relics":[{"not_picked":["Astrolabe","Empty Cage"],"picked":"Ectoplasm"},{"not_picked":["Busted Crown","SlaversCollar"],"picked":"Cursed Key"}],"items_purged_floors":[12,20],"is_endless":false,"potions_floor_spawned":[5,7,10,14,21,29,33,37,47],"killed_by":"The Heart","ascension_level":20}}