{"host":"x4x6fw95e6eqd4n0","time":1608763391,"event":{"mods":["AchievementEnabler","BaseMod","Colored Map","Colored Powertips","DeckTracker","Minty Spire (QoL Compilation)"],"gold_per_floor":[117,117,117,136,86,86,98,98,122,122,138,164,164,182,182,286,286,306,326,326,352,35,55,55,67,67,86,101,101,128,141,141,240,240,256,28,28,46,64,64,78,78,78],"floor_reached":42,"playtime":2519,"items_purged":["Strike_B"],"score":422,"play_id":"82c0b310-f744-4433-ba0d-96c20290a140","local_time":"20201224004311","is_ascension_mode":false,"campfire_choices":[{"data":"Undo","floor":6,"key":"SMITH"},{"data":"Aggregate","floor":8,"key":"SMITH"},{"data":"Zap","floor":10,"key":"SMITH"},{"data":"Aggregate","floor":13,"key":"SMITH"},{"data":"Sunder","floor":15,"key":"SMITH"},{"floor":24,"key":"REST"},{"floor":29,"key":"REST"},{"floor":32,"key":"REST"},{"floor":40,"key":"REST"}],"circlet_count":0,"master_deck":["Defend_B","Defend_B","Defend_B","Zap+1","Dualcast+1","Aggregate+1","Undo+1","Barrage","Doom and Gloom","Aggregate+1","Sunder+1","Creative AI","Blizzard","Capacitor","Cold Snap+1","Storm","Conserve Battery","Rainbow","Force Field","Force Field+1","Defragment+1","Ball Lightning+1","Creative AI","Genetic Algorithm+1","Leap","Capacitor","Hello World+1"],"relics":["Cracked Core","Regal Pillow","Toy Ornithopter","Unceasing Top","Sozu","Nilry\u0027s Codex","Red Mask","Sundial","Blue Candle","Boot","Inserter","Lantern"],"acts_visited":["Exordium","TheCity","TheBeyond"],"potions_floor_usage":[12,14,23],"damage_taken":[{"damage":0,"enemies":"Small Slimes","floor":1,"turns":4},{"damage":1,"enemies":"Jaw Worm","floor":4,"turns":3},{"damage":0,"enemies":"2 Louse","floor":7,"turns":2},{"damage":0,"enemies":"Exordium Wildlife","floor":11,"turns":5},{"damage":3,"enemies":"Lagavulin","floor":12,"turns":7},{"damage":14,"enemies":"Exordium Thugs","floor":14,"turns":4},{"damage":9,"enemies":"The Guardian","floor":16,"turns":9},{"damage":18,"enemies":"3 Byrds","floor":18,"turns":5},{"damage":19,"enemies":"Shell Parasite","floor":19,"turns":7},{"damage":6,"enemies":"Masked Bandits","floor":21,"turns":4},{"damage":1,"enemies":"Snecko","floor":23,"turns":6},{"damage":2,"enemies":"Centurion and Healer","floor":25,"turns":7},{"damage":18,"enemies":"Chosen and Byrds","floor":27,"turns":5},{"damage":15,"enemies":"Snecko","floor":28,"turns":5},{"damage":24,"enemies":"Slavers","floor":30,"turns":6},{"damage":13,"enemies":"Snake Plant","floor":31,"turns":4},{"damage":36,"enemies":"Automaton","floor":33,"turns":8},{"damage":23,"enemies":"Orb Walker","floor":35,"turns":5},{"damage":22,"enemies":"3 Darklings","floor":38,"turns":4},{"damage":17,"enemies":"Transient","floor":39,"turns":5},{"damage":16,"enemies":"Spire Growth","floor":41,"turns":5},{"damage":41,"enemies":"Reptomancer","floor":42,"turns":2}],"seed_played":"7721068691850830087","potions_obtained":[{"floor":7,"key":"Explosive Potion"},{"floor":11,"key":"Weak Potion"},{"floor":16,"key":"GamblersBrew"}],"is_trial":false,"path_per_floor":["M","?","?","M","?","R","M","R","T","R","M","E","R","M","R","B",null,"M","M","?","?","$","M","R","M","T","M","M","R","E","M","R","B",null,"M","$","?","M","M","R","M","E"],"character_chosen":"DEFECT","items_purchased":["Sundial","Storm","Lantern"],"campfire_rested":4,"item_purchase_floors":[22,22,36],"current_hp_per_floor":[54,51,51,50,50,50,50,50,50,50,50,52,52,43,43,34,75,57,38,22,16,16,20,57,55,55,37,22,59,35,22,59,23,75,52,52,52,30,13,50,34,0,0],"gold":78,"neow_bonus":"REMOVE_TWO","is_daily":false,"chose_seed":false,"campfire_upgraded":5,"win_rate":0.0,"timestamp":1608763391,"path_taken":["M","?","?","M","?","R","M","R","T","R","M","E","R","M","R","BOSS","M","M","?","?","?","M","R","M","T","M","M","R","E","?","R","BOSS","M","$","?","?","M","R","?","E"],"items_purchased_type":["Relic","Card","Relic"],"build_version":"2020-12-13","purchased_purges":1,"victory":false,"max_hp_per_floor":[75,75,75,75,75,75,75,75,75,75,75,75,75,75,75,75,75,75,75,75,75,75,75,75,75,75,75,75,75,75,75,75,75,75,75,75,75,75,75,75,75,75,75],"card_choices":[{"not_picked":["Leap","Rip and Tear"],"picked":"Aggregate","floor":1},{"not_picked":["Cold Snap","Turbo"],"picked":"Undo","floor":4},{"not_picked":["Go for the Eyes","Beam Cell"],"picked":"Barrage","floor":7},{"not_picked":["Redo","Stack"],"picked":"Doom and Gloom","floor":11},{"not_picked":["Redo","Sweeping Beam"],"picked":"Aggregate","floor":12},{"not_picked":["Biased Cognition","Hologram"],"picked":"Sunder","floor":14},{"not_picked":["Buffer","Meteor Strike"],"picked":"Creative AI","floor":16},{"not_picked":["Cold Snap","Redo"],"picked":"Blizzard","floor":18},{"not_picked":["Gash","Rebound+1"],"picked":"Capacitor","floor":19},{"not_picked":["Stack","Turbo+1"],"picked":"Cold Snap+1","floor":21},{"not_picked":["Turbo","Steam"],"picked":"Conserve Battery","floor":23},{"not_picked":["Double Energy","Hologram"],"picked":"Rainbow","floor":25},{"not_picked":["Darkness","Tempest"],"picked":"Force Field","floor":27},{"not_picked":["Compile Driver","Heatsinks"],"picked":"Force Field+1","floor":28},{"not_picked":["Conserve Battery","Redo"],"picked":"Defragment+1","floor":30},{"not_picked":["Conserve Battery","Coolheaded"],"picked":"Ball Lightning+1","floor":31},{"not_picked":["All For One","Machine Learning"],"picked":"Creative AI","floor":33},{"not_picked":["Steam Power","Beam Cell"],"picked":"Genetic Algorithm+1","floor":35},{"not_picked":["Streamline","Stack"],"picked":"Leap","floor":38},{"not_picked":["Stack+1","Hologram"],"picked":"Capacitor","floor":39},{"not_picked":["Cold Snap+1","Doom and Gloom"],"picked":"Hello World+1","floor":41}],"player_experience":59448,"relics_obtained":[{"floor":9,"key":"Toy Ornithopter"},{"floor":12,"key":"Unceasing Top"},{"floor":20,"key":"Nilry\u0027s Codex"},{"floor":21,"key":"Red Mask"},{"floor":26,"key":"Blue Candle"},{"floor":30,"key":"Boot"}],"event_choices":[{"damage_healed":0,"gold_gain":0,"player_choice":"Success","damage_taken":3,"relics_obtained":["Regal Pillow"],"max_hp_gain":0,"max_hp_loss":0,"event_name":"Scrap Ooze","floor":2,"gold_loss":0},{"damage_healed":0,"gold_gain":0,"player_choice":"Grow","damage_taken":0,"max_hp_gain":0,"max_hp_loss":0,"event_name":"Living Wall","floor":3,"gold_loss":0,"cards_upgraded":["Dualcast"]},{"cards_removed":["Strike_B"],"damage_healed":0,"gold_gain":0,"player_choice":"Card Removal","damage_taken":0,"max_hp_gain":0,"max_hp_loss":0,"event_name":"The Cleric","floor":5,"gold_loss":50},{"damage_healed":0,"gold_gain":0,"player_choice":"Obtained Book","damage_taken":16,"max_hp_gain":0,"max_hp_loss":0,"event_name":"Cursed Tome","floor":20,"gold_loss":0},{"damage_healed":0,"gold_gain":0,"player_choice":"Fought Bandits","damage_taken":0,"max_hp_gain":0,"max_hp_loss":0,"event_name":"Masked Bandits","floor":21,"gold_loss":0},{"cards_removed":["Defend_B"],"damage_healed":0,"gold_gain":0,"player_choice":"Offered Basic","damage_taken":0,"max_hp_gain":0,"max_hp_loss":0,"event_name":"Bonfire Elementals","floor":37,"gold_loss":0}],"is_beta":false,"boss_relics":[{"not_picked":["Busted Crown","Nuclear Battery"],"picked":"Sozu"},{"not_picked":["Velvet Choker","Runic Dome"],"picked":"Inserter"}],"items_purged_floors":[36],"is_endless":false,"potions_floor_spawned":[7,11,16,18,21,25,28,39,41],"killed_by":"Reptomancer","ascension_level":0}}