{"host":"s41rn2jhghpwfrvz","time":1608721093,"event":{"mods":["BaseMod","Minty Spire (QoL Compilation)","Quick Restart","Relic Stats","SuperFastMode"],"gold_per_floor":[118,118,136,149,149,149,183,183,183,216,191,219,238,265,265,339,339,352,292,292,292,304,339,350,377,402,430,448,465,490,523,523,598,598,611,623,636,636,654,654,686,700,700,728,393,418,429,439,439,439,439,439,439,121,153,153],"floor_reached":57,"playtime":1871,"items_purged":["Armaments","SignatureMove","Masterful Stab"],"score":3668,"play_id":"472b6e1c-c618-43e4-97e0-d13e72a6c990","local_time":"20201223125813","daily_mods":["SealedDeck","Diverse","DeadlyEvents"],"is_ascension_mode":true,"campfire_choices":[{"data":"Rage","floor":6.0,"key":"SMITH"},{"data":"Expertise","floor":8.0,"key":"SMITH"},{"data":"Body Slam","floor":15.0,"key":"SMITH"},{"data":"Double Energy","floor":32,"key":"SMITH"},{"floor":40,"key":"RECALL"},{"data":"Offering","floor":49,"key":"SMITH"},{"data":"Shrug It Off","floor":53,"key":"SMITH"}],"circlet_count":0,"master_deck":["AscendersBane","Evaluate","Rupture","Disarm","Gash","Double Energy+1","Rage+1","Fission","Genetic Algorithm+1","Expertise+1","Body Slam+1","Shrug It Off+1","Entrench+1","Offering+1","Panacea"],"relics":["Burning Blood","Shovel","Toy Ornithopter","Calipers","Paper Frog","The Courier","Odd Mushroom","Runic Cube","Lantern","White Beast Statue","Art of War","Nunchaku","Shuriken","Pen Nib","Busted Crown","Omamori","Strawberry","ClockworkSouvenir","Bag of Preparation","Blood Vial","OrangePellets","Red Skull"],"acts_visited":["Exordium","TheCity","TheBeyond","TheEnding"],"potions_floor_usage":[56,56],"damage_taken":[{"damage":4.0,"enemies":"Jaw Worm","floor":1.0,"turns":2.0},{"damage":1.0,"enemies":"Cultist","floor":3.0,"turns":3.0},{"damage":2.0,"enemies":"Small Slimes","floor":4.0,"turns":3.0},{"damage":0.0,"enemies":"Lagavulin","floor":7.0,"turns":5.0},{"damage":37.0,"enemies":"Gremlin Nob","floor":10.0,"turns":4.0},{"damage":5.0,"enemies":"Exordium Thugs","floor":11.0,"turns":4.0},{"damage":0.0,"enemies":"Lagavulin","floor":12.0,"turns":5.0},{"damage":1.0,"enemies":"2 Fungi Beasts","floor":13.0,"turns":4.0},{"damage":2.0,"enemies":"The Mushroom Lair","floor":14.0,"turns":4.0},{"damage":0.0,"enemies":"The Guardian","floor":16.0,"turns":7.0},{"damage":0.0,"enemies":"Spheric Guardian","floor":18.0,"turns":3.0},{"damage":17.0,"enemies":"Chosen","floor":22.0,"turns":6.0},{"damage":2.0,"enemies":"Book of Stabbing","floor":23.0,"turns":6.0},{"damage":0.0,"enemies":"Centurion and Healer","floor":24.0,"turns":3.0},{"damage":4.0,"enemies":"Gremlin Leader","floor":25.0,"turns":8.0},{"damage":47,"enemies":"Slavers","floor":27,"turns":9},{"damage":36,"enemies":"Cultist and Chosen","floor":28,"turns":9},{"damage":0,"enemies":"Snake Plant","floor":29,"turns":3},{"damage":22,"enemies":"Gremlin Leader","floor":30,"turns":4},{"damage":0,"enemies":"Slavers","floor":31,"turns":3},{"damage":0,"enemies":"Champ","floor":33,"turns":3},{"damage":0,"enemies":"Orb Walker","floor":35,"turns":1},{"damage":6,"enemies":"3 Darklings","floor":36,"turns":3},{"damage":6,"enemies":"Spire Growth","floor":37,"turns":2},{"damage":6,"enemies":"Writhing Mass","floor":39,"turns":2},{"damage":19,"enemies":"Reptomancer","floor":41,"turns":3},{"damage":6,"enemies":"Jaw Worm Horde","floor":42,"turns":2},{"damage":6,"enemies":"Nemesis","floor":44,"turns":3},{"damage":6,"enemies":"4 Shapes","floor":47,"turns":3},{"damage":6,"enemies":"3 Darklings","floor":48,"turns":2},{"damage":6,"enemies":"Awakened One","floor":50,"turns":2},{"damage":6,"enemies":"Time Eater","floor":51,"turns":2},{"damage":0,"enemies":"Shield and Spear","floor":55,"turns":2},{"damage":6,"enemies":"The Heart","floor":56,"turns":4}],"seed_played":"4582967728882411051","potions_obtained":[{"floor":1.0,"key":"PowerPotion"},{"floor":10.0,"key":"DistilledChaos"},{"floor":11.0,"key":"AttackPotion"},{"floor":12.0,"key":"SkillPotion"},{"floor":18.0,"key":"Block Potion"},{"floor":24.0,"key":"FairyPotion"},{"floor":27,"key":"LiquidBronze"},{"floor":28,"key":"SteroidPotion"},{"floor":29,"key":"Ancient Potion"},{"floor":39,"key":"SpeedPotion"}],"is_trial":true,"path_per_floor":["M","?","M","M","?","R","E","R","T","E","M","E","M","?","R","B",null,"M","$","?","?","M","E","M","E","T","E","M","M","E","E","R","B",null,"M","M","M","?","M","R","E","M","T","E","$","T","M","M","R","B","B",null,"R","$","E","B",null],"character_chosen":"IRONCLAD","items_purchased":["ClockworkSouvenir","Bag of Preparation","OrangePellets","Panacea"],"campfire_rested":0,"item_purchase_floors":[45,45,54,54],"current_hp_per_floor":[70,70,75,75,75,75,75,75,75,44,45,51,56,60,60,71,74,75,75,75,75,64,73,75,75,75,34,28,34,18,24,24,30,64,70,70,70,60,60,60,47,47,47,54,54,54,56,58,58,60,62,77,77,77,82,82],"gold":153,"neow_bonus":"","is_daily":false,"chose_seed":false,"campfire_upgraded":6,"win_rate":0.0,"timestamp":1608721093,"path_taken":["M","?","?","M","?","R","E","R","T","E","M","?","M","?","R","BOSS","M","$","?","?","M","E","M","E","T","?","M","?","E","?","R","BOSS","M","M","?","?","M","R","E","M","T","E","$","?","M","M","R","BOSS","BOSS","R","$","E","BOSS"],"items_purchased_type":["Relic","Relic","Relic","Card"],"build_version":"2020-12-22","purchased_purges":3,"victory":true,"max_hp_per_floor":[75,75,75,75,75,75,75,75,75,75,75,75,75,75,75,75,75,75,75,75,75,75,75,75,75,75,75,75,75,75,75,75,75,75,75,75,75,75,75,75,75,75,75,82,82,82,82,82,82,82,82,82,82,82,82,82],"relic_stats":{"counters":[34,129],"Pen Nib":[8],"Bag of Preparation":[12],"Burning Blood":180,"Blood Vial":10,"OrangePellets":[0],"Nunchaku":[12],"Shovel":0,"Busted Crown":26,"Shuriken":[17],"Art of War":[5],"obtain_stats":[{"Lantern":23,"Calipers":9,"The Courier":12,"Pen Nib":31,"Omamori":41,"Bag of Preparation":45,"Odd Mushroom":14,"Burning Blood":0,"White Beast Statue":25,"ClockworkSouvenir":45,"Blood Vial":46,"OrangePellets":54,"Nunchaku":27,"Shovel":5,"Busted Crown":34,"Shuriken":30,"Strawberry":44,"Art of War":26,"Toy Ornithopter":7,"Red Skull":55,"Paper Frog":10,"Runic Cube":17},{"Lantern":13,"Calipers":4,"The Courier":7,"Pen Nib":20,"Omamori":26,"Bag of Preparation":28,"Odd Mushroom":9,"Burning Blood":0,"White Beast Statue":15,"ClockworkSouvenir":28,"Blood Vial":28,"OrangePellets":32,"Nunchaku":16,"Shovel":3,"Busted Crown":21,"Shuriken":19,"Strawberry":28,"Art of War":15,"Toy Ornithopter":4,"Red Skull":33,"Paper Frog":5,"Runic Cube":10},{"Lantern":56,"Calipers":13,"The Courier":26,"Pen Nib":95,"Omamori":109,"Bag of Preparation":114,"Odd Mushroom":34,"Burning Blood":0,"White Beast Statue":67,"ClockworkSouvenir":114,"Blood Vial":114,"OrangePellets":123,"Nunchaku":76,"Shovel":8,"Busted Crown":98,"Shuriken":92,"Strawberry":114,"Art of War":67,"Toy Ornithopter":13,"Red Skull":125,"Paper Frog":17,"Runic Cube":41}],"Toy Ornithopter":10,"Runic Cube":[34]},"card_choices":[{"not_picked":["Accuracy","Dash","Poisoned Stab"],"picked":"SKIP","floor":1.0},{"not_picked":["Crescendo","FollowUp"],"picked":"Genetic Algorithm","floor":3.0},{"not_picked":["Gash","Lockon","Consecrate"],"picked":"SKIP","floor":4.0},{"not_picked":["Berserk","Bloodletting"],"picked":"Expertise","floor":7.0},{"not_picked":["Doom and Gloom","Sunder","ClearTheMind"],"picked":"SKIP","floor":10.0},{"not_picked":["FollowUp","Inflame"],"picked":"Body Slam","floor":11.0},{"not_picked":["Reprogram","WreathOfFlame","Self Repair"],"picked":"SKIP","floor":12.0},{"not_picked":["Thunderclap","Setup"],"picked":"Shrug It Off","floor":13.0},{"not_picked":["Sweeping Beam","Cold Snap","Finisher"],"picked":"SKIP","floor":18.0},{"not_picked":["Clash","Dual Wield+1","Consecrate+1"],"picked":"SKIP","floor":22.0},{"not_picked":["Dodge and Roll","Cleave","Prostrate"],"picked":"SKIP","floor":23.0},{"not_picked":["Outmaneuver","White Noise+1","SashWhip"],"picked":"SKIP","floor":24.0},{"not_picked":["CutThroughFate","Eviscerate","Go for the Eyes+1"],"picked":"SKIP","floor":25.0},{"not_picked":["Shockwave+1","Limit Break","FTL"],"picked":"SKIP","floor":27},{"not_picked":["PiercingWail","Prepared","Sucker Punch"],"picked":"SKIP","floor":28},{"not_picked":["Dagger Spray","Flex","Havoc"],"picked":"SKIP","floor":29},{"not_picked":["Devotion","SandsOfTime"],"picked":"Entrench+1","floor":30},{"not_picked":["Barrage","Entrench","Protect"],"picked":"SKIP","floor":31},{"not_picked":["Reaper","Thunder Strike"],"picked":"Offering","floor":33},{"not_picked":["Wireheading"],"picked":"SKIP","floor":35},{"not_picked":["Sword Boomerang+1"],"picked":"SKIP","floor":36},{"not_picked":["Chill"],"picked":"SKIP","floor":37},{"not_picked":["Iron Wave+1"],"picked":"SKIP","floor":39},{"not_picked":["Swivel"],"picked":"SKIP","floor":41},{"not_picked":["Tantrum+1"],"picked":"SKIP","floor":42},{"not_picked":["CutThroughFate+1"],"picked":"SKIP","floor":44},{"not_picked":["Warcry"],"picked":"SKIP","floor":47},{"not_picked":["DeceiveReality"],"picked":"SKIP","floor":48},{"not_picked":["Finisher"],"picked":"SKIP","floor":55}],"player_experience":1599353,"relics_obtained":[{"floor":7.0,"key":"Toy Ornithopter"},{"floor":9.0,"key":"Calipers"},{"floor":10.0,"key":"Paper Frog"},{"floor":12.0,"key":"The Courier"},{"floor":14.0,"key":"Odd Mushroom"},{"floor":23.0,"key":"Lantern"},{"floor":25.0,"key":"White Beast Statue"},{"floor":26.0,"key":"Art of War"},{"floor":27,"key":"Nunchaku"},{"floor":30,"key":"Shuriken"},{"floor":31,"key":"Pen Nib"},{"floor":41,"key":"Omamori"},{"floor":44,"key":"Strawberry"},{"floor":46,"key":"Blood Vial"},{"floor":55,"key":"Red Skull"}],"event_choices":[{"damage_healed":0.0,"max_hp_gain":0.0,"max_hp_loss":0.0,"gold_gain":0.0,"cards_transformed":["Steam"],"event_name":"Transmorgrifier","player_choice":"Transformed","floor":2.0,"gold_loss":0.0,"damage_taken":0.0,"cards_obtained":["Fission"]},{"damage_healed":0.0,"max_hp_gain":0.0,"max_hp_loss":0.0,"gold_gain":0.0,"event_name":"WeMeetAgain","player_choice":"Gave Potion","floor":5.0,"gold_loss":0.0,"damage_taken":0.0,"relics_obtained":["Shovel"]},{"damage_healed":0.0,"max_hp_gain":0.0,"max_hp_loss":0.0,"gold_gain":0.0,"event_name":"Mushrooms","player_choice":"Fought Mushrooms","floor":14.0,"gold_loss":0.0,"damage_taken":0.0},{"damage_healed":0.0,"max_hp_gain":0.0,"max_hp_loss":0.0,"gold_gain":0.0,"event_name":"Ghosts","player_choice":"Ignored","floor":20.0,"gold_loss":0.0,"damage_taken":0.0},{"damage_healed":0.0,"max_hp_gain":0.0,"max_hp_loss":0.0,"gold_gain":0.0,"event_name":"Upgrade Shrine","player_choice":"Upgraded","floor":21.0,"gold_loss":0.0,"damage_taken":0.0,"cards_upgraded":["Genetic Algorithm"]},{"damage_healed":0,"gold_gain":0,"player_choice":"Memory 3","damage_taken":10,"max_hp_gain":0,"max_hp_loss":0,"event_name":"SensoryStone","floor":38,"gold_loss":0}],"is_beta":false,"boss_relics":[{"not_picked":["Calling Bell","Mark of Pain"],"picked":"Runic Cube"},{"not_picked":["Tiny House","Snecko Eye"],"picked":"Busted Crown"}],"items_purged_floors":[19,45,54],"is_endless":false,"potions_floor_spawned":[1,10,11,12,18,24,27,28,29,30,31,33,35,36,37,39,41,42,44,47,48,55],"ascension_level":20}}