{"host":"i1ibt4vxe0effuru","time":1608745289,"event":{"mods":["AchievementEnabler","BaseMod","Card Forge","Minty Spire (QoL Compilation)","Quick Restart","Shop Mod","StSLib"],"gold_per_floor":[116,129,140,140,150,178,192,219,219,250,270,282,282,282,282,381,381,393,406,418,418,408,434,434,434,434,448,460,472,489,502,502,604,604,617,629,642,777,777,777,777,811,811,825,850,861,890,910,910,910,910,910,1184,1214,1214],"floor_reached":56,"playtime":2015,"items_purged":[],"score":2278,"play_id":"dc5544b0-89e4-4773-912d-d883387ec555","local_time":"20201224034129","is_ascension_mode":true,"campfire_choices":[{"floor":13,"key":"RECALL"},{"floor":15,"key":"REST"},{"floor":32,"key":"REST"},{"floor":40,"key":"REST"},{"floor":49,"key":"REST"},{"floor":52,"key":"REST"}],"circlet_count":0,"master_deck":["Eviscerate+1","Reflex+1","Prepared+1","Tactician+1","Blur+1"],"relics":["Hammer of Thor","Seething Fire","Anvil of the Gods","MerchantsRug","Lizard Tail"],"acts_visited":["Exordium","TheCity","TheBeyond","TheEnding"],"potions_floor_usage":[],"damage_taken":[{"damage":0,"enemies":"Jaw Worm","floor":1,"turns":1},{"damage":0,"enemies":"Cultist","floor":2,"turns":1},{"damage":0,"enemies":"2 Louse","floor":3,"turns":1},{"damage":0,"enemies":"Blue Slaver","floor":5,"turns":1},{"damage":0,"enemies":"Lagavulin","floor":6,"turns":1},{"damage":0,"enemies":"Exordium Wildlife","floor":7,"turns":1},{"damage":0,"enemies":"Gremlin Nob","floor":8,"turns":1},{"damage":0,"enemies":"3 Sentries","floor":10,"turns":1},{"damage":0,"enemies":"Exordium Thugs","floor":11,"turns":1},{"damage":0,"enemies":"2 Fungi Beasts","floor":12,"turns":1},{"damage":0,"enemies":"Hexaghost","floor":16,"turns":1},{"damage":0,"enemies":"Chosen","floor":18,"turns":1},{"damage":0,"enemies":"Shell Parasite","floor":19,"turns":1},{"damage":0,"enemies":"Snake Plant","floor":20,"turns":1},{"damage":0,"enemies":"Gremlin Leader","floor":23,"turns":1},{"damage":0,"enemies":"Centurion and Healer","floor":27,"turns":1},{"damage":0,"enemies":"Chosen and Byrds","floor":28,"turns":1},{"damage":0,"enemies":"Shelled Parasite and Fungi","floor":29,"turns":1},{"damage":0,"enemies":"Cultist and Chosen","floor":30,"turns":1},{"damage":0,"enemies":"Chosen and Byrds","floor":31,"turns":1},{"damage":0,"enemies":"Collector","floor":33,"turns":1},{"damage":0,"enemies":"Orb Walker","floor":35,"turns":1},{"damage":0,"enemies":"3 Shapes","floor":36,"turns":1},{"damage":0,"enemies":"Transient","floor":37,"turns":1},{"damage":0,"enemies":"Giant Head","floor":42,"turns":1},{"damage":0,"enemies":"Spire Growth","floor":44,"turns":1},{"damage":0,"enemies":"Nemesis","floor":45,"turns":1},{"damage":0,"enemies":"Maw","floor":46,"turns":1},{"damage":0,"enemies":"Reptomancer","floor":47,"turns":1},{"damage":0,"enemies":"Sphere and 2 Shapes","floor":48,"turns":1},{"damage":0,"enemies":"Awakened One","floor":50,"turns":2},{"damage":0,"enemies":"Shield and Spear","floor":54,"turns":1},{"damage":38,"enemies":"The Heart","floor":55,"turns":5}],"seed_played":"1500928813793398725","potions_obtained":[{"floor":36,"key":"Fire Potion"},{"floor":44,"key":"EssenceOfSteel"},{"floor":45,"key":"DistilledChaos"},{"floor":47,"key":"Strength Potion"}],"is_trial":false,"path_per_floor":["M","M","M","?","M","E","M","E","T","E","M","M","R","$","R","B",null,"M","M","M","?","$","E","?","?","T","M","M","M","M","M","R","B",null,"M","M","M","$","?","R","$","E","T","M","E","M","E","M","R","B",null,"R","$","E","B",null],"character_chosen":"THE_SILENT","items_purchased":["MerchantsRug"],"campfire_rested":5,"item_purchase_floors":[22],"current_hp_per_floor":[70,70,70,70,70,70,70,70,70,70,70,70,70,70,77,77,77,77,77,77,77,77,77,77,77,77,77,77,77,77,77,77,77,77,77,77,77,77,74,77,77,77,77,77,77,77,77,77,77,77,77,77,77,77,39],"gold":1214,"neow_bonus":"TEN_PERCENT_HP_BONUS","is_daily":false,"chose_seed":false,"campfire_upgraded":0,"win_rate":0.0,"timestamp":1608745289,"path_taken":["M","M","M","?","M","E","M","E","T","E","M","?","R","?","R","BOSS","M","M","M","?","$","E","?","?","T","M","M","M","M","M","R","BOSS","M","M","M","$","?","R","?","E","T","M","E","M","E","M","R","BOSS","R","$","E","BOSS"],"items_purchased_type":["Relic"],"build_version":"2020-12-22","purchased_purges":0,"victory":true,"max_hp_per_floor":[77,77,77,77,77,77,77,77,77,77,77,77,77,77,77,77,77,77,77,77,77,77,77,77,77,77,77,77,77,77,77,77,77,77,77,77,77,77,77,77,77,77,77,77,77,77,77,77,77,77,77,77,77,77,77],"card_choices":[{"not_picked":["Deflect","Crippling Poison","Sucker Punch"],"picked":"SKIP","floor":1},{"not_picked":["Blade Dance","Escape Plan","Cloak And Dagger"],"picked":"SKIP","floor":2},{"not_picked":["Slice","Dodge and Roll","Tactician"],"picked":"SKIP","floor":3},{"not_picked":["Prepared","Crippling Poison","Deadly Poison"],"picked":"SKIP","floor":5},{"not_picked":["Distraction","Footwork","Flechettes"],"picked":"SKIP","floor":6},{"not_picked":["Backstab","Slice","Quick Slash"],"picked":"SKIP","floor":7},{"not_picked":["Outmaneuver","Blade Dance","Tactician"],"picked":"SKIP","floor":8},{"not_picked":["Dodge and Roll","Backflip","Deflect"],"picked":"SKIP","floor":10},{"not_picked":["Dagger Throw","Catalyst","Eviscerate"],"picked":"SKIP","floor":11},{"not_picked":["Sucker Punch","Underhanded Strike","Burst"],"picked":"SKIP","floor":12},{"not_picked":["Prepared","Flying Knee","Sucker Punch"],"picked":"SKIP","floor":18},{"not_picked":["Sucker Punch+1","Backflip","Dagger Spray"],"picked":"SKIP","floor":19},{"not_picked":["Quick Slash","Dagger Throw","Cloak And Dagger"],"picked":"SKIP","floor":20},{"not_picked":["Heel Hook","Doppelganger","Crippling Poison"],"picked":"SKIP","floor":23},{"not_picked":["Cloak And Dagger","Masterful Stab","Dagger Spray"],"picked":"SKIP","floor":27},{"not_picked":["Deflect","Flying Knee+1","Poisoned Stab+1"],"picked":"SKIP","floor":28},{"not_picked":["Quick Slash","Cloak And Dagger","Skewer"],"picked":"SKIP","floor":29},{"not_picked":["Setup","Dodge and Roll","Outmaneuver+1"],"picked":"SKIP","floor":30},{"not_picked":["Flying Knee+1","Bane","Blur"],"picked":"SKIP","floor":31},{"not_picked":["Dagger Spray","Flying Knee","Dodge and Roll"],"picked":"SKIP","floor":35},{"not_picked":["Cloak And Dagger","Acrobatics+1","Blade Dance"],"picked":"SKIP","floor":36},{"not_picked":["Backstab","Deadly Poison+1","Deflect+1"],"picked":"SKIP","floor":37},{"not_picked":["Footwork+1","Backstab","Burst"],"picked":"SKIP","floor":42},{"not_picked":["Footwork+1","Backstab","Burst"],"picked":"SKIP","floor":42},{"not_picked":["Quick Slash","Caltrops+1","Poisoned Stab"],"picked":"SKIP","floor":44},{"not_picked":["Cloak And Dagger+1","Underhanded Strike","Quick Slash"],"picked":"SKIP","floor":45},{"not_picked":["Sucker Punch","Blade Dance+1","Acrobatics"],"picked":"SKIP","floor":46},{"not_picked":["Concentrate+1","Bane+1","Grand Finale"],"picked":"SKIP","floor":46},{"not_picked":["Blade Dance+1","PiercingWail+1","Acrobatics+1"],"picked":"SKIP","floor":47},{"not_picked":["Deadly Poison+1","Bane","Dodge and Roll"],"picked":"SKIP","floor":48},{"not_picked":["Tactician+1","Infinite Blades+1","Sucker Punch+1"],"picked":"SKIP","floor":48},{"not_picked":["Phantasmal Killer","Infinite Blades+1","Envenom"],"picked":"SKIP","floor":54}],"player_experience":148872,"relics_obtained":[{"floor":6,"key":"Shuriken"},{"floor":42,"key":"Eternal Feather"},{"floor":43,"key":"Bag of Preparation"},{"floor":45,"key":"Prayer Wheel"},{"floor":47,"key":"Ancient Tea Set"},{"floor":54,"key":"Lizard Tail"}],"event_choices":[{"damage_healed":0,"gold_gain":0,"player_choice":"Ignored","damage_taken":0,"max_hp_gain":0,"max_hp_loss":0,"event_name":"Upgrade Shrine","floor":4,"gold_loss":0},{"damage_healed":0,"gold_gain":0,"player_choice":"Ignored","damage_taken":0,"max_hp_gain":0,"max_hp_loss":0,"event_name":"Vampires","floor":21,"gold_loss":0},{"damage_healed":0,"gold_gain":0,"player_choice":"Ignored","damage_taken":0,"max_hp_gain":0,"max_hp_loss":0,"event_name":"Beggar","floor":24,"gold_loss":0},{"damage_healed":0,"gold_gain":0,"player_choice":"Ignored","damage_taken":0,"max_hp_gain":0,"max_hp_loss":0,"event_name":"Ghosts","floor":25,"gold_loss":0},{"damage_healed":0,"gold_gain":0,"player_choice":"Punched","damage_taken":3,"max_hp_gain":0,"max_hp_loss":0,"event_name":"Designer","floor":39,"gold_loss":0}],"is_beta":false,"boss_relics":[{"not_picked":["Snecko Eye","WristBlade","Busted Crown"]},{"not_picked":["Fusion Hammer","Astrolabe"],"picked":"Runic Dome"}],"items_purged_floors":[],"is_endless":false,"potions_floor_spawned":[2,7,10,11,12,19,23,29,31,36,44,45,47],"ascension_level":6}}