{"host":"fmtvje4mks8zli8e","time":1608691863,"event":{"mods":["AchievementEnabler","AlwaysNeverKeys","BaseMod","BetterRewards","Minty Spire (QoL Compilation)","READ ME - Guardian Mod","Remove Card Discount Mod","StSLib","The Cursed","The Druid","The Servant 0.9.4","The Wild Card"],"gold_per_floor":[115,134,134,134,134,134,165,165,189,15,41,41,70,87,87,192,192,204,217,228,228,241,268,268,34,114,142,20,54,54,68,68,172,172,192,202,215,233,39,73,88,116,116,151,175,175,475,493,493,493,493,493,237,272,272],"floor_reached":56,"playtime":2149,"items_purged":["Regret","Strike_G","Strike_G","Strike_G","Defend_G","Defend_G","Defend_G","Normality"],"score":2846,"play_id":"021f338e-f55e-4269-b415-5efcaf6874c0","local_time":"20201222205103","is_ascension_mode":true,"campfire_choices":[{"data":"Caltrops","floor":6.0,"key":"SMITH"},{"data":"Panache","floor":12.0,"key":"SMITH"},{"data":"Footwork","floor":15.0,"key":"SMITH"},{"data":"After Image","floor":24.0,"key":"SMITH"},{"data":"Blade Dance","floor":30,"key":"SMITH"},{"data":"Accuracy","floor":32,"key":"SMITH"},{"data":"1","floor":46,"key":"LIFT"},{"data":"2","floor":49,"key":"LIFT"},{"data":"3","floor":52,"key":"LIFT"}],"circlet_count":0,"master_deck":["AscendersBane","Strike_G","Strike_G","Defend_G","Defend_G","Survivor","Neutralize+1","Caltrops+1","Footwork+1","Finesse","Panache+1","Blur","Swift Strike+1","Caltrops+1","Blur","Accuracy+1","Neutralize","Blur","Swift Strike","Noxious Fumes","Adrenaline","After Image+1","Blade Dance+1","Noxious Fumes+1","Blur","Decay","Regret","Accuracy","Blur","Cloak And Dagger"],"relics":["Ring of the Snake","InkBottle","Bronze Scales","HandDrill","Mercury Hourglass","Ninja Scroll","Mango","Juzu Bracelet","PreservedInsect","Turnip","Happy Flower","Tiny Chest","Art of War","Bottled Lightning","Cursed Key","Ancient Tea Set","Membership Card","Whetstone","Paper Crane","StrikeDummy","Shuriken","Kunai","WristBlade","TwistedFunnel","Mummified Hand","Boot","Bottled Flame","Darkstone Periapt","Girya","Snake Skull","CaptainsWheel","DollysMirror","Nunchaku"],"acts_visited":["Exordium","TheCity","TheBeyond","TheEnding"],"potions_floor_usage":[55,55],"damage_taken":[{"damage":0.0,"enemies":"Small Slimes","floor":1.0,"turns":3.0},{"damage":0.0,"enemies":"2 Louse","floor":2.0,"turns":1.0},{"damage":6.0,"enemies":"Lagavulin","floor":7.0,"turns":6.0},{"damage":0.0,"enemies":"3 Sentries","floor":11.0,"turns":2.0},{"damage":0.0,"enemies":"Lagavulin","floor":13.0,"turns":2.0},{"damage":0.0,"enemies":"Cultist","floor":14.0,"turns":1.0},{"damage":0.0,"enemies":"Hexaghost","floor":16.0,"turns":6.0},{"damage":4.0,"enemies":"Shell Parasite","floor":18.0,"turns":1.0},{"damage":0.0,"enemies":"Spheric Guardian","floor":19.0,"turns":3.0},{"damage":0.0,"enemies":"Snake Plant","floor":20.0,"turns":2.0},{"damage":0.0,"enemies":"3 Cultists","floor":22.0,"turns":3.0},{"damage":9.0,"enemies":"Gremlin Leader","floor":23.0,"turns":4.0},{"damage":0,"enemies":"Slavers","floor":27,"turns":2},{"damage":0,"enemies":"Gremlin Leader","floor":29,"turns":3},{"damage":0,"enemies":"Chosen and Byrds","floor":31,"turns":2},{"damage":0,"enemies":"Collector","floor":33,"turns":5},{"damage":4,"enemies":"3 Shapes","floor":35,"turns":3},{"damage":0,"enemies":"Orb Walker","floor":36,"turns":2},{"damage":0,"enemies":"4 Shapes","floor":37,"turns":2},{"damage":0,"enemies":"Maw","floor":38,"turns":5},{"damage":0,"enemies":"Reptomancer","floor":40,"turns":3},{"damage":0,"enemies":"3 Darklings","floor":41,"turns":3},{"damage":0,"enemies":"Giant Head","floor":42,"turns":4},{"damage":0,"enemies":"Reptomancer","floor":44,"turns":4},{"damage":0,"enemies":"Jaw Worm Horde","floor":48,"turns":2},{"damage":46,"enemies":"Time Eater","floor":50,"turns":10},{"damage":4,"enemies":"Shield and Spear","floor":54,"turns":4},{"damage":14,"enemies":"The Heart","floor":55,"turns":8}],"seed_played":"6733993366456283475","potions_obtained":[{"floor":1.0,"key":"Dexterity Potion"},{"floor":7.0,"key":"Ancient Potion"},{"floor":16.0,"key":"Fruit Juice"},{"floor":18.0,"key":"SteroidPotion"},{"floor":44,"key":"LiquidMemories"}],"is_trial":false,"path_per_floor":["M","M","?","?","?","R","E","?","T","$","E","R","E","M","R","B",null,"M","M","M","?","M","E","R","$","T","E","$","E","R","M","R","B",null,"M","M","M","M","$","E","M","E","T","E","T","R","?","M","R","B",null,"R","$","E","B",null],"character_chosen":"THE_SILENT","items_purchased":["InkBottle","Caltrops","Bronze Scales","HandDrill","Mercury Hourglass","Footwork","Finesse","Ninja Scroll","Mango","Panache","Juzu Bracelet","PreservedInsect","Blur","Swift Strike","Caltrops","Swift Strike","Noxious Fumes","Membership Card","Whetstone","Shuriken","TwistedFunnel","Mummified Hand","CaptainsWheel","DollysMirror","Strength Potion"],"campfire_rested":0,"item_purchase_floors":[0,0,0,0,0,0,0,0,0,0,0,0,0,0,0,10,10,25,25,28,39,39,53,53,53],"current_hp_per_floor":[35,35,35,35,35,35,29,29,29,29,29,29,29,29,29,34,75,71,71,71,71,71,62,62,62,62,62,62,62,62,62,62,62,82,78,78,78,78,78,78,78,78,78,78,84,84,84,84,84,38,81,81,81,77,63],"gold":272,"neow_bonus":"","is_daily":false,"chose_seed":false,"campfire_upgraded":6,"win_rate":0.0,"timestamp":1608691863,"path_taken":["M","M","?","?","?","R","E","?","T","$","E","R","E","M","R","BOSS","M","M","M","?","M","E","R","$","T","E","?","E","R","M","R","BOSS","M","M","M","M","?","E","M","E","T","E","?","R","?","M","R","BOSS","R","$","E","BOSS"],"items_purchased_type":["Relic","Card","Relic","Relic","Relic","Card","Card","Relic","Relic","Card","Relic","Relic","Card","Card","Card","Card","Card","Relic","Relic","Relic","Relic","Relic","Relic","Relic","Potion"],"build_version":"2020-12-13","purchased_purges":8,"victory":true,"max_hp_per_floor":[84,84,84,84,84,84,84,84,84,84,84,84,84,84,84,89,89,89,89,89,89,89,89,89,89,89,89,89,89,89,89,89,89,89,89,89,89,89,89,89,89,89,89,89,95,95,95,95,95,95,95,95,95,95,95],"card_choices":[{"not_picked":["Well Laid Plans","Flying Knee"],"picked":"Blur","floor":1.0},{"not_picked":["Prepared","Outmaneuver"],"picked":"Accuracy","floor":2.0},{"not_picked":["Deadly Poison","Outmaneuver"],"picked":"Blur","floor":7.0},{"not_picked":["Flying Knee","Masterful Stab"],"picked":"Adrenaline","floor":11.0},{"not_picked":["Well Laid Plans","Deadly Poison","Prepared"],"picked":"SKIP","floor":13.0},{"not_picked":["Dodge and Roll","Heel Hook","Accuracy"],"picked":"SKIP","floor":14.0},{"not_picked":["Corpse Explosion","A Thousand Cuts"],"picked":"After Image","floor":16.0},{"not_picked":["Poisoned Stab","Dodge and Roll"],"picked":"Blade Dance","floor":18.0},{"not_picked":["Sucker Punch","PiercingWail+1","Reflex"],"picked":"SKIP","floor":19.0},{"not_picked":["Acrobatics+1","All Out Attack+1","Quick Slash"],"picked":"SKIP","floor":20.0},{"not_picked":["Eviscerate","Prepared","Acrobatics"],"picked":"SKIP","floor":22.0},{"not_picked":["Sucker Punch","PiercingWail","Dash"],"picked":"SKIP","floor":23.0},{"not_picked":["Setup","Acrobatics","Crippling Poison"],"picked":"SKIP","floor":27},{"not_picked":["Grand Finale","Deflect","Tactician"],"picked":"SKIP","floor":29},{"not_picked":["Dash","Dodge and Roll","Outmaneuver"],"picked":"SKIP","floor":31},{"not_picked":["Reflex","Bane+1"],"picked":"Noxious Fumes+1","floor":35},{"not_picked":["Dodge and Roll","Prepared+1","Dash"],"picked":"SKIP","floor":36},{"not_picked":["Acrobatics","Predator","Well Laid Plans+1"],"picked":"SKIP","floor":37},{"not_picked":["Flying Knee","Quick Slash","Bane"],"picked":"SKIP","floor":38},{"not_picked":["Quick Slash","Glass Knife"],"picked":"Blur","floor":40},{"not_picked":["Deadly Poison","Outmaneuver","Dagger Spray"],"picked":"SKIP","floor":41},{"not_picked":["Malaise","Skewer","Slice"],"picked":"SKIP","floor":42},{"not_picked":["Underhanded Strike","Choke","Sucker Punch"],"picked":"SKIP","floor":44},{"not_picked":["Footwork","Blade Dance"],"picked":"Accuracy","floor":48},{"not_picked":["Outmaneuver","Finisher"],"picked":"Cloak And Dagger","floor":54}],"player_experience":3018042,"relics_obtained":[{"floor":7.0,"key":"Turnip"},{"floor":9.0,"key":"Tiny Chest"},{"floor":11.0,"key":"Art of War"},{"floor":13.0,"key":"Bottled Lightning"},{"floor":23.0,"key":"Ancient Tea Set"},{"floor":26,"key":"Paper Crane"},{"floor":27,"key":"StrikeDummy"},{"floor":29,"key":"Kunai"},{"floor":40,"key":"Boot"},{"floor":42,"key":"Bottled Flame"},{"floor":43,"key":"Darkstone Periapt"},{"floor":44,"key":"Girya"},{"floor":45,"key":"Snake Skull"},{"floor":54,"key":"Nunchaku"}],"event_choices":[{"damage_healed":0.0,"max_hp_gain":0.0,"max_hp_loss":0.0,"gold_gain":0.0,"event_name":"Golden Wing","player_choice":"Ignored","floor":3.0,"gold_loss":0.0,"damage_taken":0.0},{"damage_healed":0.0,"max_hp_gain":0.0,"max_hp_loss":0.0,"gold_gain":0.0,"event_name":"Living Wall","player_choice":"Grow","floor":4.0,"gold_loss":0.0,"damage_taken":0.0,"cards_upgraded":["Caltrops"]},{"damage_healed":0.0,"max_hp_gain":0.0,"max_hp_loss":0.0,"gold_gain":0.0,"event_name":"Match and Keep!","player_choice":"1 cards matched","floor":5.0,"gold_loss":0.0,"damage_taken":0.0,"cards_obtained":["Neutralize"]},{"damage_healed":0.0,"max_hp_gain":0.0,"max_hp_loss":0.0,"gold_gain":0.0,"event_name":"Big Fish","player_choice":"Box","floor":8.0,"gold_loss":0.0,"damage_taken":0.0,"relics_obtained":["Happy Flower"],"cards_obtained":["Regret"]},{"damage_healed":0.0,"max_hp_gain":0.0,"max_hp_loss":0.0,"gold_gain":0.0,"event_name":"Transmorgrifier","player_choice":"Ignored","floor":21.0,"gold_loss":0.0,"damage_taken":0.0},{"damage_healed":0,"gold_gain":300,"player_choice":"Gold","damage_taken":0,"max_hp_gain":0,"max_hp_loss":0,"event_name":"Wheel of Change","floor":47,"gold_loss":0}],"is_beta":false,"boss_relics":[{"not_picked":["Astrolabe","Runic Pyramid"],"picked":"Cursed Key"},{"not_picked":["Calling Bell","Black Star"],"picked":"WristBlade"}],"items_purged_floors":[10,25,25,25,25,25,25,28],"is_endless":false,"potions_floor_spawned":[1,7,16,18,29,33,40,42,44,48],"ascension_level":12}}