{"host":"00tqcjwpycel7e54","time":1608694659,"event":{"mods":["ATMod(阿瑾Mod)","BaseMod","Colored Powertips","Displayed Cursed Tome","Downfall","Hermit","Highlight Path","KomeijiMod","Lobotomy","Luminous","Marisa（F雨　魔理沙）","Minty Spire (QoL Compilation)","Remilia（蕾米莉亚）","Replay The Spire","Robot Space Explorer","Shop Mod","Spicy Shops","StSLib","The Administrix","The Bug Knight","The Cursed","The Dragon Tamer","The Gatherer","The Hierophant","The Runesmith","The Senshi","The Servant 0.9.4","WarShipGirlsR/战舰少女R mod","Youmu（魂魄妖梦）","Yuyuko","【东方二次创作】八云紫mod","【遗物卡牌】REMEMod"],"gold_per_floor":[117,192,142,292,307,337,337],"floor_reached":6,"playtime":171,"items_purged":[],"score":65,"play_id":"6008b5c1-52ce-4004-bb53-127fbc57e2e7","local_time":"20201223113738","is_ascension_mode":true,"campfire_choices":[],"circlet_count":0,"master_deck":["AscendersBane","Strike_G","Strike_G","Strike_G","Strike_G","Strike_G","Defend_G","Defend_G","Defend_G","Defend_G","Defend_G","Survivor","Neutralize","ShyLook","Cloak And Dagger","Dagger Spray","Backstab","Draining Mist","Doubt","ReplayTheSpireMod:Speed Training"],"relics":["Ring of the Snake","AT_ATBox","REME_ComplimentaryCards","CogitoBucket"],"acts_visited":["Exordium"],"potions_floor_usage":[6],"damage_taken":[{"damage":0.0,"enemies":"Cultist","floor":1.0,"turns":4.0},{"damage":9,"enemies":"Jaw Worm","floor":5,"turns":2},{"damage":19,"enemies":"3 Sentries","floor":6,"turns":4}],"seed_played":"1839400102321555749","potions_obtained":[{"floor":5,"key":"REME_GoldPotion"}],"is_trial":false,"path_per_floor":["M","?","?","?","M","E"],"character_chosen":"THE_SILENT","items_purchased":[],"campfire_rested":0,"item_purchase_floors":[],"current_hp_per_floor":[59,48,48,48,39,20,20],"gold":337,"neow_bonus":"","is_daily":false,"chose_seed":false,"campfire_upgraded":0,"win_rate":0.0,"timestamp":1608694658,"path_taken":["M","?","?","?","M","E"],"items_purchased_type":[],"build_version":"2020-12-13","purchased_purges":0,"victory":false,"max_hp_per_floor":[66,66,66,66,66,66,66],"card_choices":[{"not_picked":["PunishingBird","VoidDream"],"picked":"ShyLook","floor":1.0},{"not_picked":["Eviscerate","Bane"],"picked":"Cloak And Dagger","floor":1.0},{"not_picked":[],"picked":"Dagger Spray","floor":3.0},{"not_picked":[],"picked":"Backstab","floor":3.0},{"not_picked":[],"picked":"Draining Mist","floor":3.0},{"not_picked":["Backflip","Acrobatics"],"picked":"ReplayTheSpireMod:Speed Training","floor":5}],"player_experience":692620,"relics_obtained":[],"event_choices":[{"damage_healed":0.0,"max_hp_gain":0.0,"max_hp_loss":0.0,"gold_gain":75.0,"event_name":"World of Goop","player_choice":"Gather Gold","floor":2.0,"gold_loss":0.0,"damage_taken":11.0},{"damage_healed":0.0,"max_hp_gain":0.0,"max_hp_loss":0.0,"gold_gain":150.0,"event_name":"Liars Game","player_choice":"AGREE","floor":4.0,"gold_loss":0.0,"damage_taken":0.0,"cards_obtained":["Doubt"]}],"is_beta":false,"boss_relics":[],"items_purged_floors":[],"is_endless":false,"potions_floor_spawned":[5],"killed_by":"3 Sentries","ascension_level":18}}