{"host":"ypphcgdomtfqpc2w","time":1608728714,"event":{"mods":["BaseMod","Minty Spire (QoL Compilation)","StSLib"],"gold_per_floor":[218,218,243,75,99,99,139,20,70,70,70,101,115,155,155,249,249,263,18,0,20,20,20],"floor_reached":22,"playtime":1003,"items_purged":["Strike_R","Anger"],"score":404,"play_id":"a1a0a64a-1d60-458c-84ec-b0ca4414e0c4","local_time":"20201223220514","is_ascension_mode":true,"campfire_choices":[{"data":"Bash","floor":6.0,"key":"SMITH"},{"floor":11.0,"key":"REST"},{"floor":15.0,"key":"REST"}],"circlet_count":0,"master_deck":["AscendersBane","Bash+1","True Grit","Hemokinesis","Rampage","Rupture","Ghostly Armor","Double Tap","Feed","Anger","Warcry","Entrench","Seeing Red","Twin Strike","Rage","Demon Form","Burning Pact","Thunderclap","Armaments","Finesse","True Grit"],"relics":["Burning Blood","Golden Idol","War Paint","Lantern","Strawberry","Lizard Tail","Blue Candle","Pandora\u0027s Box"],"acts_visited":["Exordium","TheCity"],"potions_floor_usage":[21],"damage_taken":[{"damage":1.0,"enemies":"Small Slimes","floor":1.0,"turns":5.0},{"damage":2.0,"enemies":"Jaw Worm","floor":3.0,"turns":4.0},{"damage":2.0,"enemies":"2 Louse","floor":5.0,"turns":3.0},{"damage":50.0,"enemies":"3 Sentries","floor":7.0,"turns":9.0},{"damage":38.0,"enemies":"Gremlin Nob","floor":12.0,"turns":4.0},{"damage":18.0,"enemies":"Exordium Thugs","floor":13.0,"turns":4.0},{"damage":24.0,"enemies":"Lagavulin","floor":14.0,"turns":8.0},{"damage":39.0,"enemies":"Slime Boss","floor":16.0,"turns":11.0},{"damage":40.0,"enemies":"Spheric Guardian","floor":18.0,"turns":6.0},{"damage":9,"enemies":"Chosen","floor":21,"turns":3},{"damage":49,"enemies":"Snecko","floor":22,"turns":5}],"seed_played":"102148673840159437","potions_obtained":[{"floor":3.0,"key":"SpeedPotion"},{"floor":12.0,"key":"SkillPotion"},{"floor":16.0,"key":"Strength Potion"}],"is_trial":false,"path_per_floor":["M","?","M","$","M","R","E","$","T","?","R","E","M","E","R","B",null,"M","$","?","M","M"],"character_chosen":"IRONCLAD","items_purchased":["War Paint","Rupture","Armaments","Finesse"],"campfire_rested":2,"item_purchase_floors":[4,8,19,19],"current_hp_per_floor":[73,47,51,51,55,55,11,11,18,45,69,37,25,7,31,45,73,39,39,39,36,0,0],"gold":20,"neow_bonus":"HUNDRED_GOLD","is_daily":false,"chose_seed":false,"campfire_upgraded":1,"win_rate":0.0,"timestamp":1608728714,"path_taken":["M","?","M","$","M","R","E","$","T","?","R","E","M","E","R","BOSS","M","$","?","M","M"],"items_purchased_type":["Relic","Card","Card","Card"],"build_version":"2020-12-22","purchased_purges":2,"victory":false,"max_hp_per_floor":[75,75,75,75,75,75,75,75,82,82,82,82,82,82,82,82,82,82,82,82,82,82,82],"card_choices":[{"not_picked":["Iron Wave","True Grit"],"picked":"Anger","floor":1.0},{"not_picked":["Iron Wave","Perfected Strike"],"picked":"True Grit","floor":3.0},{"not_picked":["Clothesline","Sword Boomerang"],"picked":"Hemokinesis","floor":5.0},{"not_picked":["Flex","Perfected Strike"],"picked":"Rampage","floor":7.0},{"not_picked":["Sever Soul","Armaments","Whirlwind"],"picked":"SKIP","floor":12.0},{"not_picked":["Sever Soul","Armaments","Whirlwind"],"picked":"SKIP","floor":12.0},{"not_picked":["Iron Wave","Perfected Strike"],"picked":"Ghostly Armor","floor":13.0},{"not_picked":["Body Slam","Havoc"],"picked":"Double Tap","floor":14.0},{"not_picked":["Corruption","Impervious"],"picked":"Feed","floor":16.0},{"not_picked":["Blood for Blood","Ghostly Armor"],"picked":"Thunderclap","floor":18.0},{"not_picked":["Body Slam","Anger"],"picked":"True Grit","floor":21}],"player_experience":1954305,"relics_obtained":[{"floor":7.0,"key":"Lantern"},{"floor":9.0,"key":"Strawberry"},{"floor":12.0,"key":"Lizard Tail"},{"floor":14.0,"key":"Blue Candle"}],"event_choices":[{"damage_healed":0.0,"max_hp_gain":0.0,"max_hp_loss":0.0,"gold_gain":0.0,"event_name":"Golden Idol","player_choice":"Take Damage","floor":2.0,"gold_loss":0.0,"damage_taken":26.0,"relics_obtained":["Golden Idol"]},{"damage_healed":27.0,"max_hp_gain":0.0,"max_hp_loss":0.0,"gold_gain":0.0,"event_name":"Big Fish","player_choice":"Banana","floor":10.0,"gold_loss":0.0,"damage_taken":0.0},{"damage_healed":0.0,"max_hp_gain":0.0,"max_hp_loss":0.0,"gold_gain":0.0,"event_name":"Masked Bandits","player_choice":"Paid Fearfully","floor":20.0,"gold_loss":18.0,"damage_taken":0.0}],"is_beta":false,"boss_relics":[{"not_picked":["Empty Cage","Velvet Choker"],"picked":"Pandora\u0027s Box"}],"items_purged_floors":[8,19],"is_endless":false,"potions_floor_spawned":[3,12,16],"killed_by":"Snecko","ascension_level":20}}