{"host":"wy23tj84iquxuyyu","time":1608735392,"event":{"mods":["Aspiration","BaseMod","Better Note","Colored Map","Fireblade Mod","Hermit","Marked Mod","Minty Spire (QoL Compilation)","Random Character Button","Rare Cards Sparkle","Relic Stats","Replay The Spire","Retaliation","Spicy Shops","StSLib","The Cursed","The Death Knight","The Necromancer","Trackpad"],"gold_per_floor":[118,133,143,157,171,171,190,203,228,240,173,173,173,184,184,288,288,300,231,247,247,262,262,290,290,362,379,390,405,405,416,416,517,517,530,543,543,543,543,543,554,72,72,72,84,99,0,12,12,12],"floor_reached":51,"playtime":3268,"items_purged":["Looming Evil"],"score":644,"play_id":"5be60a1e-6c0e-42e3-9fb3-cc7ab053fa4a","local_time":"20201223095632","is_ascension_mode":false,"campfire_choices":[{"floor":6.0,"key":"REST"},{"floor":13.0,"key":"REST"},{"floor":15.0,"key":"REST"},{"data":"ReplayTheSpireMod:Calculation Training","floor":23.0,"key":"SMITH"},{"floor":25.0,"key":"REST"},{"floor":32.0,"key":"REST"},{"floor":40,"key":"REST"},{"floor":44,"key":"REST"},{"floor":49,"key":"REST"}],"circlet_count":0,"master_deck":["Strike_B","Strike_B","Strike_B","Defend_B","Defend_B","Defend_B","Defend_B","Zap","Dualcast","ReplayTheSpireMod:Reroute Power","Genetic Algorithm","Cold Snap","Machine Learning","Melter","Conserve Battery","Ball Lightning","Leap","ReplayTheSpireMod:Calculation Training+1","Core Surge","Double Energy+1","Steam","Echo Form+1","Redo+1","Conserve Battery+1","Self Repair+1","Defragment+1","Conserve Battery","ReplayTheSpireMod:Calculation Training+1","Defragment","Loop"],"relics":["FrozenCore","ReplayFunnel","CultistMask","ReplayTheSpireMod:CursedCoin","StoneCalendar","aspiration:HiddenCompartment","trackpad:GuardianSpirit","aspiration:Stellarator","Cables","Runic Capacitor","Bird Faced Urn","Red Mask"],"acts_visited":["Exordium","TheCity","TheBeyond"],"potions_floor_usage":[],"damage_taken":[{"damage":0.0,"enemies":"Cultist","floor":1.0,"turns":4.0},{"damage":11.0,"enemies":"Small Slimes","floor":2.0,"turns":4.0},{"damage":6.0,"enemies":"2 Louse","floor":3.0,"turns":3.0},{"damage":31.0,"enemies":"Gremlin Gang","floor":4.0,"turns":6.0},{"damage":6.0,"enemies":"2 Fungi Beasts","floor":5.0,"turns":3.0},{"damage":0.0,"enemies":"Looter","floor":7.0,"turns":4.0},{"damage":0.0,"enemies":"3 Louse","floor":8.0,"turns":4.0},{"damage":0.0,"enemies":"Large Slime","floor":10.0,"turns":4.0},{"damage":15.0,"enemies":"Exordium Thugs","floor":14.0,"turns":6.0},{"damage":36.0,"enemies":"Hexaghost","floor":16.0,"turns":13.0},{"damage":0.0,"enemies":"Spheric Guardian","floor":18.0,"turns":2.0},{"damage":4.0,"enemies":"3 Byrds","floor":20.0,"turns":7.0},{"damage":0.0,"enemies":"Snake Plant","floor":22.0,"turns":6.0},{"damage":17.0,"enemies":"Slavers","floor":24.0,"turns":6.0},{"damage":10.0,"enemies":"Shelled Parasite and Fungi","floor":27.0,"turns":7.0},{"damage":1.0,"enemies":"Centurion and Healer","floor":28.0,"turns":9.0},{"damage":0.0,"enemies":"Snecko","floor":29.0,"turns":7.0},{"damage":28.0,"enemies":"Cultist and Chosen","floor":31.0,"turns":10.0},{"damage":50.0,"enemies":"Pondfish","floor":33.0,"turns":12.0},{"damage":2.0,"enemies":"Orb Walker","floor":35.0,"turns":7.0},{"damage":0,"enemies":"3 Shapes","floor":36,"turns":7},{"damage":28,"enemies":"Spire Growth","floor":41,"turns":7},{"damage":0,"enemies":"Sphere and 2 Shapes","floor":45,"turns":6},{"damage":7,"enemies":"4 Shapes","floor":46,"turns":7},{"damage":10,"enemies":"Transient","floor":48,"turns":5},{"damage":24,"enemies":"Time Eater","floor":50,"turns":12}],"seed_played":"8046953809549894283","potions_obtained":[{"floor":3.0,"key":"DeathKnight:RimePotion"},{"floor":4.0,"key":"Adrenaline Potion"},{"floor":7.0,"key":"EntropicBrew"},{"floor":8.0,"key":"PowerPotion"}],"is_trial":false,"path_per_floor":["M","M","M","M","M","R","M","M","T","M","$","?","R","M","R","B",null,"M","$","M","?","M","R","E","R","T","M","M","M","?","M","R","B",null,"M","M","?","?","?","R","M","$","T","R","M","M","?","M","R","B",null],"character_chosen":"DEFECT","items_purchased":["Leap","ReplayTheSpireMod:CursedCoin","StoneCalendar","Cables","Runic Capacitor","Loop"],"campfire_rested":8,"item_purchase_floors":[11,19,19,42,42,42],"current_hp_per_floor":[75,64,58,27,21,43,43,43,43,43,43,43,65,50,72,36,75,75,75,71,71,71,71,54,75,75,65,64,71,71,50,72,29,75,73,75,75,53,53,75,57,57,57,75,75,72,72,68,75,73],"gold":12,"neow_bonus":"TRANSFORM_CARD","is_daily":false,"chose_seed":false,"campfire_upgraded":1,"win_rate":0.0,"timestamp":1608735392,"path_taken":["M","?","?","M","M","R","M","?","T","M","?","?","R","M","R","BOSS","M","$","M","?","M","R","E","R","T","M","?","M","?","M","R","BOSS","M","M","?","?","?","R","M","$","T","R","M","?","?","M","R","BOSS"],"items_purchased_type":["Card","Relic","Relic","Relic","Relic","Card"],"build_version":"2020-12-22","purchased_purges":1,"victory":true,"max_hp_per_floor":[75,75,75,75,75,75,75,75,75,75,75,75,75,75,75,75,75,75,75,75,75,75,75,75,75,75,75,75,75,75,75,75,75,75,75,75,75,75,75,75,75,75,75,75,75,75,75,75,75,75],"relic_stats":{"counters":[26,168],"Bird Faced Urn":[22],"StoneCalendar":[359],"obtain_stats":[{"ReplayFunnel":9,"trackpad:GuardianSpirit":26,"ReplayTheSpireMod:CursedCoin":19,"aspiration:Stellarator":34,"StoneCalendar":19,"Runic Capacitor":42,"aspiration:HiddenCompartment":24,"FrozenCore":17,"Cables":42,"Bird Faced Urn":43,"CultistMask":12,"Red Mask":47,"Cracked Core":0},{"ReplayFunnel":7,"trackpad:GuardianSpirit":14,"ReplayTheSpireMod:CursedCoin":11,"aspiration:Stellarator":19,"StoneCalendar":11,"Runic Capacitor":22,"aspiration:HiddenCompartment":14,"FrozenCore":10,"Cables":22,"Bird Faced Urn":22,"CultistMask":8,"Red Mask":24,"Cracked Core":0},{"ReplayFunnel":28,"trackpad:GuardianSpirit":72,"ReplayTheSpireMod:CursedCoin":53,"aspiration:Stellarator":117,"StoneCalendar":53,"Runic Capacitor":138,"aspiration:HiddenCompartment":72,"FrozenCore":51,"Cables":138,"Bird Faced Urn":138,"CultistMask":32,"Red Mask":151,"Cracked Core":0}],"FrozenCore":[76],"Cables":[14,3,11,0,0]},"card_choices":[{"not_picked":["Cold Snap","Steam"],"picked":"Genetic Algorithm","floor":1.0},{"not_picked":["Gash","Sweeping Beam"],"picked":"Cold Snap","floor":2.0},{"not_picked":["Fusion","Compile Driver"],"picked":"Machine Learning","floor":3.0},{"not_picked":["Gash","Doom and Gloom","Streamline"],"picked":"SKIP","floor":4.0},{"not_picked":["Chaos","Reinforced Body","Barrage"],"picked":"SKIP","floor":5.0},{"not_picked":["Rebound","Panic Button"],"picked":"Melter","floor":7.0},{"not_picked":["BasicCrystalCard","FIFO Queue"],"picked":"Conserve Battery","floor":8.0},{"not_picked":["Steam Power","Gash"],"picked":"Ball Lightning","floor":10.0},{"not_picked":["White Noise","Fusion"],"picked":"ReplayTheSpireMod:Calculation Training","floor":14.0},{"not_picked":["Reboot","Thunder Strike"],"picked":"Core Surge","floor":16.0},{"not_picked":["BasicCrystalCard","Gash"],"picked":"Double Energy","floor":18.0},{"not_picked":["Beam Cell","Lockon"],"picked":"Steam","floor":20.0},{"not_picked":["Rebound+1","Capacitor"],"picked":"Redo+1","floor":22.0},{"not_picked":["Thunder Strike","Stack","Redo"],"picked":"SKIP","floor":24.0},{"not_picked":["Rebound","Doom and Gloom"],"picked":"Conserve Battery+1","floor":27.0},{"not_picked":["Capacitor","Steam"],"picked":"Self Repair","floor":28.0},{"not_picked":["Gash","Sweeping Beam+1"],"picked":"Defragment","floor":29.0},{"not_picked":["Turbo+1","Sweeping Beam+1","Heatsinks"],"picked":"SKIP","floor":31.0},{"not_picked":["BasicCrystalCard","Compile Driver","Sweeping Beam+1"],"picked":"SKIP","floor":35.0},{"not_picked":["Streamline","Compile Driver"],"picked":"Conserve Battery","floor":36},{"not_picked":["ReplayTheSpireMod:GoodbyeWorld","Coolheaded+1"],"picked":"Defragment","floor":41},{"not_picked":["Ball Lightning","Panic Button+1","Rainbow"],"picked":"SKIP","floor":45},{"not_picked":["Turbo+1","BootSequence","BasicCrystalCard+1"],"picked":"SKIP","floor":46},{"not_picked":["Time Bomb","Melter+1","Streamline+1"],"picked":"SKIP","floor":48}],"player_experience":803031,"relics_obtained":[{"floor":9.0,"key":"ReplayFunnel"},{"floor":24.0,"key":"aspiration:HiddenCompartment"},{"floor":26.0,"key":"trackpad:GuardianSpirit"},{"floor":43,"key":"Bird Faced Urn"}],"event_choices":[{"damage_healed":0.0,"max_hp_gain":0.0,"max_hp_loss":0.0,"gold_gain":0.0,"event_name":"FaceTrader","player_choice":"Trade","floor":12.0,"gold_loss":0.0,"damage_taken":0.0,"relics_obtained":["CultistMask"]},{"damage_healed":0.0,"max_hp_gain":0.0,"max_hp_loss":0.0,"gold_gain":0.0,"event_name":"Match and Keep!","player_choice":"1 cards matched","floor":21.0,"gold_loss":0.0,"damage_taken":0.0,"cards_obtained":["Echo Form"]},{"damage_healed":0.0,"max_hp_gain":0.0,"max_hp_loss":0.0,"gold_gain":0.0,"event_name":"Accursed Blacksmith","player_choice":"Forge","floor":30.0,"gold_loss":0.0,"damage_taken":0.0,"cards_upgraded":["Echo Form"]},{"damage_healed":0,"gold_gain":0,"player_choice":"Ignored","damage_taken":0,"max_hp_gain":0,"max_hp_loss":0,"event_name":"Mysterious Sphere","floor":37,"gold_loss":0},{"damage_healed":0,"gold_gain":0,"player_choice":"Copied","damage_taken":0,"max_hp_gain":0,"max_hp_loss":0,"event_name":"Duplicator","floor":39,"gold_loss":0,"cards_obtained":["ReplayTheSpireMod:Calculation Training"]},{"damage_healed":0,"gold_gain":0,"player_choice":"Paid","damage_taken":0,"relics_obtained":["Red Mask"],"max_hp_gain":0,"max_hp_loss":0,"event_name":"Tomb of Lord Red Mask","floor":47,"gold_loss":99}],"is_beta":false,"boss_relics":[{"not_picked":["aspiration:FutureDiary","Kintsugi"],"picked":"FrozenCore"},{"not_picked":["ReplayTheSpireMod:DimensionalGlitch","Replay:Grab Bag"],"picked":"aspiration:Stellarator"}],"items_purged_floors":[19],"is_endless":false,"potions_floor_spawned":[3,4,7,8,18,20,29,33,36,41],"ascension_level":0}}