{"host":"wg33yb1rgt3nbe17","time":1608700209,"event":{"mods":["AchievementEnabler","BaseMod","Colored Map","Minty Spire (QoL Compilation)","Permanent Neow","Relic Stats","StSLib"],"gold_per_floor":[10,10,22,38,38,38,64,5,32,32,3,3,0,35,35,35,35],"floor_reached":16,"playtime":290,"items_purged":[],"score":201,"play_id":"32c552d6-ef50-428b-af08-ef0764d5664b","local_time":"20201223001009","is_ascension_mode":true,"campfire_choices":[{"data":"Entrench","floor":6.0,"key":"SMITH"},{"data":"Shrug It Off","floor":10.0,"key":"SMITH"},{"data":"Shrug It Off","floor":12.0,"key":"SMITH"},{"floor":15,"key":"REST"}],"circlet_count":0,"master_deck":["AscendersBane","Strike_R","Strike_R","Strike_R","Strike_R","Defend_R","Defend_R","Bash","Whirlwind+1","Entrench+1","Impervious","Shrug It Off+1","Shrug It Off+1","Spot Weakness"],"relics":["Burning Blood","Smiling Mask","Ancient Tea Set","CaptainsWheel"],"acts_visited":["Exordium"],"potions_floor_usage":[14],"damage_taken":[{"damage":7.0,"enemies":"Cultist","floor":1.0,"turns":4.0},{"damage":12.0,"enemies":"Small Slimes","floor":3.0,"turns":2.0},{"damage":0.0,"enemies":"2 Louse","floor":4.0,"turns":1.0},{"damage":40.0,"enemies":"3 Sentries","floor":7.0,"turns":5.0},{"damage":49,"enemies":"Gremlin Nob","floor":14,"turns":6},{"damage":37,"enemies":"Hexaghost","floor":16,"turns":9}],"seed_played":"-4656430436883866919","potions_obtained":[{"floor":1.0,"key":"ElixirPotion"},{"floor":4.0,"key":"FairyPotion"}],"is_trial":false,"path_per_floor":["M","?","M","M","?","R","E","$","T","R","$","R","?","E","R","B"],"character_chosen":"IRONCLAD","items_purchased":["Shrug It Off","Shrug It Off"],"campfire_rested":1,"item_purchase_floors":[8,11],"current_hp_per_floor":[67,67,61,67,60,60,26,26,26,26,26,26,26,11,33,0,0],"gold":35,"neow_bonus":"REMOVE_TWO","is_daily":false,"chose_seed":false,"campfire_upgraded":3,"win_rate":0.0,"timestamp":1608700209,"path_taken":["M","?","M","M","?","R","E","$","T","R","$","R","?","E","R","BOSS"],"items_purchased_type":["Card","Card"],"build_version":"2020-12-22","purchased_purges":0,"victory":false,"max_hp_per_floor":[75,75,75,75,75,75,75,75,75,75,75,75,75,75,75,75,75],"relic_stats":{"counters":[6,27],"Smiling Mask":0,"obtain_stats":[{"CaptainsWheel":14,"Smiling Mask":7,"Ancient Tea Set":9,"Burning Blood":0},{"CaptainsWheel":5,"Smiling Mask":4,"Ancient Tea Set":4,"Burning Blood":0},{"CaptainsWheel":18,"Smiling Mask":12,"Ancient Tea Set":12,"Burning Blood":0}],"Burning Blood":30},"card_choices":[{"not_picked":["Shrug It Off","Intimidate"],"picked":"Whirlwind","floor":1.0},{"not_picked":["Body Slam","Wild Strike","Iron Wave"],"picked":"SKIP","floor":3.0},{"not_picked":["Anger","Sever Soul"],"picked":"Entrench","floor":4.0},{"not_picked":["Wild Strike","Entrench"],"picked":"Impervious","floor":7.0},{"not_picked":["Thunderclap","Armaments"],"picked":"Spot Weakness","floor":14}],"player_experience":536948,"relics_obtained":[{"floor":7.0,"key":"Smiling Mask"},{"floor":9.0,"key":"Ancient Tea Set"},{"floor":14,"key":"CaptainsWheel"}],"event_choices":[{"damage_healed":0.0,"max_hp_gain":0.0,"max_hp_loss":0.0,"gold_gain":0.0,"event_name":"Living Wall","player_choice":"Grow","floor":2.0,"gold_loss":0.0,"damage_taken":0.0,"cards_upgraded":["Whirlwind"]},{"cards_removed":["Strike_R"],"damage_healed":0.0,"max_hp_gain":0.0,"max_hp_loss":0.0,"gold_gain":0.0,"event_name":"Golden Wing","player_choice":"Card Removal","floor":5.0,"gold_loss":0.0,"damage_taken":7.0},{"damage_healed":0.0,"max_hp_gain":0.0,"max_hp_loss":0.0,"gold_gain":0.0,"event_name":"World of Goop","player_choice":"Left Gold","floor":13.0,"gold_loss":3.0,"damage_taken":0.0}],"is_beta":false,"boss_relics":[],"items_purged_floors":[],"is_endless":false,"potions_floor_spawned":[1,4],"killed_by":"Hexaghost","ascension_level":18}}