{"host":"uuxww4b5od0o4ivw","time":1608714087,"event":{"mods":["BaseMod","Downfall","Minty Spire (QoL Compilation)","StSLib"],"gold_per_floor":[199,214,225,243,256,287,287,212,223,223,247,247,265,265,284,284,284,284],"floor_reached":16,"playtime":584,"items_purged":[],"score":104,"play_id":"d034159c-9aa3-4253-965c-3a0515b9a5a2","local_time":"20201222230127","is_ascension_mode":false,"campfire_choices":[{"data":"Slimebound:Split","floor":1,"key":"SMITH"},{"floor":8,"key":"RECALL"},{"floor":10,"key":"REST"}],"circlet_count":0,"master_deck":["Slimebound:Strike_Slimebound","Slimebound:Strike_Slimebound","Slimebound:Strike_Slimebound","Slimebound:Tackle","Slimebound:Defend_Slimebound","Slimebound:Defend_Slimebound","Slimebound:Defend_Slimebound","Slimebound:Defend_Slimebound","Slimebound:Split+1","Slimebound:CorrosiveSpit","Slimebound:RainOfGoop","Slimebound:ProtectTheBoss","Slimebound:SplitAcid","Slimebound:SplitMire","Slimebound:MegaLick","Slimebound:SplitMire","Slimebound:SamplingLick","Slimebound:LeadByExample","Slimebound:SplitAcid"],"relics":["Slimebound:AbsorbEndCombat","White Beast Statue","downfall:HeartBlessingBlue","Odd Mushroom","Anchor"],"acts_visited":["Exordium"],"potions_floor_usage":[],"damage_taken":[{"damage":10,"enemies":"Jaw Worm","floor":2,"turns":4},{"damage":8,"enemies":"2 Louse","floor":3,"turns":3},{"damage":8,"enemies":"Small Slimes","floor":4,"turns":3},{"damage":19,"enemies":"2 Fungi Beasts","floor":5,"turns":3},{"damage":55,"enemies":"Gremlin Nob","floor":6,"turns":5},{"damage":15,"enemies":"3 Louse","floor":9,"turns":3},{"damage":46,"enemies":"The Mushroom Lair","floor":11,"turns":4},{"damage":25,"enemies":"Gremlin Gang","floor":13,"turns":3},{"damage":20,"enemies":"Red Slaver","floor":15,"turns":4},{"damage":67,"enemies":"downfall:Watcher","floor":16,"turns":7}],"seed_played":"2933144543012601494","potions_obtained":[{"floor":2,"key":"CultistPotion"},{"floor":4,"key":"FearPotion"},{"floor":6,"key":"Weak Potion"},{"floor":15,"key":"Block Potion"}],"is_trial":false,"path_per_floor":["R","M","M","M","M","E","T","R","M","R","?","?","M","?","M","B"],"character_chosen":"SLIMEBOUND","items_purchased":[],"campfire_rested":1,"item_purchase_floors":[],"current_hp_per_floor":[60,60,60,60,57,22,22,32,33,54,34,22,13,36,40,0,0,0],"gold":284,"neow_bonus":"HUNDRED_GOLD","is_daily":false,"chose_seed":false,"campfire_upgraded":1,"win_rate":0.0,"timestamp":1608714087,"path_taken":["R","M","M","M","M","E","T","R","M","R","?","?","M","?","M","BOSS"],"items_purchased_type":[],"build_version":"2020-12-22","purchased_purges":0,"victory":false,"max_hp_per_floor":[60,60,60,60,60,60,60,70,70,70,70,70,70,70,70,70,70,70],"card_choices":[{"not_picked":["Slimebound:GoopSpray","Slimebound:LeechingTouch"],"picked":"Slimebound:RainOfGoop","floor":2},{"not_picked":["Slimebound:SlimeTap","Slimebound:ForwardTackle"],"picked":"Slimebound:ProtectTheBoss","floor":3},{"not_picked":["Slimebound:RollThrough","Slimebound:SlimeBrawl"],"picked":"Slimebound:SplitAcid","floor":4},{"not_picked":["Slimebound:SplitAcid","Slimebound:LivingWall"],"picked":"Slimebound:SplitMire","floor":5},{"not_picked":["Slimebound:HauntingLick","Slimebound:LeechEnergy"],"picked":"Slimebound:MegaLick","floor":6},{"not_picked":["Slimebound:LevelUp","Slimebound:FinishingTackle"],"picked":"Slimebound:SplitMire","floor":9},{"not_picked":["Slimebound:GoopSpray","Slimebound:FirmFortitude"],"picked":"Slimebound:SamplingLick","floor":11},{"not_picked":["Slimebound:PressTheAttack","Slimebound:SplitAcid"],"picked":"Slimebound:LeadByExample","floor":13},{"not_picked":["Slimebound:SpikyOuterGoop","Slimebound:ProtectTheBoss"],"picked":"Slimebound:SplitAcid","floor":15}],"player_experience":56861,"relics_obtained":[{"floor":6,"key":"White Beast Statue"},{"floor":11,"key":"Odd Mushroom"}],"event_choices":[{"damage_healed":0,"gold_gain":0,"player_choice":"Fought Mushrooms","damage_taken":0,"max_hp_gain":0,"max_hp_loss":0,"event_name":"Mushrooms","floor":11,"gold_loss":0},{"damage_healed":0,"gold_gain":0,"player_choice":"Success","damage_taken":12,"relics_obtained":["Anchor"],"max_hp_gain":0,"max_hp_loss":0,"event_name":"Scrap Ooze","floor":12,"gold_loss":0},{"damage_healed":23,"gold_gain":0,"player_choice":"Banana","damage_taken":0,"max_hp_gain":0,"max_hp_loss":0,"event_name":"Big Fish","floor":14,"gold_loss":0}],"is_beta":false,"boss_relics":[],"items_purged_floors":[],"is_endless":false,"potions_floor_spawned":[2,4,6,9,11,13,15],"killed_by":"downfall:Watcher","ascension_level":0}}