{"host":"cgwysqtmt736mr58","time":1608727078,"event":{"mods":["2.2 Compatiblity","Aspiration","BaseMod","Beaked The Cultist","Colored Map","Colored Powertips","Downfall","Googly Eyes","Halation","Hermit","Hubris","Infinite Spire","Lobotomy","LobotomyExtend","Marisa????????","Minty Spire (QoL Compilation)","Relic Stats","Replay The Spire","Shade Mod","StSLib","The Bug Knight","The Construct","The Cursed","The Disciple","The Exalted","The Jungle","The Necromancer","The Runesmith","The Servant 0.9.4","The Wild Card","Waifu the Spire","Yuri Mod","[IsaacMod]????"],"gold_per_floor":[114,114,114,124,57,57,74,109,134,134,152,78,78,78,78,174,174,190,190,209,209,209,209,126,139,139,139,139,66,77,96,96,192,192,202,202,221,231,85,85,100,100,100,100,127,127,127],"floor_reached":46,"playtime":2815,"items_purged":[],"score":471,"play_id":"b5e82820-f528-4088-9470-dae45218207a","local_time":"20201223233758","is_ascension_mode":false,"campfire_choices":[{"data":"HollowMod:NewGlowingWomb","floor":6,"key":"SMITH"},{"floor":10,"key":"REST"},{"floor":13,"key":"REST"},{"floor":15,"key":"DIG"},{"floor":23,"key":"REST"},{"floor":27,"key":"REST"},{"floor":32,"key":"REST"},{"floor":40,"key":"REST"},{"floor":42,"key":"REST"},{"data":"Soda","floor":44,"key":"SMITH"},{"data":"infinitespire:Starlight","floor":44,"key":"SMITH"}],"circlet_count":0,"master_deck":["HollowMod:NailStrikeStart","HollowMod:NailStrikeStart","HollowMod:NailStrikeStart","HollowMod:NailStrikeStart","HollowMod:QuickDashStart","HollowMod:QuickDashStart","HollowMod:QuickDashStart","HollowMod:QuickDashStart","HollowMod:FocusHealStart","HollowMod:PogoStrike","HollowMod:InfectedCysts","Soda+1","HollowMod:NewGlowingWomb+1","HollowMod:HeavyBlow","HollowMod:TaintedHusks","HollowMod:InfectionAssault","Infinite Blades","HollowMod:ZotesMagnificence","HollowMod:SlysStrikes","HollowMod:RecoilStrike+1","HollowMod:MothsMistake","HollowMod:HowlingWraiths+1","infinitespire:Starlight+1","HollowMod:CycloneSlash","HollowMod:CycloneSlash","HollowMod:GoodIntentions","HollowMod:DesolateDive","HollowMod:InfectedCysts+1","HollowMod:Hiveblood","Writhe","HollowMod:QuirrelsAssistance+1","HollowMod:DoubleDash+1","infinitespire:Starlight","HollowMod:GoodIntentions+1","infinitespire:TheBestDefense","HollowMod:HornetsHelp"],"relics":["HollowMod:VesselMask","HushsDoor","aspiration:Nostalgia","m_TsuchinokoRing","Leech","LetterFromLob","aspiration:SneckoTail","Bag of Preparation","Runesmith:Locket","Bromod:ArcaneGrace","Ornamental Fan","Replay:Arrowhead","Ring of Chaos","DollysMirror","ReplayTheSpireMod:TigerMarble"],"acts_visited":["Exordium","TheCity","TheBeyond"],"potions_floor_usage":[31,33,33,38,45],"damage_taken":[{"damage":1,"enemies":"2 Louse","floor":1,"turns":3},{"damage":3,"enemies":"Cultist","floor":4,"turns":3},{"damage":15,"enemies":"Jaw Worm","floor":7,"turns":2},{"damage":36,"enemies":"Lagavulin","floor":8,"turns":6},{"damage":23,"enemies":"Blue Slaver","floor":11,"turns":2},{"damage":53,"enemies":"Fading Forest","floor":16,"turns":11},{"damage":32,"enemies":"Shell Parasite","floor":18,"turns":3},{"damage":14,"enemies":"Chosen","floor":20,"turns":3},{"damage":20,"enemies":"3 Cultists","floor":25,"turns":3},{"damage":45,"enemies":"Chosen and Byrds","floor":30,"turns":6},{"damage":28,"enemies":"Snake Plant","floor":31,"turns":5},{"damage":95,"enemies":"Collector","floor":33,"turns":8},{"damage":39,"enemies":"3 Darklings","floor":35,"turns":4},{"damage":56,"enemies":"Orb Walker","floor":37,"turns":5},{"damage":124,"enemies":"HollowMod:SlobberingHusk","floor":38,"turns":9},{"damage":50,"enemies":"4 Shapes","floor":41,"turns":6},{"damage":147,"enemies":"Nightmare","floor":45,"turns":11},{"damage":0,"enemies":"Jaw Worm Horde","floor":46,"turns":2}],"seed_played":"3597608793667943647","potions_obtained":[{"floor":7,"key":"DuplicationPotion"},{"floor":11,"key":"construct:ShiftPotion"},{"floor":18,"key":"PowerPotion"},{"floor":31,"key":"AttackPotion"},{"floor":41,"key":"hexamod:EctoCoolerPotion"}],"is_trial":false,"path_per_floor":["M","M","?","M","$","R","M","E","T","R","M","$","R","?","R_BF","B",null,"M","?","M","?","AVR","R","$","M","T","R","?","$","M","M","R","B",null,"M","?","M","M","$","R","M","R","T","R","NM","M"],"character_chosen":"THE_BUGKNIGHT","items_purchased":["HollowMod:NewGlowingWomb","Infinite Blades","HollowMod:SlysStrikes","PowerPotion","HollowMod:CycloneSlash","HollowMod:DesolateDive","DollysMirror"],"campfire_rested":7,"item_purchase_floors":[5,12,17,24,24,29,39],"current_hp_per_floor":[74,74,74,72,72,72,65,49,49,71,56,56,75,75,75,61,71,43,43,35,35,35,56,56,39,39,60,60,60,41,42,63,14,71,42,60,51,26,26,47,47,68,68,68,21,22,22],"gold":127,"neow_bonus":"NOSTALGIA","is_daily":false,"chose_seed":false,"campfire_upgraded":3,"win_rate":0.0,"timestamp":1608727078,"path_taken":["M","M","?","?","$","R","M","E","T","R","M","$","R","?","R_BF","BOSS","M","?","M","?","AVR","R","?","M","T","R","?","$","?","M","R","BOSS","M","?","M","?","$","R","M","R","T","R","NM","M"],"items_purchased_type":["Card","Card","Card","Potion","Card","Card","Relic"],"build_version":"2020-12-22","purchased_purges":0,"victory":false,"max_hp_per_floor":[75,75,75,75,75,75,75,75,75,75,75,75,75,75,75,75,71,71,71,71,71,71,71,71,71,71,71,71,71,71,71,71,71,71,71,71,71,71,71,71,71,71,71,71,71,71,71],"relic_stats":{"counters":[18,91],"Ornamental Fan":[56],"Bag of Preparation":[28],"obtain_stats":[{"KeepersGift":0,"Bromod:ArcaneGrace":17,"aspiration:SneckoTail":8,"aspiration:Nostalgia":0,"Runesmith:Locket":15,"HollowMod:VesselMask":0,"Ring of Chaos":34,"Bag of Preparation":9,"Replay:Arrowhead":26,"Leech":1,"m_TsuchinokoRing":0,"Ornamental Fan":22,"DollysMirror":39,"LetterFromLob":1,"ReplayTheSpireMod:TigerMarble":45,"HushsDoor":0},{"KeepersGift":0,"Bromod:ArcaneGrace":6,"aspiration:SneckoTail":4,"aspiration:Nostalgia":0,"Runesmith:Locket":5,"HollowMod:VesselMask":0,"Ring of Chaos":12,"Bag of Preparation":4,"Replay:Arrowhead":9,"Leech":1,"m_TsuchinokoRing":0,"Ornamental Fan":8,"DollysMirror":15,"LetterFromLob":1,"ReplayTheSpireMod:TigerMarble":17,"HushsDoor":0},{"KeepersGift":0,"Bromod:ArcaneGrace":27,"aspiration:SneckoTail":14,"aspiration:Nostalgia":0,"Runesmith:Locket":16,"HollowMod:VesselMask":0,"Ring of Chaos":55,"Bag of Preparation":14,"Replay:Arrowhead":36,"Leech":2,"m_TsuchinokoRing":0,"Ornamental Fan":33,"DollysMirror":73,"LetterFromLob":3,"ReplayTheSpireMod:TigerMarble":90,"HushsDoor":0}]},"card_choices":[{"not_picked":[],"picked":"DoctorFetus","floor":0},{"not_picked":["HollowMod:GoodIntentions","Choke"],"picked":"HollowMod:InfectedCysts","floor":1},{"not_picked":["HollowMod:SiblingsSouls","HollowMod:PureNailStrike","HollowMod:SharpenedShadows"],"picked":"SKIP","floor":4},{"not_picked":["Flechettes","HollowMod:MonarchWings"],"picked":"HollowMod:HeavyBlow","floor":7},{"not_picked":["Flying Knee","HollowMod:RecoilStrike"],"picked":"HollowMod:TaintedHusks","floor":8},{"not_picked":["HollowMod:InfectedCysts","HollowMod:DesolateDive"],"picked":"HollowMod:InfectionAssault","floor":11},{"not_picked":["HollowMod:theNailsmith","HollowMod:NewInfectedGuardian"],"picked":"HollowMod:ZotesMagnificence","floor":16},{"not_picked":["HollowMod:SoulSplash","HollowMod:AbyssShriek"],"picked":"HollowMod:RecoilStrike+1","floor":18},{"not_picked":["HollowMod:ShapeofUnn+1","HollowMod:DescendingDark"],"picked":"HollowMod:HowlingWraiths+1","floor":20},{"not_picked":["HollowMod:WraithStrike","HollowMod:DashSlash"],"picked":"HollowMod:GoodIntentions","floor":25},{"not_picked":["HollowMod:AbyssShriek","HollowMod:SiblingsSouls"],"picked":"HollowMod:InfectedCysts+1","floor":30},{"not_picked":["HollowMod:HuntersJournal","HollowMod:MonarchWings","HollowMod:InfectionAssault"],"picked":"SKIP","floor":31},{"not_picked":["HollowMod:SoulMaster","HollowMod:AwokenDreamNail"],"picked":"HollowMod:Hiveblood","floor":33},{"not_picked":["HollowMod:HowlingWraiths","HollowMod:SiblingsShadow+1","HollowMod:InfectedCysts"],"picked":"SKIP","floor":35},{"not_picked":["HollowMod:SharpenedNail","HollowMod:GoodIntentions"],"picked":"HollowMod:QuirrelsAssistance+1","floor":37},{"not_picked":["HollowMod:InfectedAttack+1","HollowMod:DescendingDark"],"picked":"HollowMod:DoubleDash+1","floor":38},{"not_picked":["HollowMod:SharpenedNail","HollowMod:InfectedAttack"],"picked":"HollowMod:GoodIntentions+1","floor":41},{"not_picked":["infinitespire:NeuralNetwork","hubris:InfiniteBlow"],"picked":"infinitespire:TheBestDefense","floor":45},{"not_picked":["HollowMod:VengefulVoid+1","HollowMod:CycloneSlash+1"],"picked":"HollowMod:HornetsHelp","floor":45}],"player_experience":992019,"relics_obtained":[{"floor":1,"key":"LetterFromLob"},{"floor":8,"key":"aspiration:SneckoTail"},{"floor":9,"key":"Bag of Preparation"},{"floor":15,"key":"Runesmith:Locket"},{"floor":26,"key":"Replay:Arrowhead"},{"floor":45,"key":"ReplayTheSpireMod:TigerMarble"}],"event_choices":[{"cards_removed":["DoctorFetus"],"damage_healed":0,"gold_gain":0,"player_choice":"Took Card","damage_taken":0,"max_hp_gain":0,"max_hp_loss":0,"event_name":"NoteForYourself","floor":3,"gold_loss":0,"cards_obtained":["Soda"]},{"damage_healed":0,"gold_gain":0,"player_choice":"Ignored","damage_taken":0,"max_hp_gain":0,"max_hp_loss":0,"event_name":"Ghosts","floor":28,"gold_loss":0},{"damage_healed":18,"gold_gain":0,"player_choice":"Writhe","damage_taken":0,"max_hp_gain":0,"max_hp_loss":0,"event_name":"Winding Halls","floor":36,"gold_loss":0,"cards_obtained":["Writhe"]}],"is_beta":false,"boss_relics":[{"not_picked":["Philosopher\u0027s Stone","halation:Yufonium"],"picked":"Bromod:ArcaneGrace"},{"not_picked":[]},{"not_picked":["SacredBark","Empty Cage"],"picked":"Ring of Chaos"},{"not_picked":[]}],"items_purged_floors":[],"is_endless":true,"potions_floor_spawned":[7,11,18,30,31,41],"killed_by":"Jaw Worm Horde","ascension_level":0}}