{"host":"9dfaar78vv55a585","time":1608698559,"event":{"mods":["Aspiration","BaseMod","Better Third Choice","BetterRewards","Conspire","DeckTracker","Energized Spire","Glutton Mod","Halation","Hermit","Hubris","Infinite Spire","KinomotoSakuraMod(????)","LagranYue(???·?)","Marisa????????","Minty Spire (QoL Compilation)","Permanent Neow","Reimu??????","Remilia??????","Replay The Spire","Shop Mod","Spicy Shops","Spikes Relics","StSLib","SuperFastMode","The Cursed","The Juggle","Trackpad","vexMod"],"gold_per_floor":[115,43,63,38,57,88,88,101,101,101,114,114,189,207,207,304,970,982,996,996,1006,276,276,276,276,351,351,351,362,362,374,374,475,475,443,459,322,341,32,32,47,72,96,110,110,110,110],"floor_reached":46,"playtime":1655,"items_purged":["Pride","Pride"],"score":552,"play_id":"cc5b0da1-6898-4e02-ba0c-6f2497203f96","local_time":"20201223044239","is_ascension_mode":false,"campfire_choices":[{"floor":10,"key":"REST"},{"data":"BasicCrystalCard","floor":12,"key":"SMITH"},{"floor":15,"key":"REST"},{"floor":23,"key":"REST"},{"data":"Echo Form","floor":25,"key":"SMITH"},{"floor":27,"key":"REST"},{"floor":30,"key":"REST"},{"data":"Capacitor","floor":32,"key":"SMITH"},{"floor":40,"key":"REST"},{"floor":45,"key":"REST"}],"circlet_count":0,"master_deck":["Strike_B","Defend_B","Defend_B","Defend_B","Defend_B","Zap","Dualcast+1","Core Surge","Ball Lightning+1","Blizzard","Conserve Battery","Chill","Capacitor+1","BasicCrystalCard+1","Storm","Echo Form+1","Pride","Ball Lightning+1","conspire:Rain","Loop+1","Barrage","Master of Strategy","Creative AI","Aggregate+1","White Noise+1","Echo Form+1","Defragment","Capacitor","Electrodynamics","Cold Snap","Leap+1"],"relics":["Cracked Core","LagranYue:RandomDrawCardRelic","trackpad:ByrdBGone","Vajra","vexMod:RockOfEvil","vexMod:BigBerry","halation:VictoryRuler","infinitespire:BottledMercury","Replay:Frozen Program","ReplayTheSpireMod:ShopPack","hubris:Icosahedron","hubris:RGBLights","Astrolabe","halation:Diary","conspire:GiftBox","Replay:Wax Seal","SnailShell"],"acts_visited":["Exordium","TheCity","TheBeyond"],"potions_floor_usage":[16,42,42,42,46],"damage_taken":[{"damage":2,"enemies":"Jaw Worm","floor":1,"turns":4},{"damage":3,"enemies":"Small Slimes","floor":3,"turns":2},{"damage":1,"enemies":"2 Louse","floor":5,"turns":3},{"damage":21,"enemies":"Gremlin Nob","floor":6,"turns":4},{"damage":7,"enemies":"Lots of Slimes","floor":8,"turns":3},{"damage":2,"enemies":"3 Louse","floor":11,"turns":2},{"damage":13,"enemies":"Exordium Thugs","floor":14,"turns":4},{"damage":45,"enemies":"Hexaghost","floor":16,"turns":9},{"damage":13,"enemies":"Chosen","floor":18,"turns":5},{"damage":44,"enemies":"2 Thieves","floor":19,"turns":5},{"damage":21,"enemies":"Cultist and Chosen","floor":21,"turns":5},{"damage":21,"enemies":"Centurion and Healer","floor":29,"turns":3},{"damage":12,"enemies":"Snecko","floor":31,"turns":5},{"damage":35,"enemies":"Champ","floor":33,"turns":7},{"damage":38,"enemies":"3 Darklings","floor":35,"turns":6},{"damage":0,"enemies":"3 Shapes","floor":36,"turns":4},{"damage":26,"enemies":"3 Darklings","floor":38,"turns":4},{"damage":58,"enemies":"Spire Growth","floor":41,"turns":4},{"damage":0,"enemies":"Reptomancer","floor":42,"turns":5},{"damage":4,"enemies":"Sphere and 2 Shapes","floor":44,"turns":6},{"damage":48,"enemies":"Jaw Worm Horde","floor":46,"turns":3}],"seed_played":"-5154258879774239919","potions_obtained":[{"floor":1,"key":"Death Potion"},{"floor":11,"key":"LiquidMemories"},{"floor":14,"key":"conspire:TimeTravelPotion"},{"floor":16,"key":"BlessingOfTheForge"},{"floor":41,"key":"Reflective Coating"}],"is_trial":false,"path_per_floor":["M","$","M","?","M","E","?","M","T","R","M","R","?","M","R","B",null,"M","M","AVR","M","$","R","?","R","T","R","?","M","R","M","R","B",null,"M","M","$","M","$","R","M","E","T","M","R","M"],"character_chosen":"DEFECT","items_purchased":["Blizzard","infinitespire:BottledMercury","Loop","Replay:Frozen Program","ReplayTheSpireMod:ShopPack","Barrage","Defragment","halation:Diary","conspire:GiftBox"],"campfire_rested":7,"item_purchase_floors":[2,22,22,22,22,22,37,37,39],"current_hp_per_floor":[73,73,70,70,69,48,33,26,26,48,46,46,39,26,48,33,75,62,18,48,27,27,58,58,58,58,89,89,68,99,87,87,52,105,67,67,67,41,41,72,14,14,14,10,41,0,0],"gold":110,"neow_bonus":"ONE_RANDOM_RARE_CARD","is_daily":false,"chose_seed":false,"campfire_upgraded":3,"win_rate":0.0,"timestamp":1608698559,"path_taken":["M","$","M","?","M","E","?","M","T","R","M","R","?","M","R","BOSS","M","M","AVR","?","$","R","?","R","T","R","?","M","R","?","R","BOSS","M","M","$","M","$","R","M","E","T","M","R","M"],"items_purchased_type":["Card","Relic","Card","Relic","Relic","Card","Card","Relic","Relic"],"build_version":"2020-12-13","purchased_purges":2,"victory":false,"max_hp_per_floor":[75,75,75,75,75,75,75,75,75,75,75,75,75,75,75,75,75,75,75,105,105,105,105,105,105,105,105,105,105,105,105,105,105,105,105,105,105,105,105,105,105,105,105,105,105,105,105],"card_choices":[{"not_picked":["Panic Button","Steam"],"picked":"Ball Lightning","floor":1},{"not_picked":["Undo","All For One"],"picked":"Conserve Battery","floor":3},{"not_picked":["ReplayTheSpireMod:System Scan","FTL"],"picked":"Chill","floor":5},{"not_picked":["ReplayTheSpireMod:Reroute Power","Leap"],"picked":"Capacitor","floor":6},{"not_picked":["Leap","Ball Lightning"],"picked":"BasicCrystalCard","floor":8},{"not_picked":["Panic Button","Steam Power","Leap"],"picked":"SKIP","floor":11},{"not_picked":["Aggregate","Leap"],"picked":"Storm","floor":14},{"not_picked":["Amplify","All For One"],"picked":"Echo Form","floor":16},{"not_picked":["Darkness+1","Redo","Leap"],"picked":"SKIP","floor":18},{"not_picked":["Go for the Eyes","Redo"],"picked":"Ball Lightning+1","floor":19},{"not_picked":["Leap","Beam Cell"],"picked":"conspire:Rain","floor":21},{"not_picked":["Crow Ritual","ReplayTheSpireMod:Necrogeddon"],"picked":"Master of Strategy","floor":22},{"not_picked":["Hologram","Lockon","Ball Lightning"],"picked":"SKIP","floor":29},{"not_picked":["Steam","Undo+1","Streamline"],"picked":"SKIP","floor":31},{"not_picked":["Machine Learning","Seek"],"picked":"Creative AI","floor":33},{"not_picked":["Gash","Sweeping Beam","Aggregate+1"],"picked":"SKIP","floor":35},{"not_picked":["Darkness+1","Auto Shields+1","Sweeping Beam+1"],"picked":"SKIP","floor":36},{"not_picked":["Streamline+1","Hello World"],"picked":"Capacitor","floor":38},{"not_picked":["Seek","Thunder Strike"],"picked":"Electrodynamics","floor":39},{"not_picked":["Beam Cell","Genetic Algorithm"],"picked":"Cold Snap","floor":41},{"not_picked":["Redo","Electrodynamics"],"picked":"Leap+1","floor":42},{"not_picked":["Lockon","Chaos","Barrage"],"picked":"SKIP","floor":44}],"player_experience":89286,"relics_obtained":[{"floor":6,"key":"trackpad:ByrdBGone"},{"floor":9,"key":"Vajra"},{"floor":26,"key":"hubris:RGBLights"},{"floor":42,"key":"Replay:Wax Seal"},{"floor":43,"key":"SnailShell"}],"event_choices":[{"damage_healed":48,"gold_gain":0,"player_choice":"Upgrade","damage_taken":15,"max_hp_gain":0,"max_hp_loss":75,"event_name":"betterThird:BetterShining","floor":7,"gold_loss":0,"cards_upgraded":["Dualcast","Ball Lightning"]},{"damage_healed":0,"gold_gain":75,"player_choice":"Touch","damage_taken":7,"max_hp_gain":0,"max_hp_loss":0,"event_name":"FaceTrader","floor":13,"gold_loss":0},{"damage_healed":0,"gold_gain":0,"player_choice":"Forge","damage_taken":0,"max_hp_gain":0,"max_hp_loss":0,"event_name":"Accursed Blacksmith","floor":28,"gold_loss":0,"cards_upgraded":["Loop"]}],"is_beta":false,"boss_relics":[{"not_picked":["aspiration:MarisaSkillbook","aspiration:RitualDagger"],"picked":"vexMod:RockOfEvil"},{"not_picked":["SlaversCollar","Philosopher\u0027s Stone"],"picked":"Astrolabe"}],"items_purged_floors":[20,22],"is_endless":false,"potions_floor_spawned":[1,11,14,16,21,29,33,35,41],"killed_by":"Jaw Worm Horde","ascension_level":0}}