{"host":"r3d3rfw8zyydmocx","time":1608747624,"event":{"mods":["Aspiration","BaseMod","Better Third Choice","Colored Powertips","Conspire","Downfall","Hermit","Highlight Path","Hubris","Minty Spire (QoL Compilation)","StSLib","The Hierophant","The Servant 0.9.4"],"gold_per_floor":[99,157,157,257,257,257,257,257,273,306,331,86,86,4,22,123,123,123,123,123,123,123,123],"floor_reached":21,"playtime":627,"items_purged":["Slimebound:Strike_Slimebound"],"score":245,"play_id":"726e6faf-bfa7-43b2-b913-f580201f7049","local_time":"20201223102024","is_ascension_mode":true,"campfire_choices":[{"data":"Slimebound:Split","floor":1,"key":"SMITH"},{"data":"Slimebound:MassFeed","floor":8,"key":"SMITH"},{"data":"Slimebound:GoopTackle","floor":13,"key":"SMITH"},{"data":"Slimebound:RallyTheTroops","floor":18,"key":"SMITH"}],"circlet_count":0,"master_deck":["Slimebound:Strike_Slimebound","Slimebound:Strike_Slimebound","Slimebound:Tackle","Slimebound:Defend_Slimebound","Slimebound:Defend_Slimebound","Slimebound:Defend_Slimebound","Slimebound:Defend_Slimebound","Slimebound:Split+1","Slimebound:CorrosiveSpit","Slimebound:RejuvenatingLick","Slimebound:GoopTackle+1","Slimebound:MassFeed+1","Slimebound:FinishingTackle","Slimebound:MinionMaster","Slimebound:OozeBath","Slimebound:LevelUp","Slimebound:SplitMire","Slimebound:RallyTheTroops+1","Slimebound:PressTheAttack"],"relics":["Slimebound:AbsorbEndCombat","downfall:HeartsMalice","conspire:TopHat","hubris:TenFootPole","Ornamental Fan","MealTicket","hubris:HerbalPaste","conspire:RunicOctahedron"],"acts_visited":["Exordium","TheCity"],"potions_floor_usage":[10],"damage_taken":[{"damage":0,"enemies":"Lagavulin Event","floor":2,"turns":1},{"damage":0,"enemies":"Jaw Worm","floor":3,"turns":1},{"damage":0,"enemies":"conspire:RoseBush","floor":5,"turns":1},{"damage":16,"enemies":"Small Slimes","floor":9,"turns":2},{"damage":45,"enemies":"Lagavulin","floor":10,"turns":5},{"damage":22,"enemies":"downfall:FleeingMerchant","floor":12,"turns":4},{"damage":32,"enemies":"downfall:FleeingMerchant","floor":14,"turns":4},{"damage":6,"enemies":"Lots of Slimes","floor":15,"turns":3},{"damage":70,"enemies":"downfall:Watcher","floor":16,"turns":8},{"damage":0,"enemies":"Chosen","floor":19,"turns":1},{"damage":86,"enemies":"conspire:FuzzyDice","floor":21,"turns":3}],"seed_played":"1251544552730069295","potions_obtained":[{"floor":2,"key":"Explosive Potion"},{"floor":9,"key":"PowerPotion"},{"floor":15,"key":"ColorlessPotion"},{"floor":20,"key":"Energy Potion"}],"is_trial":false,"path_per_floor":["R","?","M","?","M","?","T","R","M","E","T","$","R","$","M","B",null,"R","M","?","M"],"character_chosen":"SLIMEBOUND","items_purchased":["hubris:HerbalPaste","Slimebound:LevelUp"],"campfire_rested":0,"item_purchase_floors":[12,14],"current_hp_per_floor":[54,54,54,54,54,54,54,54,52,39,39,50,50,55,70,38,73,73,73,73,0,0,0],"gold":123,"neow_bonus":"THREE_ENEMY_KILL","is_daily":false,"chose_seed":false,"campfire_upgraded":4,"win_rate":0.0,"timestamp":1608747624,"path_taken":["R","?","M","?","M","?","T","R","M","E","?","?","R","$","M","BOSS","R","M","?","?"],"items_purchased_type":["Relic","Card"],"build_version":"2020-12-22","purchased_purges":1,"victory":false,"max_hp_per_floor":[60,60,60,60,60,60,60,60,64,68,68,68,68,68,80,84,84,84,84,84,84,84,84],"card_choices":[{"not_picked":["Slimebound:DisruptingSlam","Slimebound:RollThrough"],"picked":"Slimebound:RejuvenatingLick","floor":2},{"not_picked":["Slimebound:DisruptingSlam","Slimebound:RollThrough"],"picked":"Slimebound:GoopTackle","floor":3},{"not_picked":["Slimebound:GoopSpray","Slimebound:FinishingTackle"],"picked":"Slimebound:MassFeed","floor":5},{"not_picked":["Slimebound:HungryTackle","Slimebound:GoopSpray"],"picked":"Slimebound:FinishingTackle","floor":9},{"not_picked":["Slimebound:RainOfGoop","Slimebound:ServeAndProtect"],"picked":"Slimebound:MinionMaster","floor":10},{"not_picked":["Slimebound:ViciousTackle","Slimebound:SlimeSpikes","Slimebound:GoopSpray"],"picked":"SKIP","floor":12},{"not_picked":["Slimebound:SplitBruiser","Slimebound:ServeAndProtect"],"picked":"Slimebound:OozeBath","floor":14},{"not_picked":["Slimebound:GoopSpray","Slimebound:RainOfGoop"],"picked":"Slimebound:SplitMire","floor":15},{"not_picked":["Slimebound:WasteNot","Slimebound:SelfFormingGoo"],"picked":"Slimebound:RallyTheTroops","floor":16},{"not_picked":["Slimebound:FirmFortitude","Slimebound:GoopSpray"],"picked":"Slimebound:PressTheAttack","floor":19}],"player_experience":535050,"relics_obtained":[{"floor":2,"key":"conspire:TopHat"},{"floor":7,"key":"hubris:TenFootPole"},{"floor":10,"key":"Ornamental Fan"},{"floor":11,"key":"MealTicket"}],"event_choices":[{"damage_healed":0,"gold_gain":0,"player_choice":"Got Potions","damage_taken":0,"max_hp_gain":0,"max_hp_loss":0,"event_name":"Lab","floor":20,"gold_loss":0}],"is_beta":false,"boss_relics":[{"not_picked":["hubris:RunicObelisk","conspire:SeveredTorchhead"],"picked":"conspire:RunicOctahedron"}],"items_purged_floors":[12],"is_endless":false,"potions_floor_spawned":[2,9,15],"killed_by":"conspire:FuzzyDice","ascension_level":6}}