{"host":"pf9sh7nh6rpu9sau","time":1608689591,"event":{"mods":["2.2 Compatiblity","BaseMod","BetterRewards","Downfall","Hermit","Hubris","Mad Scientist","Minty Spire (QoL Compilation)","Permanent Neow","Quick Restart","Replay The Spire","Somnambulant","StSLib","The Clintock","The Cursed","The Disciple","The Hierophant","The Necromancer","The Runesmith","The Servant 0.9.4","TheVacant"],"gold_per_floor":[99,110,110,110,121,121,121,140,140,170,183,93,104,117,134,238,238,163,173,173,173,193,224,274,308,308,350,350,386,413,447,468,572,572,572,590,617,662,662,662,662,512,553,553,553,575,88,112,144,154],"floor_reached":51,"playtime":6514,"items_purged":["champ:Strike","champ:EndlessRage"],"score":771,"play_id":"4a80fc97-9396-4095-bed9-1608a4e2f9cf","local_time":"20201222211311","is_ascension_mode":false,"campfire_choices":[{"data":"champ:VampiricStrike","floor":1.0,"key":"SMITH"},{"data":"champ:Taunt","floor":4.0,"key":"SMITH"},{"data":"champ:Backstep","floor":6.0,"key":"SMITH"},{"data":"champ:Aggression","floor":9.0,"key":"SMITH"},{"floor":18.0,"key":"DIG"},{"data":"champ:Improvising","floor":21.0,"key":"SMITH"},{"data":"champ:BerserkerStyle","floor":35.0,"key":"SMITH"},{"floor":40,"key":"RECALL"},{"floor":42,"key":"DIG"},{"data":"champ:EnragedBash","floor":44,"key":"SMITH"}],"circlet_count":1,"master_deck":["champ:Strike","champ:Defend","champ:Defend","champ:Defend","champ:Defend","champ:Execute","champ:Taunt+1","champ:VampiricStrike+1","champ:Shatter","champ:Backstep+1","champ:Aggression+1","champ:EnragedBash+1","champ:SteelEdge","champ:Improvising+1","champ:StanceDance+1","champ:BerserkerStyle+1","champ:ArenaPreparation","champ:BringItOn","champ:HeartStrike","champ:Lariat","champ:MurderStrike","champ:BerserkerStyle","champ:Encircle"],"relics":["champ:ChampionCrown","Ancient Tea Set","Shovel","SlaversCollar","downfall:HeartBlessingGreen","Blood Vial","ReplayTheSpireMod:Shallot","Orichalcum","Replay:Bandana","Blue Candle","hubris:Backtick","hubris:Potato","Circlet","Snack Pack","downfall:HeartBlessingRed","downfall:HeartBlessingBlue","Runesmith:Nanobots","champ:DefensiveTrainingManual","Mango","Sling","ReplayTheSpireMod:TigerMarble"],"acts_visited":["Exordium","TheCity","TheBeyond"],"potions_floor_usage":[43,48,50],"damage_taken":[{"damage":11.0,"enemies":"Jaw Worm","floor":2.0,"turns":4.0},{"damage":5.0,"enemies":"2 Louse","floor":5.0,"turns":3.0},{"damage":3.0,"enemies":"Small Slimes","floor":8.0,"turns":4.0},{"damage":28.0,"enemies":"Lagavulin","floor":10.0,"turns":5.0},{"damage":11.0,"enemies":"2 Fungi Beasts","floor":11.0,"turns":4.0},{"damage":7.0,"enemies":"downfall:FleeingMerchant","floor":12.0,"turns":4.0},{"damage":13.0,"enemies":"Gremlin Gang","floor":13.0,"turns":6.0},{"damage":30.0,"enemies":"Exordium Wildlife","floor":14.0,"turns":5.0},{"damage":12.0,"enemies":"Red Slaver","floor":15.0,"turns":2.0},{"damage":52.0,"enemies":"downfall:Silent","floor":16.0,"turns":9.0},{"damage":10.0,"enemies":"Chosen","floor":19.0,"turns":5.0},{"damage":17.0,"enemies":"3 Byrds","floor":22.0,"turns":4.0},{"damage":34.0,"enemies":"Gremlin Leader","floor":23.0,"turns":4.0},{"damage":71.0,"enemies":"Slavers","floor":25.0,"turns":6.0},{"damage":39.0,"enemies":"Book of Stabbing","floor":27.0,"turns":6.0},{"damage":79.0,"enemies":"Cultist and Chosen","floor":29.0,"turns":7.0},{"damage":19.0,"enemies":"Sentry and Sphere","floor":30.0,"turns":4.0},{"damage":28.0,"enemies":"Snake Plant","floor":31.0,"turns":4.0},{"damage":29.0,"enemies":"Shelled Parasite and Fungi","floor":32.0,"turns":5.0},{"damage":108.0,"enemies":"downfall:Watcher","floor":33.0,"turns":9.0},{"damage":0.0,"enemies":"3 Shapes","floor":36.0,"turns":7.0},{"damage":8.0,"enemies":"Orb Walker","floor":37.0,"turns":5.0},{"damage":25.0,"enemies":"Giant Head","floor":38.0,"turns":8.0},{"damage":51,"enemies":"Nemesis","floor":43,"turns":9},{"damage":60,"enemies":"Transient","floor":46,"turns":5},{"damage":0,"enemies":"downfall:FleeingMerchant","floor":47,"turns":4},{"damage":14,"enemies":"3 Darklings","floor":48,"turns":7},{"damage":9,"enemies":"Jaw Worm Horde","floor":49,"turns":4},{"damage":24,"enemies":"downfall:Ironclad","floor":50,"turns":9}],"seed_played":"-436139530236847222","potions_obtained":[{"floor":5.0,"key":"Explosive Potion"},{"floor":13.0,"key":"SpeedPotion"},{"floor":14.0,"key":"Fire Potion"},{"floor":16.0,"key":"hexamod:EctoCoolerPotion"},{"floor":19.0,"key":"BlessingOfTheForge"},{"floor":22.0,"key":"Block Potion"},{"floor":32.0,"key":"Dexterity Potion"},{"floor":36.0,"key":"Block Potion"},{"floor":43,"key":"SpeedPotion"},{"floor":46,"key":"Block Potion"},{"floor":49,"key":"ColorlessPotion"}],"is_trial":false,"path_per_floor":["R","M","?","R","M","R","T","M","R","E","M","$","M","M","M","B",null,"R","M","?","R","M","E","T","E","?","E","?","M","M","M","M","B",null,"R","M","M","E","?","R","T","R","E","R","T","M","$","M","M","B",null],"character_chosen":"THE_CHAMP","items_purchased":["Sling","ReplayTheSpireMod:TigerMarble","LiquidMemories"],"campfire_rested":0,"item_purchase_floors":[47,47,47],"current_hp_per_floor":[90,80,80,80,80,80,80,90,90,87,90,90,90,90,90,78,90,90,90,90,90,90,90,90,88,88,85,85,90,90,86,84,56,90,90,90,90,66,66,66,66,76,100,100,114,70,114,114,114,114],"gold":154,"neow_bonus":"ONE_RANDOM_RARE_CARD","is_daily":false,"chose_seed":false,"campfire_upgraded":7,"win_rate":0.0,"timestamp":1608689591,"path_taken":["R","M","?","R","M","R","T","M","R","E","M","$","M","M","M","BOSS","R","M","?","R","M","E","T","E","?","E","?","M","?","M","M","BOSS","R","M","?","E","?","R","T","R","E","R","?","M","$","?","M","BOSS"],"items_purchased_type":["Relic","Relic","Potion"],"build_version":"2020-12-13","purchased_purges":2,"victory":true,"max_hp_per_floor":[90,90,90,90,90,90,90,90,90,90,90,90,90,90,90,90,90,90,90,90,90,90,90,90,90,90,90,90,90,90,90,90,90,90,90,90,90,90,90,90,90,100,100,100,114,114,114,114,114,114],"card_choices":[{"not_picked":["champ:Haymaker","champ:FlashCut"],"picked":"champ:Shatter","floor":2.0},{"not_picked":["champ:TornadoPunch","champ:CrookedStrike"],"picked":"champ:Backstep","floor":5.0},{"not_picked":["champ:GladiatorStyle","champ:Shatter"],"picked":"champ:Aggression","floor":8.0},{"not_picked":["champ:HeartStrike","champ:GladiatorsShout"],"picked":"champ:EnragedBash","floor":10.0},{"not_picked":["champ:StanceDance","champ:Aggression","champ:PerfectedStrike"],"picked":"SKIP","floor":11.0},{"not_picked":["champ:BladeFlurry","champ:Circumvent","champ:PreciseThrust"],"picked":"SKIP","floor":12.0},{"not_picked":["champ:Aggression","champ:EnragedBash","champ:PreciseThrust"],"picked":"SKIP","floor":13.0},{"not_picked":["champ:Encircle","champ:Aggression"],"picked":"champ:SteelEdge","floor":14.0},{"not_picked":["champ:TornadoPunch","champ:Circumvent","champ:Backstep"],"picked":"SKIP","floor":15.0},{"not_picked":["champ:ShieldSlam","champ:MurderStrike"],"picked":"champ:Improvising","floor":16.0},{"not_picked":["champ:DefensiveStyle","champ:Backstep"],"picked":"champ:StanceDance+1","floor":19.0},{"not_picked":["champ:GutPunch+1","champ:Backstep+1"],"picked":"champ:BerserkerStyle","floor":22.0},{"not_picked":["champ:StanceDance","champ:ShieldThrow"],"picked":"champ:ArenaPreparation","floor":23.0},{"not_picked":["champ:FightOn","champ:StanceDance+1","champ:RisingSlash"],"picked":"SKIP","floor":25.0},{"not_picked":["champ:Haymaker","champ:PerfectedStrike","champ:FocusedGladiator+1"],"picked":"SKIP","floor":27.0},{"not_picked":["champ:RapidStrikes","champ:HeartStrike"],"picked":"champ:EndlessRage","floor":29.0},{"not_picked":["champ:Circumvent","champ:EnGarde"],"picked":"champ:BringItOn","floor":30.0},{"not_picked":["champ:SkillfulDodge","champ:Backstep+1"],"picked":"champ:HeartStrike","floor":31.0},{"not_picked":["champ:Backstep","champ:PreciseThrust"],"picked":"champ:Lariat","floor":32.0},{"not_picked":["champ:DancingMaster","champ:Devastate"],"picked":"champ:MurderStrike","floor":33.0},{"not_picked":["champ:EndlessRage+1","champ:CrookedStrike","champ:Balance+1"],"picked":"SKIP","floor":36.0},{"not_picked":["champ:CrookedStrike","champ:Backstep","champ:Aggression"],"picked":"SKIP","floor":37.0},{"not_picked":["champ:EndlessRage","champ:SkillfulDodge+1"],"picked":"champ:BerserkerStyle","floor":38.0},{"not_picked":["champ:BringItOn","champ:IronFortress","champ:GladiatorsShout+1"],"picked":"SKIP","floor":43},{"not_picked":["champ:StanceDance","champ:Circumvent+1","champ:FanOfKnives"],"picked":"SKIP","floor":46},{"not_picked":["champ:FocusedDefense+1","champ:BringItOn","champ:SkillfulDodge+1"],"picked":"SKIP","floor":47},{"not_picked":["champ:FanOfKnives","champ:CrookedStrike","champ:StrikeOfGenius"],"picked":"SKIP","floor":48},{"not_picked":["champ:FlashCut","champ:BringItOn+1"],"picked":"champ:Encircle","floor":49}],"player_experience":742658,"relics_obtained":[{"floor":7.0,"key":"Ancient Tea Set"},{"floor":10.0,"key":"Shovel"},{"floor":18.0,"key":"Blood Vial"},{"floor":23.0,"key":"ReplayTheSpireMod:Shallot"},{"floor":24.0,"key":"Orichalcum"},{"floor":25.0,"key":"Replay:Bandana"},{"floor":27.0,"key":"Blue Candle"},{"floor":38.0,"key":"Snack Pack"},{"floor":42,"key":"Runesmith:Nanobots"},{"floor":43,"key":"champ:DefensiveTrainingManual"},{"floor":45,"key":"Mango"}],"event_choices":[{"cards_removed":["champ:Strike"],"damage_healed":0.0,"max_hp_gain":0.0,"max_hp_loss":0.0,"gold_gain":0.0,"event_name":"The Cleric","player_choice":"Card Removal","floor":3.0,"gold_loss":0.0,"damage_taken":0.0},{"cards_removed":["champ:Strike"],"damage_healed":0.0,"max_hp_gain":0.0,"max_hp_loss":0.0,"gold_gain":0.0,"event_name":"Purifier","player_choice":"Purged","floor":28.0,"gold_loss":0.0,"damage_taken":0.0},{"damage_healed":0,"gold_gain":0,"player_choice":"Ignored","damage_taken":0,"max_hp_gain":0,"max_hp_loss":0,"event_name":"Mysterious Sphere","floor":39,"gold_loss":0}],"is_beta":false,"boss_relics":[{"not_picked":["hubris:GrandSneckoEye","SacredBark"],"picked":"SlaversCollar"},{"not_picked":["Coffee Dripper","Replay:Ancient Bell"],"picked":"hubris:Backtick"}],"items_purged_floors":[12,47],"is_endless":false,"potions_floor_spawned":[5,13,14,16,19,22,32,36,43,46,49],"ascension_level":0}}