{"host":"i0avyit1s6jb1siw","time":1608732187,"event":{"mods":["BaseMod","DeckTracker","Dota2Spire","Highlight Path","Minty Spire (QoL Compilation)","Quick Restart","Replay The Spire","StSLib","SuperFastMode"],"gold_per_floor":[112,130,19,33,33,33,43,43,43,43,76,76,4,39,39,136,136,156,156,12,25,35,35,67,79,103,103,129,129,149,182,182,281,281,293,293,306,356,374,374,374],"floor_reached":40,"playtime":1055,"items_purged":["Strike_B"],"score":781,"play_id":"9f6feba6-56fe-41e6-a2db-462eef390bf3","local_time":"20201223150307","is_ascension_mode":true,"campfire_choices":[{"data":"Zap","floor":6.0,"key":"SMITH"},{"data":"Strike_B","floor":8.0,"key":"PURGE"},{"data":"White Noise","floor":23.0,"key":"SMITH"},{"floor":27,"key":"REST"},{"data":"Strike_B+1","floor":32,"key":"PURGE"}],"circlet_count":0,"master_deck":["AscendersBane","Strike_B+1","Defend_B+1","Defend_B+1","Defend_B+1","Zap+1","Dualcast+1","Coolheaded+1","Ball Lightning","Turbo+1","Darkness+1","Loop","Biased Cognition","White Noise+1","Steam Power+1","Reinforced Body","Go for the Eyes+1","Amplify","Conserve Battery","Panic Button+1","Coolheaded+1"],"relics":["Cracked Core","Peace Pipe","Toy Ornithopter","HornCleat","Replay:Multitool","Inserter","ClockworkSouvenir","Dota2Spire:MonkeyKingBar","PreservedInsect","Mummified Hand","Eternal Feather","Fusion Hammer","Dota2Spire:OctarineCore"],"acts_visited":["Exordium","TheCity","TheBeyond"],"potions_floor_usage":[28,39],"damage_taken":[{"damage":7.0,"enemies":"Small Slimes","floor":1.0,"turns":3.0},{"damage":4.0,"enemies":"Cultist","floor":2.0,"turns":4.0},{"damage":2.0,"enemies":"Jaw Worm","floor":4.0,"turns":4.0},{"damage":9.0,"enemies":"2 Fungi Beasts","floor":7.0,"turns":3.0},{"damage":8.0,"enemies":"Gremlin Nob","floor":11.0,"turns":3.0},{"damage":18.0,"enemies":"Replay:BlueRogue","floor":14.0,"turns":4.0},{"damage":38.0,"enemies":"Slime Boss","floor":16.0,"turns":8.0},{"damage":5.0,"enemies":"3 Byrds","floor":18.0,"turns":3.0},{"damage":2.0,"enemies":"Shell Parasite","floor":21.0,"turns":3.0},{"damage":0.0,"enemies":"Snake Plant","floor":22.0,"turns":5.0},{"damage":35.0,"enemies":"Slavers","floor":24.0,"turns":6.0},{"damage":4.0,"enemies":"Snecko","floor":25.0,"turns":5.0},{"damage":0,"enemies":"Gremlin Leader","floor":28,"turns":4},{"damage":1,"enemies":"Centurion and Healer","floor":30,"turns":5},{"damage":4,"enemies":"Slavers","floor":31,"turns":3},{"damage":47,"enemies":"Automaton","floor":33,"turns":8},{"damage":22,"enemies":"3 Shapes","floor":35,"turns":4},{"damage":21,"enemies":"3 Darklings","floor":37,"turns":6},{"damage":4,"enemies":"Mind Bloom Boss Battle","floor":38,"turns":6},{"damage":6,"enemies":"Jaw Worm Horde","floor":39,"turns":7},{"damage":8,"enemies":"Giant Head","floor":40,"turns":5}],"seed_played":"-5576295909095105679","potions_obtained":[{"floor":1.0,"key":"Reflective Coating"},{"floor":2.0,"key":"Toxic Potion"},{"floor":4.0,"key":"Swift Potion"},{"floor":11.0,"key":"SpeedPotion"},{"floor":18.0,"key":"Block Potion"},{"floor":25.0,"key":"AttackPotion"},{"floor":33,"key":"FearPotion"},{"floor":37,"key":"BlessingOfTheForge"}],"is_trial":false,"path_per_floor":["M","M","$","M","?","R","M","R","T","?","E","?","$","E","R","B",null,"M","?","$","M","M","R","E","M","T","R","E","R","M","E","R","B",null,"M","?","M","?","M","E"],"character_chosen":"DEFECT","items_purchased":["Turbo+1","Loop","ClockworkSouvenir"],"campfire_rested":1,"item_purchase_floors":[3,13,20],"current_hp_per_floor":[61,57,57,55,55,55,46,46,46,46,48,34,34,16,36,3,52,47,47,47,45,45,45,15,11,11,31,36,56,55,51,60,13,54,32,32,11,7,6,0,0],"gold":374,"neow_bonus":"ONE_RARE_RELIC","is_daily":false,"chose_seed":false,"campfire_upgraded":2,"win_rate":0.0,"timestamp":1608732187,"path_taken":["M","M","$","M","?","R","?","R","T","?","E","?","$","E","R","BOSS","M","?","$","M","M","R","E","M","T","R","E","R","M","E","R","BOSS","M","?","M","?","M","E"],"items_purchased_type":["Card","Card","Relic"],"build_version":"2020-12-22","purchased_purges":1,"victory":false,"max_hp_per_floor":[68,68,68,68,68,68,68,68,68,68,68,68,68,68,68,68,68,68,68,68,68,68,68,68,68,68,68,68,68,68,68,68,68,68,68,65,65,65,65,65,65],"card_choices":[{"not_picked":["Rebound","ReplayGash"],"picked":"Coolheaded","floor":1.0},{"not_picked":["ReplaySort","Hologram"],"picked":"Ball Lightning","floor":2.0},{"not_picked":["Barrage","Rebound","Redo"],"picked":"SKIP","floor":4.0},{"not_picked":["Turbo","Redo","Ball Lightning"],"picked":"SKIP","floor":7.0},{"not_picked":["Steam","ReplayTheSpireMod:Calculation Training","Streamline"],"picked":"SKIP","floor":11.0},{"not_picked":["Force Field","BasicCrystalCard","Hello World"],"picked":"SKIP","floor":14.0},{"not_picked":["Multi-Cast","Core Surge"],"picked":"Biased Cognition","floor":16.0},{"not_picked":["Sunder","Stack","Barrage"],"picked":"SKIP","floor":18.0},{"not_picked":["Sunder","Panic Button"],"picked":"White Noise","floor":21.0},{"not_picked":["Sweeping Beam","Gash","BasicCrystalCard"],"picked":"SKIP","floor":22.0},{"not_picked":["ReplayTheSpireMod:Omega Cannon","Doom and Gloom+1"],"picked":"Steam Power","floor":24.0},{"not_picked":["ReplaySolidLightProjector","Compile Driver"],"picked":"Reinforced Body","floor":25.0},{"not_picked":["ReplayGash","ReplayTheSpireMod:Reroute Power"],"picked":"Go for the Eyes+1","floor":28},{"not_picked":["Streamline","Sweeping Beam","Blizzard+1"],"picked":"SKIP","floor":30},{"not_picked":["Leap","Turbo","Go for the Eyes"],"picked":"SKIP","floor":31},{"not_picked":["Machine Learning","Multi-Cast"],"picked":"Amplify","floor":33},{"not_picked":["Hologram","Ball Lightning+1"],"picked":"Conserve Battery","floor":35},{"not_picked":["Ball Lightning","Beam Cell"],"picked":"Panic Button+1","floor":37},{"not_picked":["Sweeping Beam+1","Capacitor"],"picked":"Coolheaded+1","floor":39}],"player_experience":2109953,"relics_obtained":[{"floor":9.0,"key":"Toy Ornithopter"},{"floor":11.0,"key":"HornCleat"},{"floor":14.0,"key":"Replay:Multitool"},{"floor":24.0,"key":"Dota2Spire:MonkeyKingBar"},{"floor":26.0,"key":"PreservedInsect"},{"floor":28,"key":"Mummified Hand"},{"floor":31,"key":"Eternal Feather"},{"floor":38,"key":"Dota2Spire:OctarineCore"}],"event_choices":[{"damage_healed":0.0,"max_hp_gain":0.0,"max_hp_loss":0.0,"gold_gain":0.0,"event_name":"Upgrade Shrine","player_choice":"Upgraded","floor":5.0,"gold_loss":0.0,"damage_taken":0.0,"cards_upgraded":["Dualcast"]},{"damage_healed":0.0,"max_hp_gain":0.0,"max_hp_loss":0.0,"gold_gain":0.0,"event_name":"Shining Light","player_choice":"Entered Light","floor":12.0,"gold_loss":0.0,"damage_taken":14.0,"cards_upgraded":["Defend_B","Strike_B"]},{"damage_healed":0.0,"max_hp_gain":0.0,"max_hp_loss":0.0,"gold_gain":0.0,"event_name":"Back to Basics","player_choice":"Simplicity","floor":19.0,"gold_loss":0.0,"damage_taken":0.0,"cards_upgraded":["Strike_B","Defend_B","Defend_B"]},{"damage_healed":0,"gold_gain":0,"player_choice":"Max HP","damage_taken":0,"max_hp_gain":0,"max_hp_loss":3,"event_name":"Winding Halls","floor":36,"gold_loss":0},{"damage_healed":0,"gold_gain":0,"player_choice":"Fight","damage_taken":0,"max_hp_gain":0,"max_hp_loss":0,"event_name":"MindBloom","floor":38,"gold_loss":0}],"is_beta":false,"boss_relics":[{"not_picked":["Ectoplasm","Kintsugi"],"picked":"Inserter"},{"not_picked":["Ring of Chaos","ReplayTheSpireMod:DimensionalGlitch"],"picked":"Fusion Hammer"}],"items_purged_floors":[3],"is_endless":false,"potions_floor_spawned":[1,2,4,11,18,25,33,37,38],"killed_by":"Giant Head","ascension_level":11}}