{"host":"eez7vtcxu2i37lck","time":1608765005,"event":{"mods":["AchievementEnabler","BaseMod","Colored Map","Colored Powertips","Downfall","Hermit","Highlight Path","Hubris","Infinite Spire","Jorbs\u0027s Wanderer Trilogy","Minty Spire (QoL Compilation)","Quick Restart","Rare Cards Sparkle","Replay The Spire","Shop Mod","StSLib","The IronCluck"],"gold_per_floor":[99,109,127,140,140,158,158,176,200,200,270,270,340,12,27,27,27,27],"floor_reached":16,"playtime":476,"items_purged":[],"score":96,"play_id":"c556e568-3c18-41df-a8b5-f7dc5cbfb469","local_time":"20201223181005","is_ascension_mode":false,"campfire_choices":[{"floor":1,"key":"DIG"}],"circlet_count":0,"master_deck":["Slimebound:Strike_Slimebound","Slimebound:Strike_Slimebound","Slimebound:Tackle","Slimebound:Defend_Slimebound","Slimebound:Defend_Slimebound","Slimebound:Defend_Slimebound","Slimebound:Defend_Slimebound","Slimebound:Split","Slimebound:CorrosiveSpit","Slimebound:SplitAcid","Slimebound:SplitBruiser","Slimebound:SamplingLick","Slimebound:PressTheAttack","Slimebound:TongueLash","Slimebound:Darklings","Slimebound:SplitMire","Slimebound:SpikyOuterGoop","Slimebound:SplitAcid"],"relics":["Slimebound:AbsorbEndCombat","hubris:DeckOfHolding","hubris:MobiusCoin","Bronze Scales","hubris:64BitClover"],"acts_visited":["Exordium"],"potions_floor_usage":[],"damage_taken":[{"damage":18,"enemies":"Jaw Worm","floor":2,"turns":4},{"damage":9,"enemies":"2 Louse","floor":3,"turns":3},{"damage":18,"enemies":"Small Slimes","floor":4,"turns":3},{"damage":15,"enemies":"3 Louse","floor":6,"turns":2},{"damage":23,"enemies":"Exordium Thugs","floor":8,"turns":4},{"damage":20,"enemies":"Lots of Slimes","floor":11,"turns":3},{"damage":14,"enemies":"Blue Slaver","floor":13,"turns":2},{"damage":29,"enemies":"downfall:FleeingMerchant","floor":14,"turns":4},{"damage":23,"enemies":"3 Louse","floor":15,"turns":2},{"damage":82,"enemies":"downfall:Ironclad","floor":16,"turns":6}],"seed_played":"-7249133461481644935","potions_obtained":[{"floor":6,"key":"sneckomod:MuddlingPotion"},{"floor":8,"key":"LiquidMemories"},{"floor":11,"key":"LifebloodPotion"}],"is_trial":false,"path_per_floor":["R_BF","M","M","M","?","M","T","M","T","?","M","?","M","$","M","B"],"character_chosen":"SLIMEBOUND","items_purchased":["hubris:64BitClover"],"campfire_rested":0,"item_purchase_floors":[14],"current_hp_per_floor":[60,51,54,48,53,54,54,51,51,51,43,46,48,55,52,0,0,0],"gold":27,"neow_bonus":"THREE_CARDS","is_daily":false,"chose_seed":false,"campfire_upgraded":0,"win_rate":0.0,"timestamp":1608765005,"path_taken":["R_BF","M","M","M","?","M","T","M","?","?","M","?","M","?","M","BOSS"],"items_purchased_type":["Relic"],"build_version":"2020-12-22","purchased_purges":0,"victory":false,"max_hp_per_floor":[60,60,60,60,65,65,65,65,65,65,65,68,68,68,68,68,68,68],"card_choices":[{"not_picked":["Slimebound:SlimeTap","Slimebound:Replication"],"picked":"Slimebound:SplitAcid","floor":0},{"not_picked":["Slimebound:SlimeBrawl","Slimebound:GoopSpray"],"picked":"Slimebound:SplitBruiser","floor":2},{"not_picked":["Slimebound:Repurpose","Slimebound:FinishingTackle"],"picked":"Slimebound:SamplingLick","floor":3},{"not_picked":["Slimebound:FinishingTackle","Slimebound:DisruptingSlam"],"picked":"Slimebound:PressTheAttack","floor":4},{"not_picked":["Slimebound:Grow","Slimebound:ViciousTackle","Slimebound:Schlurp"],"picked":"SKIP","floor":6},{"not_picked":["Slimebound:SlimeBarrage","Slimebound:RollThrough"],"picked":"Slimebound:TongueLash","floor":8},{"not_picked":["Slimebound:ViciousTackle","Slimebound:SplitLeeching"],"picked":"Slimebound:Darklings","floor":11},{"not_picked":["Slimebound:LeechingTouch","Slimebound:FinishingTackle"],"picked":"Slimebound:SplitMire","floor":13},{"not_picked":["Slimebound:ServeAndProtect","Slimebound:SplitBruiser"],"picked":"Slimebound:SpikyOuterGoop","floor":14},{"not_picked":["Slimebound:GoopSpray","Slimebound:DisruptingSlam"],"picked":"Slimebound:SplitAcid","floor":15}],"player_experience":236560,"relics_obtained":[{"floor":1,"key":"hubris:DeckOfHolding"},{"floor":7,"key":"hubris:MobiusCoin"},{"floor":9,"key":"Bronze Scales"}],"event_choices":[{"damage_healed":0,"gold_gain":0,"player_choice":"Donut","damage_taken":0,"max_hp_gain":5,"max_hp_loss":0,"event_name":"Big Fish","floor":5,"gold_loss":0}],"is_beta":false,"boss_relics":[],"items_purged_floors":[],"is_endless":false,"potions_floor_spawned":[6,8,11,13,15],"killed_by":"downfall:Ironclad","ascension_level":0}}