{"host":"lreod2rejfd0az5i","time":1608711573,"event":{"mods":["AchievementEnabler","Aspiration","BaseMod","Colored Powertips","Conspire","Downfall","Highlight Path","Hubris","Infinite Spire","Mad Scientist","Minty Spire (QoL Compilation)","Rare Cards Sparkle","Relic Stats","Replay The Spire","StSLib","The Bug Knight","The Jungle"],"gold_per_floor":[112,112,126,41,64,64,93,93,161,194,194,194,212,212,212,237,237,309,309,320,320,338,263,281,281,314,327,378,393,393,407,407,424,424,502,502,513,149,161,209,159,184,210,248,298,298,298],"floor_reached":46,"playtime":1864,"items_purged":["Strike_G","Strike_G","Poisoned Stab+1"],"score":1000,"play_id":"9c1dbdc4-a694-4320-a952-1d14d4be8dec","local_time":"20201223011933","is_ascension_mode":true,"campfire_choices":[{"data":"Accuracy","floor":6.0,"key":"SMITH"},{"data":"Infinite Blades","floor":8.0,"key":"SMITH"},{"floor":15.0,"key":"REST"},{"data":"conspire:DoublingDagger","floor":17.0,"key":"SMITH"},{"data":"Backflip","floor":25.0,"key":"SMITH"},{"floor":30.0,"key":"REST"},{"floor":34.0,"key":"REST"}],"circlet_count":0,"master_deck":["AscendersBane","Defend_G","Defend_G","Defend_G","Defend_G","Defend_G","Survivor","Neutralize","Accuracy+1","Infinite Blades+1","Cloak And Dagger+1","conspire:DoublingDagger+1","Envenom+1","Backflip+1","conspire:DoublingDagger+1","ReplayTheSpireMod:Shiv Toss","Blade Dance+1","Burst","Noxious Fumes+1","conspire:PoisonWeapons+1","Footwork+1","conspire:SpireCoStock"],"relics":["Ring of the Snake","NeowsBlessing","Regal Pillow","HollowMod:StagPassRelic","Snack Pack","Replay:Rubber Ducky","Frozen Egg 2","WristBlade","Toolbox","hubris:PeanutButter","infinitespire:Satchel","Astrolabe","ReplayTheSpireMod:Shallot","hubris:GlazedTorus","Iron Hammer","hubris:TenFootPole"],"acts_visited":["Exordium","TheCity","TheBeyond"],"potions_floor_usage":[44,44],"damage_taken":[{"damage":0.0,"enemies":"Jaw Worm","floor":1.0,"turns":1.0},{"damage":0.0,"enemies":"Cultist","floor":3.0,"turns":1.0},{"damage":0.0,"enemies":"Lagavulin","floor":7.0,"turns":1.0},{"damage":42.0,"enemies":"3 Sentries","floor":10.0,"turns":8.0},{"damage":1.0,"enemies":"Small Slimes","floor":13.0,"turns":3.0},{"damage":1.0,"enemies":"Lagavulin","floor":16.0,"turns":6.0},{"damage":47.0,"enemies":"Fading Forest","floor":18.0,"turns":13.0},{"damage":4.0,"enemies":"Spheric Guardian","floor":20.0,"turns":4.0},{"damage":0.0,"enemies":"Chosen","floor":22.0,"turns":4.0},{"damage":15.0,"enemies":"Snake Plant","floor":24.0,"turns":4.0},{"damage":19.0,"enemies":"Book of Stabbing","floor":26.0,"turns":4.0},{"damage":20.0,"enemies":"Sentry and Sphere","floor":27.0,"turns":6.0},{"damage":11.0,"enemies":"Cultist and Chosen","floor":29.0,"turns":7.0},{"damage":23.0,"enemies":"Snake Plant","floor":31.0,"turns":3.0},{"damage":0.0,"enemies":"Snecko","floor":33.0,"turns":5.0},{"damage":5.0,"enemies":"Automaton","floor":35.0,"turns":5.0},{"damage":12.0,"enemies":"3 Darklings","floor":37.0,"turns":4.0},{"damage":7.0,"enemies":"3 Shapes","floor":39.0,"turns":5.0},{"damage":24.0,"enemies":"2 Orb Walkers","floor":40.0,"turns":3.0},{"damage":22.0,"enemies":"Nemesis","floor":42.0,"turns":5.0},{"damage":0.0,"enemies":"4 Shapes","floor":43.0,"turns":8.0},{"damage":24,"enemies":"Writhing Mass","floor":44,"turns":5},{"damage":15,"enemies":"Spire Growth","floor":46,"turns":3}],"seed_played":"-5569496619732189716","potions_obtained":[{"floor":13.0,"key":"DuplicationPotion"},{"floor":16.0,"key":"champ:CounterPotion"},{"floor":18.0,"key":"BlessingOfTheForge"},{"floor":26.0,"key":"Swift Potion"},{"floor":27.0,"key":"BlessingOfTheForge"},{"floor":33.0,"key":"CunningPotion"},{"floor":35.0,"key":"Slimebound:ThreeZeroPotion"},{"floor":42.0,"key":"SpeedPotion"},{"floor":43.0,"key":"hexamod:EctoCoolerPotion"}],"is_trial":false,"path_per_floor":["M","?","M","$","T","R","E","R","T","E","PTL","PTL","M","?","R","E","R","B",null,"M","AVR","M","$","M","R","E","M","T","M","R","M","?","M","R","B",null,"M","$","M","?","?","E","M","M","T","M"],"character_chosen":"THE_SILENT","items_purchased":["Infinite Blades","ReplayTheSpireMod:Shallot"],"campfire_rested":3,"item_purchase_floors":[4,38],"current_hp_per_floor":[59,59,59,59,59,59,59,59,59,27,27,27,28,28,62,66,66,30,57,57,57,63,63,52,52,41,29,29,24,58,39,39,43,66,65,66,60,60,55,37,37,23,29,11,11,0,0],"gold":298,"neow_bonus":"THREE_ENEMY_KILL","is_daily":false,"chose_seed":false,"campfire_upgraded":4,"win_rate":0.0,"timestamp":1608711573,"path_taken":["M","?","?","$","?","R","E","R","T","E","PTL","PTL","M","?","R","E","R","BOSS","M","AVR","?","?","?","R","E","M","T","?","R","M","?","M","R","BOSS","M","$","?","?","?","E","M","?","T","M"],"items_purchased_type":["Card","Relic"],"build_version":"2020-12-22","purchased_purges":3,"victory":false,"max_hp_per_floor":[66,66,66,66,66,66,66,66,66,66,66,66,66,66,66,66,66,66,66,66,66,66,66,66,66,66,66,66,66,66,66,66,66,66,66,66,66,66,66,66,66,66,66,66,66,66,66],"relic_stats":{"Regal Pillow":34,"counters":[23,108],"Astrolabe":["Noxious Fumes","Poisoned Stab","conspire:PoisonWeapons"],"obtain_stats":[{"Regal Pillow":5,"NeowsBlessing":0,"Astrolabe":36,"Frozen Egg 2":16,"HollowMod:StagPassRelic":7,"Replay:Rubber Ducky":10,"WristBlade":19,"ReplayTheSpireMod:Shallot":38,"Toolbox":21,"infinitespire:Satchel":28,"hubris:PeanutButter":26,"Iron Hammer":42,"Snack Pack":9,"hubris:TenFootPole":45,"Ring of the Snake":0,"hubris:GlazedTorus":40},{"Regal Pillow":2,"NeowsBlessing":0,"Astrolabe":16,"Frozen Egg 2":6,"HollowMod:StagPassRelic":3,"Replay:Rubber Ducky":4,"WristBlade":7,"ReplayTheSpireMod:Shallot":17,"Toolbox":8,"infinitespire:Satchel":12,"hubris:PeanutButter":11,"Iron Hammer":20,"Snack Pack":3,"hubris:TenFootPole":22,"Ring of the Snake":0,"hubris:GlazedTorus":19},{"Regal Pillow":2,"NeowsBlessing":0,"Astrolabe":75,"Frozen Egg 2":20,"HollowMod:StagPassRelic":3,"Replay:Rubber Ducky":11,"WristBlade":33,"ReplayTheSpireMod:Shallot":79,"Toolbox":37,"infinitespire:Satchel":55,"hubris:PeanutButter":49,"Iron Hammer":92,"Snack Pack":3,"hubris:TenFootPole":105,"Ring of the Snake":0,"hubris:GlazedTorus":87}],"Ring of the Snake":[46]},"card_choices":[{"not_picked":["Slice","hubris:SlightOfHand"],"picked":"Accuracy","floor":1.0},{"not_picked":["Riddle With Holes","Footwork","Deflect"],"picked":"SKIP","floor":3.0},{"not_picked":["Replay:Poison Smokescreen","Bane","Outmaneuver"],"picked":"SKIP","floor":7.0},{"not_picked":["Poisoned Stab","Underhanded Strike","Deadly Poison"],"picked":"SKIP","floor":10.0},{"not_picked":["Outmaneuver","Backflip"],"picked":"Cloak And Dagger","floor":13.0},{"not_picked":["Outmaneuver","Bouncing Flask"],"picked":"conspire:DoublingDagger","floor":16.0},{"not_picked":["Burst","Atom Bomb"],"picked":"Envenom+1","floor":18.0},{"not_picked":["Bane","Dash","Setup"],"picked":"SKIP","floor":20.0},{"not_picked":["Dash","Prepared+1"],"picked":"Backflip","floor":22.0},{"not_picked":["Bane","Sneak Up"],"picked":"conspire:DoublingDagger+1","floor":24.0},{"not_picked":["Dagger Throw","Outmaneuver+1","Acrobatics"],"picked":"SKIP","floor":26.0},{"not_picked":["Bouncing Flask","conspire:DoublingDagger"],"picked":"ReplayTheSpireMod:Shiv Toss","floor":27.0},{"not_picked":["Backflip","Eviscerate","Riddle With Holes"],"picked":"SKIP","floor":29.0},{"not_picked":["Flying Knee","Toxin Wave+1"],"picked":"Blade Dance","floor":31.0},{"not_picked":["Dagger Spray","Bane","ReplayTheSpireMod:Necrosis"],"picked":"SKIP","floor":33.0},{"not_picked":["Venomology","Adrenaline"],"picked":"Burst","floor":35.0},{"not_picked":["Underhanded Strike","Acrobatics","Flechettes+1"],"picked":"SKIP","floor":37.0},{"not_picked":["Quick Slash","Setup+1","Draining Mist"],"picked":"SKIP","floor":39.0},{"not_picked":["hubris:SlightOfHand+1","Hidden Blade"],"picked":"Footwork+1","floor":40.0},{"not_picked":["Bouncing Flask","hubris:TrickCloak","Atom Bomb"],"picked":"SKIP","floor":42.0},{"not_picked":["Backflip","Prepared","Infinite Blades+1"],"picked":"SKIP","floor":43.0},{"not_picked":["hubris:SlightOfHand","Dagger Throw","Sucker Punch+1"],"picked":"SKIP","floor":44}],"player_experience":856181,"relics_obtained":[{"floor":5.0,"key":"Regal Pillow"},{"floor":7.0,"key":"HollowMod:StagPassRelic"},{"floor":9.0,"key":"Snack Pack"},{"floor":10.0,"key":"Replay:Rubber Ducky"},{"floor":16.0,"key":"Frozen Egg 2"},{"floor":26.0,"key":"hubris:PeanutButter"},{"floor":28.0,"key":"infinitespire:Satchel"},{"floor":40.0,"key":"hubris:GlazedTorus"},{"floor":42.0,"key":"Iron Hammer"},{"floor":45,"key":"hubris:TenFootPole"}],"event_choices":[{"damage_healed":0.0,"max_hp_gain":0.0,"max_hp_loss":0.0,"gold_gain":0.0,"event_name":"WeMeetAgain","player_choice":"Ignored","floor":2.0,"gold_loss":0.0,"damage_taken":0.0},{"damage_healed":0.0,"max_hp_gain":0.0,"max_hp_loss":0.0,"gold_gain":0.0,"event_name":"Upgrade Shrine","player_choice":"Upgraded","floor":14.0,"gold_loss":0.0,"damage_taken":0.0,"cards_upgraded":["Cloak And Dagger"]},{"damage_healed":0.0,"max_hp_gain":0.0,"max_hp_loss":0.0,"gold_gain":0.0,"event_name":"Accursed Blacksmith","player_choice":"Forge","floor":32.0,"gold_loss":0.0,"damage_taken":0.0,"cards_upgraded":["Blade Dance"]},{"damage_healed":0.0,"max_hp_gain":0.0,"max_hp_loss":0.0,"gold_gain":0.0,"event_name":"Mysterious Sphere","player_choice":"Fight","floor":40.0,"gold_loss":0.0,"damage_taken":0.0},{"damage_healed":0.0,"max_hp_gain":0.0,"max_hp_loss":0.0,"gold_gain":0.0,"event_name":"conspire:Investor","player_choice":"Invest 1","floor":41.0,"gold_loss":0.0,"damage_taken":0.0}],"is_beta":false,"boss_relics":[{"not_picked":["Coffee Dripper","hubris:HollowSoul"],"picked":"WristBlade"},{"not_picked":["Kintsugi","Abe\u0027s Treasure"],"picked":"Astrolabe"}],"items_purged_floors":[21,23,38],"is_endless":false,"potions_floor_spawned":[13,16,18,26,27,31,33,35,42,43],"killed_by":"Spire Growth","ascension_level":19}}