{"host":"4xikrlo049sozq0n","time":1608685832,"event":{"mods":["AchievementEnabler","BaseMod","BetterRewards","Challenge The Spire","Colored Powertips","Downfall","Energized Spire","Highlight Path","Hubris","Minty Spire (QoL Compilation)","Permanent Neow","Quick Restart","Relic Filter","Relic Sorter","Remove Card Discount Mod","Replay The Spire","StSLib","SuperFastMode","Synergy Search"],"gold_per_floor":[110,110,29,49,49,64,64,64,64,64,76,21,48,48,193,193,212,21,21,21,66,66],"floor_reached":22,"playtime":2209,"items_purged":["Strike_B","Defend_B","Strike_B","Regret","Strike_B","Strike_B"],"score":252,"play_id":"977b9b80-d50a-4e1b-9cba-4468d84bca52","local_time":"20201222201032","is_ascension_mode":true,"campfire_choices":[{"data":"Zap","floor":6,"key":"SMITH"},{"data":"Hello World","floor":8,"key":"SMITH"},{"data":"Static Discharge","floor":11,"key":"SMITH"},{"floor":15,"key":"REST"}],"circlet_count":0,"master_deck":["Defend_B+1","Defend_B+1","Defend_B+1","Zap+1","Dualcast","Hello World+1","Capacitor","Static Discharge+1","Beam Cell","Conserve Battery","Defragment+1","ReplayGash","Buffer","Storm","Defragment"],"relics":["Cracked Core","ReplayTheSpireMod:Ring of Challenge","hubris:Teleporter","Ring of Fury","Centennial Puzzle","Inserter","hubris:BallOfYels"],"acts_visited":["TheCity"],"potions_floor_usage":[12,16,22],"damage_taken":[{"damage":3,"enemies":"2 Louse","floor":1,"turns":3},{"damage":15,"enemies":"Small Slimes","floor":5,"turns":3},{"damage":4,"enemies":"Jaw Worm","floor":7,"turns":3},{"damage":21,"enemies":"Exordium Thugs","floor":12,"turns":3},{"damage":20,"enemies":"Gremlin Nob","floor":14,"turns":4},{"damage":33,"enemies":"Fading Forest","floor":16,"turns":11},{"damage":17,"enemies":"Chosen","floor":18,"turns":5},{"damage":40,"enemies":"3 Byrds","floor":22,"turns":1}],"seed_played":"-3093259246186814171","potions_obtained":[{"floor":1,"key":"Explosive Potion"},{"floor":14,"key":"Adrenaline Potion"},{"floor":16,"key":"PotionOfCapacity"},{"floor":18,"key":"LiquidBronze"}],"is_trial":false,"path_per_floor":["M","?","$","M","R","M","R","T","?","R","M","$","E","R","B",null,"M","$","?","$","M"],"character_chosen":"DEFECT","items_purchased":["Hello World","Static Discharge","Defragment+1","hubris:BallOfYels","Defragment"],"campfire_rested":1,"item_purchase_floors":[0,3,13,19,19],"current_hp_per_floor":[65,65,65,50,50,46,46,46,46,46,25,25,5,27,2,57,40,40,40,40,0,0],"gold":66,"neow_bonus":"","is_daily":false,"chose_seed":false,"campfire_upgraded":3,"win_rate":0.0,"timestamp":1608685832,"path_taken":["M","?","$","M","R","M","R","T","?","R","M","$","E","R","BOSS","M","$","?","$","M"],"items_purchased_type":["Card","Card","Card","Relic","Card"],"build_version":"2020-12-13","purchased_purges":6,"victory":false,"max_hp_per_floor":[75,75,75,75,75,75,75,75,75,75,75,75,75,75,75,75,75,75,75,75,75,75],"card_choices":[{"not_picked":["Gash","Leap"],"picked":"Capacitor","floor":1},{"not_picked":["Conserve Battery","Recycle"],"picked":"Beam Cell","floor":5},{"not_picked":["Undo","Genetic Algorithm"],"picked":"Conserve Battery","floor":7},{"not_picked":["Conserve Battery","hubris:PowerSurge","Undo"],"picked":"SKIP","floor":12},{"not_picked":["Aggregate","Reinforced Body"],"picked":"ReplayGash","floor":14},{"not_picked":["Thunder Strike","Biased Cognition"],"picked":"Buffer","floor":16},{"not_picked":["Lockon+1","Tempest"],"picked":"Storm","floor":18}],"player_experience":902895,"relics_obtained":[{"floor":10,"key":"ReplayTheSpireMod:Ring of Challenge"},{"floor":10,"key":"Ring of Fury"},{"floor":14,"key":"Centennial Puzzle"}],"event_choices":[{"damage_healed":0,"gold_gain":0,"player_choice":"Box","damage_taken":0,"relics_obtained":["hubris:Teleporter"],"max_hp_gain":0,"max_hp_loss":0,"event_name":"Big Fish","floor":2,"gold_loss":0,"cards_obtained":["Regret"]},{"damage_healed":0,"gold_gain":0,"player_choice":"Simplicity","damage_taken":0,"max_hp_gain":0,"max_hp_loss":0,"event_name":"Back to Basics","floor":20,"gold_loss":0,"cards_upgraded":["Defend_B","Defend_B","Defend_B"]}],"is_beta":false,"boss_relics":[{"not_picked":["ReplayTheSpireMod:DimensionalGlitch","energizedSpire:CursedPentagram"],"picked":"Inserter"}],"items_purged_floors":[0,0,0,3,19,19],"is_endless":false,"potions_floor_spawned":[1,14,16,18],"killed_by":"3 Byrds","ascension_level":8}}