{"host":"qw1m3zcvi888b4j7","time":1608695090,"event":{"mods":["AchievementEnabler","Act Like it!","BaseMod","Block Reminder","Colored Map","Colored Powertips","Curses Come First","DeckTracker","Hermit","Highlight Path","Hubris","Minty Spire (QoL Compilation)","Quick Restart","Rare Cards Sparkle","Relic Sorter","Relic Stats","Replay The Spire","StSLib","SuperFastMode","The Blue Laboratory","The Cursed","The Servant 0.9.4","everything is the same but u backflip on backflip"],"gold_per_floor":[115,115,135,154,154,154,181,196,277,305,322,11,11,30,30,30,30],"floor_reached":16,"playtime":570,"items_purged":[],"score":144,"play_id":"0a225c8a-007a-4093-8ca9-60325dc4d8e1","local_time":"20201223044450","is_ascension_mode":true,"campfire_choices":[{"floor":6,"key":"RECALL"},{"data":"Hemogenesis","floor":13,"key":"SMITH"},{"data":"Replay:Many Hands","floor":15,"key":"SMITH"}],"circlet_count":0,"master_deck":["Strike_R","Strike_R","Strike_R","Strike_R","Strike_R","Defend_R","Defend_R","Defend_R","Defend_R","Bash","Hemogenesis+1","Uppercut","Clash","Carnage","Decay","Bloodletting","Cleave","Replay:Many Hands+1","Seeing Red","Massacre"],"relics":["Burning Blood","hubris:Reverence","CultistMask","FossilizedHelix","ReplayTheSpireMod:TigerMarble","hubris:Zylophone"],"acts_visited":["Exordium"],"potions_floor_usage":[7,16],"damage_taken":[{"damage":0,"enemies":"Small Slimes","floor":1,"turns":3},{"damage":9,"enemies":"Cultist","floor":3,"turns":4},{"damage":0,"enemies":"2 Louse","floor":4,"turns":2},{"damage":37,"enemies":"Lagavulin","floor":7,"turns":6},{"damage":20,"enemies":"Exordium Wildlife","floor":8,"turns":4},{"damage":0,"enemies":"Gremlin Nob","floor":10,"turns":3},{"damage":14,"enemies":"3 Louse","floor":11,"turns":3},{"damage":10,"enemies":"Looter","floor":14,"turns":3},{"damage":63,"enemies":"The Guardian","floor":16,"turns":7}],"seed_played":"8354201976197460677","potions_obtained":[{"floor":4,"key":"Energy Potion"},{"floor":8,"key":"blueLaboratory:RememoryPotion"},{"floor":10,"key":"Reflective Coating"}],"is_trial":false,"path_per_floor":["M","?","M","M","?","R","E","M","T","E","M","$","R","M","R","B"],"character_chosen":"IRONCLAD","items_purchased":["hubris:Zylophone"],"campfire_rested":0,"item_purchase_floors":[12],"current_hp_per_floor":[80,80,77,80,80,80,54,47,47,58,50,50,50,54,54,0,0],"gold":30,"neow_bonus":"ONE_RANDOM_RARE_CARD","is_daily":false,"chose_seed":false,"campfire_upgraded":2,"win_rate":0.0,"timestamp":1608695090,"path_taken":["M","?","M","?","?","R","E","M","T","E","?","?","R","M","R","BOSS"],"items_purchased_type":["Relic"],"build_version":"2020-12-13","purchased_purges":0,"victory":false,"max_hp_per_floor":[80,80,80,80,80,80,80,80,80,80,80,80,80,80,80,80,80],"relic_stats":{"counters":[9,35],"obtain_stats":[{"hubris:Zylophone":12,"CultistMask":2,"ReplayTheSpireMod:TigerMarble":10,"Burning Blood":0,"FossilizedHelix":7,"hubris:Reverence":9},{"hubris:Zylophone":7,"CultistMask":1,"ReplayTheSpireMod:TigerMarble":6,"Burning Blood":0,"FossilizedHelix":4,"hubris:Reverence":5},{"hubris:Zylophone":25,"CultistMask":3,"ReplayTheSpireMod:TigerMarble":22,"Burning Blood":0,"FossilizedHelix":15,"hubris:Reverence":19}],"Burning Blood":39},"card_choices":[{"not_picked":["Wild Strike","Clothesline"],"picked":"Uppercut","floor":1},{"not_picked":["Dual Wield","Body Slam"],"picked":"Clash","floor":3},{"not_picked":["Twin Strike","True Grit"],"picked":"Carnage","floor":4},{"not_picked":["Spot Weakness","Life Link"],"picked":"Bloodletting","floor":7},{"not_picked":["Berserk","Warcry"],"picked":"Cleave","floor":8},{"not_picked":["Run Through","Double Tap"],"picked":"Replay:Many Hands","floor":10},{"not_picked":["ReplayTheSpireMod:Corrosion Curse","Cleave"],"picked":"Seeing Red","floor":11},{"not_picked":["Reckless Charge","Cleave"],"picked":"Massacre","floor":14}],"player_experience":124281,"relics_obtained":[{"floor":7,"key":"FossilizedHelix"},{"floor":9,"key":"hubris:Reverence"},{"floor":10,"key":"ReplayTheSpireMod:TigerMarble"}],"event_choices":[{"damage_healed":0,"gold_gain":0,"player_choice":"Trade","damage_taken":0,"relics_obtained":["CultistMask"],"max_hp_gain":0,"max_hp_loss":0,"event_name":"FaceTrader","floor":2,"gold_loss":0},{"damage_healed":0,"gold_gain":0,"player_choice":"Cursed","damage_taken":0,"max_hp_gain":0,"max_hp_loss":0,"event_name":"Wheel of Change","floor":5,"gold_loss":0,"cards_obtained":["Decay"]}],"is_beta":false,"boss_relics":[],"items_purged_floors":[],"is_endless":false,"potions_floor_spawned":[4,8,10],"killed_by":"The Guardian","ascension_level":1}}