{"host":"4tnjxquzd1sn7hrw","time":1608712130,"event":{"mods":["BaseMod","Colored Map","Downfall","Hubris","Minty Spire (QoL Compilation)","Quick Restart","StSLib"],"gold_per_floor":[99,115,129,129,65,96,96,21,54,68,28,62,62,92,106,204,204,204,214,227,227,227,37,86,121,133,58,78,3,77,108,125,228,228,228,246,266,299,317,344,392,405,431,431,458,476,476,476,496,496,496,523,72,72,72],"floor_reached":56,"playtime":4482,"items_purged":[],"score":1764,"play_id":"fbe75e27-a5b1-4a2c-8d0a-1ae6e1e09b43","local_time":"20201223172850","is_ascension_mode":true,"campfire_choices":[{"data":"champ:Taunt","floor":1,"key":"SMITH"},{"data":"champ:GladiatorStyle","floor":8,"key":"SMITH"},{"floor":18,"key":"RECALL"},{"data":"champ:BladeFlurry","floor":27,"key":"SMITH"},{"data":"champ:BladeFlurry","floor":29,"key":"SMITH"},{"data":"champ:StrikeOfGenius","floor":35,"key":"SMITH"},{"data":"champ:BladeFlurry","floor":44,"key":"SMITH"},{"data":"champ:BladeFlurry","floor":47,"key":"SMITH"},{"data":"Apotheosis","floor":54,"key":"SMITH"}],"circlet_count":0,"master_deck":["champ:Strike","champ:Strike","champ:Strike","champ:Defend","champ:Defend","champ:Defend","champ:Defend","champ:Execute","champ:Taunt+1","champ:GladiatorStyle+1","champ:GladiatorsShout","champ:GladiatorsShout","champ:Haymaker","champ:Encircle","champ:FocusedGladiator+1","champ:BladeFlurry+1","champ:VampiricStrike","champ:BladeFlurry+1","champ:BladeFlurry","champ:FanOfKnives","champ:DancingMaster","champ:Duel+1","champ:RageSigil","champ:BladeFlurry+1","champ:ArenaPreparation+1","champ:GladiatorsShout","champ:BerserkersShout","champ:StrikeOfGenius+1","champ:BladeFlurry+1","champ:Lariat+1","champ:GladiatorsShout+1","champ:RageSigil+1","champ:CrownThrow","champ:GladiatorsShout+1","champ:Haymaker+1","Apotheosis+1"],"relics":["champ:ChampionCrown","Tiny Chest","downfall:HeartBlessingBlue","Lizard Tail","champ:FightingForDummies","Black Star","champ:BerserkersGuideToSlaughter","downfall:RedIOU","ClockworkSouvenir","Happy Flower","Ornamental Fan","hubris:CrystalStatue","downfall:HeartBlessingRed","downfall:HeartBlessingGreen","Bottled Lightning","Potion Belt","MealTicket","hubris:TerracottaHorce","Bag of Preparation","Guardian:PocketSentry","Du-Vu Doll","Oddly Smooth Stone","Boot","Meat on the Bone","Akabeko","Ancient Tea Set","Eternal Feather","Pen Nib","Centennial Puzzle","Gambling Chip"],"acts_visited":["Exordium","TheCity","TheBeyond","TheEnding"],"potions_floor_usage":[11,16,16,16,25,25,33,33,42,43,55,55,55,55],"damage_taken":[{"damage":16,"enemies":"Jaw Worm","floor":2,"turns":5},{"damage":5,"enemies":"Cultist","floor":3,"turns":3},{"damage":12,"enemies":"downfall:FleeingMerchant","floor":5,"turns":4},{"damage":18,"enemies":"Lagavulin","floor":6,"turns":7},{"damage":27,"enemies":"Gremlin Nob","floor":9,"turns":4},{"damage":2,"enemies":"2 Louse","floor":10,"turns":4},{"damage":4,"enemies":"downfall:FleeingMerchant","floor":11,"turns":4},{"damage":20,"enemies":"Lagavulin","floor":12,"turns":4},{"damage":0,"enemies":"Gremlin Nob","floor":14,"turns":3},{"damage":7,"enemies":"2 Fungi Beasts","floor":15,"turns":3},{"damage":82,"enemies":"downfall:Silent","floor":16,"turns":9},{"damage":9,"enemies":"3 Byrds","floor":19,"turns":4},{"damage":25,"enemies":"Shell Parasite","floor":20,"turns":6},{"damage":15,"enemies":"downfall:FleeingMerchant","floor":23,"turns":4},{"damage":74,"enemies":"Slavers","floor":25,"turns":8},{"damage":2,"enemies":"Centurion and Healer","floor":26,"turns":3},{"damage":0,"enemies":"Snake Plant","floor":28,"turns":3},{"damage":25,"enemies":"Gremlin Leader","floor":31,"turns":3},{"damage":6,"enemies":"Shelled Parasite and Fungi","floor":32,"turns":3},{"damage":49,"enemies":"downfall:Watcher","floor":33,"turns":4},{"damage":3,"enemies":"Orb Walker","floor":36,"turns":2},{"damage":14,"enemies":"3 Shapes","floor":37,"turns":3},{"damage":15,"enemies":"downfall:FleeingMerchant","floor":38,"turns":3},{"damage":1,"enemies":"Sphere and 2 Shapes","floor":39,"turns":3},{"damage":59,"enemies":"Giant Head","floor":40,"turns":6},{"damage":4,"enemies":"3 Darklings","floor":42,"turns":2},{"damage":54,"enemies":"Reptomancer","floor":43,"turns":4},{"damage":0,"enemies":"Nemesis","floor":45,"turns":3},{"damage":3,"enemies":"Spire Growth","floor":46,"turns":2},{"damage":18,"enemies":"4 Shapes","floor":49,"turns":3},{"damage":5,"enemies":"downfall:Defect","floor":50,"turns":2},{"damage":55,"enemies":"downfall:CharBossMerchant","floor":52,"turns":4},{"damage":122,"enemies":"downfall:NeowBoss","floor":55,"turns":20}],"seed_played":"-8299075022543311200","potions_obtained":[{"floor":6,"key":"Regen Potion"},{"floor":9,"key":"Guardian:BlockOnCardUsePotion"},{"floor":14,"key":"AttackPotion"},{"floor":15,"key":"SkillPotion"},{"floor":16,"key":"champ:UltimateStancePotion"},{"floor":19,"key":"champ:CounterPotion"},{"floor":28,"key":"LiquidBronze"},{"floor":31,"key":"Slimebound:ThreeZeroPotion"},{"floor":32,"key":"sneckomod:MuddlingPotion"},{"floor":33,"key":"SmokeBomb"},{"floor":39,"key":"Swift Potion"},{"floor":40,"key":"AttackPotion"},{"floor":42,"key":"Ancient Potion"},{"floor":45,"key":"Dexterity Potion"},{"floor":52,"key":"GamblersBrew"}],"is_trial":false,"path_per_floor":["R","M","M","?","$","E","T","R","E","M","$","E","?","E","M","B",null,"R","M","M","?","?","$","T","E","M","R","M","R","T","E","M","B",null,"R","M","M","$","M","E","T","M","E","R","E","M","R","$","M","B",null,"E","$","R","B",null],"character_chosen":"THE_CHAMP","items_purchased":["champ:Haymaker","champ:BladeFlurry","ClockworkSouvenir","champ:BladeFlurry","Bag of Preparation","Guardian:PocketSentry","Gambling Chip","Apotheosis"],"campfire_rested":0,"item_purchase_floors":[5,11,23,23,38,38,53,53],"current_hp_per_floor":[99,93,93,93,91,78,78,88,66,64,76,63,63,63,58,46,109,109,107,85,85,85,94,94,44,49,49,54,54,54,52,56,82,102,102,109,109,102,109,83,83,104,64,64,69,79,97,109,109,109,109,71,86,107,76],"gold":72,"neow_bonus":"TEN_PERCENT_HP_BONUS","is_daily":false,"chose_seed":false,"campfire_upgraded":8,"win_rate":0.0,"timestamp":1608712130,"path_taken":["R","M","M","?","?","E","T","R","E","M","$","E","?","E","M","BOSS","R","M","M","?","?","$","T","E","M","R","M","R","?","E","M","BOSS","R","M","?","$","M","E","T","M","E","R","E","M","R","?","M","BOSS","E","$","R","BOSS"],"items_purchased_type":["Card","Card","Relic","Card","Relic","Relic","Relic","Card"],"build_version":"2020-12-13","purchased_purges":0,"victory":true,"max_hp_per_floor":[99,99,99,99,99,99,99,109,109,109,109,109,109,109,109,109,109,109,109,109,109,109,109,109,109,109,109,109,109,109,109,109,109,109,109,109,109,109,109,109,109,109,109,109,109,109,109,109,109,109,109,109,109,109,109],"card_choices":[{"not_picked":["champ:PreciseThrust","champ:ShieldSigil"],"picked":"champ:GladiatorStyle","floor":2},{"not_picked":["champ:EnGarde","champ:FlashCut"],"picked":"champ:GladiatorsShout","floor":3},{"not_picked":["champ:Balance","champ:Backstep"],"picked":"champ:GladiatorsShout","floor":5},{"not_picked":["champ:EnchantShield","champ:EnGarde"],"picked":"champ:Encircle","floor":6},{"not_picked":["champ:Control","champ:FlashCut"],"picked":"champ:FocusedGladiator","floor":9},{"not_picked":["champ:BringItOn","champ:Aggression"],"picked":"champ:BladeFlurry","floor":10},{"not_picked":["champ:TornadoPunch","champ:CrookedStrike"],"picked":"champ:VampiricStrike","floor":11},{"not_picked":["champ:BerserkersShout","champ:PerfectedStrike"],"picked":"champ:BladeFlurry","floor":12},{"not_picked":["champ:AdrenalArmor","champ:FlashCut","champ:ShieldThrow"],"picked":"SKIP","floor":14},{"not_picked":["champ:BladeFlurry","champ:FlashCut"],"picked":"champ:FanOfKnives","floor":15},{"not_picked":["champ:ShieldSlam","champ:ShieldThrow"],"picked":"champ:DancingMaster","floor":16},{"not_picked":["champ:TornadoPunch","champ:CalledShot"],"picked":"champ:Duel+1","floor":19},{"not_picked":["champ:Backstep","champ:BringItOn+1"],"picked":"champ:RageSigil","floor":20},{"not_picked":["champ:FightOn","champ:Haymaker","champ:PerfectForm"],"picked":"SKIP","floor":23},{"not_picked":["champ:Lariat","champ:StanceDance"],"picked":"champ:ArenaPreparation+1","floor":25},{"not_picked":["champ:FanOfKnives","champ:BringItOn"],"picked":"champ:GladiatorsShout","floor":26},{"not_picked":["champ:Control+1","champ:PerfectedStrike","champ:Circumvent"],"picked":"SKIP","floor":28},{"not_picked":["champ:ShieldSigil","champ:PreciseThrust","champ:EndlessRage+1"],"picked":"SKIP","floor":31},{"not_picked":["champ:AdrenalArmor","champ:StanceDance"],"picked":"champ:BerserkersShout","floor":32},{"not_picked":["champ:VampiricStrike","champ:EnchantShield"],"picked":"champ:StrikeOfGenius","floor":33},{"not_picked":["champ:AdrenalArmor+1","champ:Balance+1"],"picked":"champ:BladeFlurry","floor":36},{"not_picked":["champ:Balance","champ:DefensiveShout"],"picked":"champ:Lariat+1","floor":37},{"not_picked":["champ:LastStand","champ:Circumvent+1","champ:FocusedDefense+1"],"picked":"SKIP","floor":38},{"not_picked":["champ:PerfectedStrike+1","champ:FightOn"],"picked":"champ:GladiatorsShout+1","floor":39},{"not_picked":["champ:Circumvent+1","champ:Shatter+1","champ:FocusedBerserking"],"picked":"SKIP","floor":40},{"not_picked":["champ:FalseCounter","champ:DefensiveShout","champ:ShieldSigil"],"picked":"SKIP","floor":42},{"not_picked":["champ:FocusedDefense","champ:ShieldSigil+1"],"picked":"champ:RageSigil+1","floor":43},{"not_picked":["champ:IronFortress","champ:Balance+1"],"picked":"champ:CrownThrow","floor":45},{"not_picked":["champ:DefensiveShout","champ:Circumvent"],"picked":"champ:GladiatorsShout+1","floor":46},{"not_picked":["champ:Haymaker","champ:FlashCut","champ:FalseCounter+1"],"picked":"SKIP","floor":49},{"not_picked":["champ:ShieldSigil+1","champ:Backstep+1"],"picked":"champ:Haymaker+1","floor":52}],"player_experience":500063,"relics_obtained":[{"floor":6,"key":"Tiny Chest"},{"floor":9,"key":"Art of War"},{"floor":12,"key":"Lizard Tail"},{"floor":14,"key":"champ:FightingForDummies"},{"floor":24,"key":"Happy Flower"},{"floor":25,"key":"Ornamental Fan"},{"floor":25,"key":"hubris:CrystalStatue"},{"floor":30,"key":"Bottled Lightning"},{"floor":31,"key":"Potion Belt"},{"floor":31,"key":"MealTicket"},{"floor":40,"key":"Du-Vu Doll"},{"floor":40,"key":"Oddly Smooth Stone"},{"floor":41,"key":"Boot"},{"floor":43,"key":"Meat on the Bone"},{"floor":43,"key":"Akabeko"},{"floor":45,"key":"Ancient Tea Set"},{"floor":45,"key":"Eternal Feather"},{"floor":52,"key":"Pen Nib"},{"floor":52,"key":"Centennial Puzzle"}],"event_choices":[{"cards_removed":["champ:Strike"],"damage_healed":0,"gold_gain":0,"player_choice":"Offered Basic","damage_taken":0,"max_hp_gain":0,"max_hp_loss":0,"event_name":"Bonfire Elementals","floor":4,"gold_loss":0}],"is_beta":false,"boss_relics":[{"not_picked":["hubris:RunicObelisk","SlaversCollar"],"picked":"Black Star"},{"not_picked":["champ:ChampionCrownUpgraded","Busted Crown"],"picked":"hubris:TerracottaHorce"}],"items_purged_floors":[],"is_endless":false,"potions_floor_spawned":[6,9,14,15,16,19,28,31,32,33,39,40,42,45,52],"ascension_level":6}}