{"host":"cxvb37eaaiijvrl4","time":1608726251,"event":{"mods":["ATMod(°¢èªMod)","BaseMod","Better Third Choice","Minty Spire (QoL Compilation)","MostiFishMod","Quick Restart","Rare Cards Sparkle","Shop Mod","Spicy Shops","StSLib","TestMod","Uncapped"],"gold_per_floor":[115,135,60,60,60,60,86,100,125,153,168,185,217,236,236,315,315,329,349,116,131,131,159,181,207,207,236,109,109,126,16,16,92,92,103,152,162,112,128,158,158,182,182,208,208,208,208,220,220,220,220,220,220,72,105,105],"floor_reached":57,"playtime":1533,"items_purged":["Strike_R","Strike_R","Strike_R","Bash"],"score":3736,"play_id":"02ca209b-c7ba-447f-bc3f-40f18364104a","local_time":"20201223042411","is_ascension_mode":true,"campfire_choices":[{"data":"MostiFishMod:OrdinaryWorld","floor":6.0,"key":"SMITH"},{"data":"Feel No Pain","floor":15,"key":"SMITH"},{"data":"Burning Pact","floor":29,"key":"SMITH"},{"data":"Second Wind","floor":32,"key":"SMITH"},{"data":"Body Slam","floor":41,"key":"SMITH"},{"data":"MostiFishMod:RacingGame","floor":45,"key":"SMITH"},{"data":"Power Through","floor":47,"key":"SMITH"},{"floor":49,"key":"RECALL"},{"data":"Seeing Red","floor":53,"key":"SMITH"}],"circlet_count":0,"master_deck":["AscendersBane","Defend_R","Defend_R","Defend_R","Defend_R","AT_DrawKnifeCut+1","MostiFishMod:OrdinaryWorld+1","Feel No Pain+1","Seeing Red+1","Offering+1","Burning Pact+1","MostiFishMod:RacingGame+1","Second Wind+1","Power Through+1","Dark Embrace+1","Body Slam+1","Purity"],"relics":["Burning Blood","testmod-TestBox","DaveBox","AT_ATBox","Medical Kit","testmod-PortableAltar","Blood Vial","Paper Frog","SentryEyes","RhineSuit","testmod-Charity","testmod-Alchemist","Smiling Mask","Akabeko","StrikeDummy","AT_RedTearstoneRing","JellyFishMachine","Happy Flower","AT_SunfireAegis","Juzu Bracelet","testmod-AssaultLearning","Boot"],"acts_visited":["Exordium","TheCity","TheBeyond","TheEnding"],"potions_floor_usage":[55,56,56],"damage_taken":[{"damage":11.0,"enemies":"Small Slimes","floor":1.0,"turns":3.0},{"damage":2.0,"enemies":"2 Louse","floor":2.0,"turns":2.0},{"damage":35.0,"enemies":"Gremlin Nob","floor":7.0,"turns":4.0},{"damage":1.0,"enemies":"Cultist","floor":8.0,"turns":2.0},{"damage":5.0,"enemies":"3 Sentries","floor":10.0,"turns":4.0},{"damage":4.0,"enemies":"Gremlin Gang","floor":11.0,"turns":2.0},{"damage":0.0,"enemies":"2 Fungi Beasts","floor":12.0,"turns":1.0},{"damage":4,"enemies":"Gremlin Nob","floor":13,"turns":3},{"damage":0,"enemies":"Exordium Wildlife","floor":14,"turns":2},{"damage":1,"enemies":"Slime Boss","floor":16,"turns":4},{"damage":0,"enemies":"Spheric Guardian","floor":18,"turns":2},{"damage":6,"enemies":"Shell Parasite","floor":19,"turns":3},{"damage":0,"enemies":"Cultist and Chosen","floor":21,"turns":3},{"damage":6,"enemies":"Book of Stabbing","floor":23,"turns":3},{"damage":6,"enemies":"Gremlin Leader","floor":25,"turns":3},{"damage":0,"enemies":"Slavers","floor":27,"turns":1},{"damage":0,"enemies":"Centurion and Healer","floor":30,"turns":2},{"damage":6,"enemies":"Collector","floor":33,"turns":3},{"damage":28,"enemies":"3 Shapes","floor":35,"turns":1},{"damage":6,"enemies":"Orb Walker","floor":37,"turns":2},{"damage":0,"enemies":"Maw","floor":39,"turns":4},{"damage":0,"enemies":"Giant Head","floor":40,"turns":4},{"damage":0,"enemies":"Reptomancer","floor":42,"turns":3},{"damage":6,"enemies":"Giant Head","floor":44,"turns":1},{"damage":6,"enemies":"Writhing Mass","floor":48,"turns":1},{"damage":6,"enemies":"Donu and Deca","floor":50,"turns":1},{"damage":6,"enemies":"Awakened One","floor":51,"turns":2},{"damage":6,"enemies":"Shield and Spear","floor":55,"turns":1},{"damage":4,"enemies":"The Heart","floor":56,"turns":4}],"seed_played":"1043723065056828478","potions_obtained":[{"floor":7.0,"key":"Block Potion"},{"floor":8.0,"key":"LiquidMemories"},{"floor":11.0,"key":"testmod-TestPotion"},{"floor":12.0,"key":"PowerPotion"},{"floor":23,"key":"PowerPotion"},{"floor":33,"key":"PowerPotion"},{"floor":55,"key":"testmod-SpacePotion"}],"is_trial":false,"path_per_floor":["M","M","?","?","$","R","E","M","T","E","M","M","E","M","R","B",null,"M","M","$","M","?","E","T","E","T","E","$","R","M","?","R","B",null,"M","?","M","$","M","E","R","E","T","E","R","?","R","M","R","B","B",null,"R","$","E","B",null],"character_chosen":"IRONCLAD","items_purchased":["testmod-Charity","Power Through","Purity"],"campfire_rested":0,"item_purchase_floors":[20,28,54],"current_hp_per_floor":[63,67,67,67,67,67,38,45,45,48,52,60,62,61,60,59,58,57,56,55,55,54,54,54,54,53,53,52,51,51,50,49,49,48,26,27,30,30,39,47,46,46,45,45,44,41,40,40,39,38,37,36,35,34,34,33],"gold":105,"neow_bonus":"ONE_RANDOM_RARE_CARD","is_daily":false,"chose_seed":false,"campfire_upgraded":8,"win_rate":0.0,"timestamp":1608726251,"path_taken":["M","M","?","?","$","R","E","M","T","E","M","M","E","?","R","BOSS","M","?","$","M","?","E","?","E","T","E","$","R","M","?","R","BOSS","M","?","?","$","M","E","R","E","T","E","R","?","R","M","R","BOSS","BOSS","R","$","E","BOSS"],"items_purchased_type":["Relic","Card","Card"],"build_version":"2020-12-22","purchased_purges":4,"victory":true,"max_hp_per_floor":[74,73,72,71,70,69,68,67,66,65,64,63,62,61,60,59,58,57,56,55,55,54,54,54,54,53,53,52,51,51,50,49,49,48,48,48,48,47,47,47,46,46,45,45,44,41,40,40,39,38,37,36,35,34,34,33],"card_choices":[{"not_picked":["AT_IchimonjiDouble","Iron Wave","Uppercut"],"picked":"SKIP","floor":1.0},{"not_picked":["Carnage","Iron Wave","Uppercut"],"picked":"SKIP","floor":2.0},{"not_picked":["Warcry","Heavy Blade","Clothesline"],"picked":"SKIP","floor":7.0},{"not_picked":["Clothesline","Sentinel","AT_GerminateFire"],"picked":"SKIP","floor":8.0},{"not_picked":["Bludgeon","Iron Wave","Pommel Strike"],"picked":"SKIP","floor":10.0},{"not_picked":["AT_IchimonjiDouble","Iron Wave","Sword Boomerang"],"picked":"SKIP","floor":11.0},{"not_picked":["AT_IchimonjiDouble","Iron Wave","Sword Boomerang"],"picked":"SKIP","floor":11.0},{"not_picked":["Rampage","Blood for Blood"],"picked":"Feel No Pain","floor":12.0},{"not_picked":["Combust","AT_CaressingTears"],"picked":"Seeing Red","floor":13},{"not_picked":["Sword Boomerang","Thunderclap","Searing Blow"],"picked":"SKIP","floor":14},{"not_picked":["Corruption","Limit Break"],"picked":"Offering","floor":16},{"not_picked":["Heavy Blade","Disarm","Fire Breathing"],"picked":"SKIP","floor":18},{"not_picked":["AT_DiedThrough","Sword Boomerang"],"picked":"Burning Pact","floor":19},{"not_picked":["Clothesline","Perfected Strike","Uppercut"],"picked":"SKIP","floor":21},{"not_picked":["Flex","Pommel Strike"],"picked":"MostiFishMod:RacingGame","floor":23},{"not_picked":["Havoc","Combust+1","MostiFishMod:Chiaki"],"picked":"SKIP","floor":25},{"not_picked":["Whirlwind","Uppercut"],"picked":"Second Wind","floor":27},{"not_picked":["Flex","Rampage","Iron Wave"],"picked":"SKIP","floor":30},{"not_picked":["Metallicize","Burning Pact+1","Thunderclap"],"picked":"SKIP","floor":35},{"not_picked":["Flex","Clash","Perfected Strike+1"],"picked":"SKIP","floor":37},{"not_picked":["Ghostly Armor","AT_DrawKnifeCut+1"],"picked":"Dark Embrace+1","floor":39},{"not_picked":["Iron Wave","Clothesline"],"picked":"Body Slam","floor":40},{"not_picked":["Intimidate+1","Perfected Strike","Havoc"],"picked":"SKIP","floor":42},{"not_picked":["Anger+1","Shockwave","Rupture"],"picked":"SKIP","floor":44},{"not_picked":["Sentinel","Pommel Strike","Body Slam"],"picked":"SKIP","floor":48},{"not_picked":["Twin Strike+1","Armaments+1","Clothesline+1"],"picked":"SKIP","floor":55}],"player_experience":657405,"relics_obtained":[{"floor":7.0,"key":"Blood Vial"},{"floor":10.0,"key":"Paper Frog"},{"floor":13,"key":"SentryEyes"},{"floor":23,"key":"testmod-Alchemist"},{"floor":24,"key":"Smiling Mask"},{"floor":25,"key":"Akabeko"},{"floor":26,"key":"StrikeDummy"},{"floor":27,"key":"AT_RedTearstoneRing"},{"floor":40,"key":"Happy Flower"},{"floor":42,"key":"AT_SunfireAegis"},{"floor":43,"key":"Juzu Bracelet"},{"floor":44,"key":"testmod-AssaultLearning"},{"floor":55,"key":"Boot"}],"event_choices":[{"cards_removed":["Strike_R"],"damage_healed":0.0,"max_hp_gain":0.0,"max_hp_loss":0.0,"gold_gain":0.0,"event_name":"The Cleric","player_choice":"Card Removal","floor":3.0,"gold_loss":75.0,"damage_taken":0.0},{"damage_healed":0.0,"max_hp_gain":0.0,"max_hp_loss":0.0,"gold_gain":0.0,"event_name":"Accursed Blacksmith","player_choice":"Forge","floor":4.0,"gold_loss":0.0,"damage_taken":0.0,"cards_upgraded":["AT_DrawKnifeCut"]},{"damage_healed":0,"gold_gain":0,"player_choice":"Ignored","damage_taken":0,"max_hp_gain":0,"max_hp_loss":0,"event_name":"The Mausoleum","floor":22,"gold_loss":0},{"cards_removed":["Strike_R"],"damage_healed":0,"gold_gain":0,"player_choice":"Upgrade and Remove","damage_taken":0,"max_hp_gain":0,"max_hp_loss":0,"event_name":"Designer","floor":31,"gold_loss":110,"cards_upgraded":["Offering"]},{"damage_healed":0,"gold_gain":50,"player_choice":"Pray","damage_taken":0,"max_hp_gain":0,"max_hp_loss":0,"event_name":"Golden Shrine","floor":36,"gold_loss":0},{"damage_healed":0,"gold_gain":0,"player_choice":"Max HP","damage_taken":0,"max_hp_gain":0,"max_hp_loss":2,"event_name":"Winding Halls","floor":46,"gold_loss":0}],"is_beta":false,"boss_relics":[{"not_picked":["Busted Crown","testmod-CardMagician"],"picked":"RhineSuit"},{"not_picked":["testmod-DeterminationOfClimber","AT_MortalBlade"],"picked":"JellyFishMachine"}],"items_purged_floors":[20,28,38,54],"is_endless":false,"potions_floor_spawned":[7,8,11,12,14,16,18,21,23,33,35,39,44,48,55],"ascension_level":20}}