{"host":"55yei7x27djrlaep","time":1608717175,"event":{"mods":["Act Like it!","Aspiration","BaseMod","Better Third Choice","BetterRewards","Colored Map","Downfall","Friendly Minions","GifTheSpireLib","Hubris","Minty Spire (QoL Compilation)","Replay The Spire","StSLib","Stuff the Spire","The Cursed","The Servant 0.9.4"],"gold_per_floor":[110,130,146,163,163,163,163,206,206,231,264,289,333,356,356,481,481,504,504,429,201,221,257,280,324,324,324,324,338,338,351,351,472,472,491,491,515,538,538,538,571,571,618,657,673,691,732,471,471,471,471,471,176,214,214],"floor_reached":56,"playtime":3402,"items_purged":["Strike_B","Defend_B"],"score":1959,"play_id":"415a0afa-16da-4005-ae41-22606e6522ed","local_time":"20201223125255","is_ascension_mode":true,"campfire_choices":[{"floor":6,"key":"REST"},{"floor":15,"key":"REST"},{"floor":28,"key":"RECALL"},{"data":"Scrape","floor":30,"key":"SMITH"},{"data":"Zap","floor":32,"key":"SMITH"},{"data":"Comet","floor":40,"key":"SMITH"},{"data":"Seek","floor":42,"key":"SMITH"},{"floor":49,"key":"DIG"},{"data":"Aggregate","floor":52,"key":"SMITH"}],"circlet_count":0,"master_deck":["Defend_B+1","Zap+1","Revamp","PendulumOfEternity","Stack","White Noise+1","All For One","Gash+1","Gash+1","Gash","Gash","Defy","Reinforced Body","Seek+1","Scrape+1","Comet+1","InstantArmor+1","Adrenaline","Dash","Aggregate+1","TheWorld","Rebound+1","FTL+1","StuffTheSpire:BrainWave","Deny","Revamp+1","Coolheaded+1","Conserve Battery+1","Go for the Eyes","Reboot","Finesse","FTL","Rainbow","SoulSculpture","Gash+1"],"relics":["aspiration:ServantSkillbook","Golden Idol","hubris:Icosahedron","War Paint","Replay:Bottled Snecko","Replay:PocketPolymizer","StuffTheSpire:Gunfinga","Sozu","Ring of Shattering","Ring of Hypnosis","aspiration:Lifesprig","aspiration:HatOfInfinitePower","StuffTheSpire:Experiment12","Pen Nib","hubris:Backtick","ReplayTheSpireMod:Ninjato","aspiration:StickyExplosives_weak","aspiration:HummingbirdHeart","Regal Pillow","Replay:Towering Pillar of Hats","Sling","Whetstone"],"acts_visited":["Exordium","TheCity","TheBeyond","TheEnding"],"potions_floor_usage":[4,12,22,25],"damage_taken":[{"damage":3,"enemies":"Jaw Worm","floor":1,"turns":4},{"damage":8,"enemies":"2 Louse","floor":2,"turns":3},{"damage":0,"enemies":"Small Slimes","floor":3,"turns":4},{"damage":20,"enemies":"3 Louse","floor":4,"turns":5},{"damage":69,"enemies":"Gremlin Nob","floor":8,"turns":6},{"damage":0,"enemies":"Exordium Wildlife","floor":10,"turns":3},{"damage":0,"enemies":"3 Sentries","floor":11,"turns":3},{"damage":0,"enemies":"2 Fungi Beasts","floor":12,"turns":2},{"damage":0,"enemies":"Lagavulin","floor":13,"turns":3},{"damage":1,"enemies":"Looter","floor":14,"turns":2},{"damage":0,"enemies":"Fading Forest","floor":16,"turns":10},{"damage":0,"enemies":"Chosen","floor":18,"turns":3},{"damage":4,"enemies":"2 Thieves","floor":22,"turns":3},{"damage":0,"enemies":"Gremlin Leader","floor":23,"turns":3},{"damage":0,"enemies":"Sentry and Sphere","floor":24,"turns":2},{"damage":6,"enemies":"Slavers","floor":25,"turns":3},{"damage":3,"enemies":"Cultist and Chosen","floor":29,"turns":3},{"damage":0,"enemies":"Centurion and Healer","floor":31,"turns":3},{"damage":0,"enemies":"hubris:MusketHawk","floor":33,"turns":4},{"damage":2,"enemies":"3 Shapes","floor":35,"turns":3},{"damage":12,"enemies":"3 Darklings","floor":37,"turns":3},{"damage":0,"enemies":"Jaw Worm Horde","floor":38,"turns":2},{"damage":0,"enemies":"Giant Head","floor":41,"turns":2},{"damage":0,"enemies":"R_Hoarder","floor":44,"turns":3},{"damage":0,"enemies":"4 Shapes","floor":45,"turns":2},{"damage":0,"enemies":"Sphere and 2 Shapes","floor":46,"turns":2},{"damage":0,"enemies":"Nemesis","floor":47,"turns":1},{"damage":0,"enemies":"Awakened One","floor":50,"turns":3},{"damage":0,"enemies":"Shield and Spear","floor":54,"turns":2},{"damage":2,"enemies":"The Heart","floor":55,"turns":5}],"seed_played":"-6004828631683486713","potions_obtained":[{"floor":2,"key":"Weak Potion"},{"floor":4,"key":"FairyPotion"},{"floor":8,"key":"Block Potion"},{"floor":10,"key":"Explosive Potion"},{"floor":14,"key":"DistilledChaos"}],"is_trial":false,"path_per_floor":["M","M","M","M","?","R","?","E","T","M","E","M","E","M","R","B",null,"M","?","?","$","M","E","M","E","T","?","R","M","R","M","R","B",null,"M","?","M","M","?","R","E","R","T","E","M","M","E","$","R_BF","B",null,"R","$","E","B",null],"character_chosen":"DEFECT","items_purchased":["aspiration:Lifesprig","Reboot","Finesse","SoulSculpture","Sling"],"campfire_rested":2,"item_purchase_floors":[21,48,48,53,53],"current_hp_per_floor":[72,64,64,44,26,48,48,22,22,22,22,22,22,21,43,43,75,75,75,75,75,71,71,71,65,65,65,65,62,62,62,62,62,75,73,73,61,61,61,61,61,61,61,61,61,61,61,61,61,61,68,68,68,68,66],"gold":214,"neow_bonus":"BOSS_RELIC","is_daily":false,"chose_seed":false,"campfire_upgraded":5,"win_rate":0.0,"timestamp":1608717175,"path_taken":["M","M","M","M","?","R","?","E","T","M","E","M","E","M","R","BOSS","M","?","?","?","M","E","M","E","T","?","R","M","R","M","R","BOSS","M","?","?","M","?","R","E","R","T","E","M","M","E","?","R_BF","BOSS","R","$","E","BOSS"],"items_purchased_type":["Relic","Card","Card","Card","Relic"],"build_version":"2020-12-22","purchased_purges":2,"victory":true,"max_hp_per_floor":[75,75,75,75,75,75,75,75,75,75,75,75,75,75,75,75,75,75,75,75,75,75,75,75,75,75,75,75,75,75,75,75,75,75,75,75,75,75,68,68,68,68,68,68,68,68,68,68,68,68,68,68,68,68,68],"card_choices":[{"not_picked":["Streamline","Potential","Turbo"],"picked":"Revamp","floor":1},{"not_picked":["Ball Lightning","Alleviate","StuffTheSpire:LoadUp"],"picked":"PendulumOfEternity","floor":2},{"not_picked":["FastForward","Spin","Potential"],"picked":"Stack","floor":3},{"not_picked":["Beam Cell","Spin","Defy"],"picked":"White Noise","floor":4},{"not_picked":["Capacitor","Foresight","Conserve Battery"],"picked":"All For One","floor":8},{"not_picked":["Chill","StuffTheSpire:ShieldGenerator","Lockon"],"picked":"Gash","floor":10},{"not_picked":["StuffTheSpire:LoadUp","Time Bomb","ShatteredReality"],"picked":"Gash","floor":11},{"not_picked":["Rewind","StuffTheSpire:NuclearReactor","Shuttle"],"picked":"Gash","floor":12},{"not_picked":["Redo","Sweeping Beam","Orbit"],"picked":"Gash","floor":13},{"not_picked":["TrueSight","BasicCrystalCard","Collapse"],"picked":"Defy","floor":14},{"not_picked":["StuffTheSpire:EventHorizon","KillingDoll","PendulumOfEternity"],"picked":"Seek","floor":16},{"not_picked":["Rearm","Barrier","BasicCrystalCard"],"picked":"Scrape","floor":18},{"not_picked":["Coolheaded","Alleviate+1","Fusion+1"],"picked":"FTL","floor":22},{"not_picked":["Contraction","Sunder","Redo","Sunlight"],"picked":"SKIP","floor":23},{"not_picked":["FIFO Queue","TimeWarp","Defy"],"picked":"Comet","floor":24},{"not_picked":["Creative AI","BasicCrystalCard","FanOfKnives"],"picked":"InstantArmor+1","floor":25},{"not_picked":["Loop","Manipulate","Streamline+1"],"picked":"Revamp","floor":29},{"not_picked":["Potential","TimeWarp","Starlight","BasicCrystalCard+1"],"picked":"SKIP","floor":31},{"not_picked":["Rainbow","SilverMatrix","KillingDoll"],"picked":"TheWorld","floor":33},{"not_picked":["Stack+1","StuffTheSpire:Plugnplay","Spin"],"picked":"Rebound+1","floor":35},{"not_picked":["Aggregate","MoonPhase","StarChef","Moonlight"],"picked":"SKIP","floor":37},{"not_picked":["Go for the Eyes","Mirror Shield","Coolheaded"],"picked":"FTL+1","floor":38},{"not_picked":["Potential+1","Ricochet+1","Moondial"],"picked":"Revamp+1","floor":41},{"not_picked":["Static Discharge+1","MoonPhase","Rearm","Comet"],"picked":"SKIP","floor":44},{"not_picked":["Contraction+1","Coolheaded+1","Replace","White Noise+1"],"picked":"SKIP","floor":45},{"not_picked":["Contraction+1","Replace","White Noise+1"],"picked":"Coolheaded+1","floor":45},{"not_picked":["Genetic Algorithm","Storm","SilverBlades+1"],"picked":"Conserve Battery+1","floor":46},{"not_picked":["Lockon","StuffTheSpire:SnapShoot+1","FastForward+1"],"picked":"Go for the Eyes","floor":47},{"not_picked":["StuffTheSpire:LoadUp","DoubleEdge+1","DancingSilver"],"picked":"Gash+1","floor":54}],"player_experience":367340,"relics_obtained":[{"floor":8,"key":"War Paint"},{"floor":9,"key":"Replay:Bottled Snecko"},{"floor":11,"key":"Replay:PocketPolymizer"},{"floor":13,"key":"StuffTheSpire:Gunfinga"},{"floor":19,"key":"Ring of Shattering"},{"floor":19,"key":"Ring of Hypnosis"},{"floor":23,"key":"aspiration:HatOfInfinitePower"},{"floor":25,"key":"StuffTheSpire:Experiment12"},{"floor":26,"key":"Pen Nib"},{"floor":41,"key":"aspiration:StickyExplosives_weak"},{"floor":44,"key":"aspiration:HummingbirdHeart"},{"floor":47,"key":"Regal Pillow"},{"floor":49,"key":"Replay:Towering Pillar of Hats"},{"floor":54,"key":"Whetstone"}],"event_choices":[{"damage_healed":0,"gold_gain":0,"player_choice":"Take Damage","damage_taken":18,"relics_obtained":["Golden Idol"],"max_hp_gain":0,"max_hp_loss":0,"event_name":"Golden Idol","floor":5,"gold_loss":0},{"cards_removed":["Sickly"],"damage_healed":0,"gold_gain":0,"player_choice":"Gave Gold","damage_taken":0,"max_hp_gain":0,"max_hp_loss":0,"event_name":"Beggar","floor":20,"gold_loss":75},{"cards_removed":["Defend_B"],"damage_healed":0,"gold_gain":0,"player_choice":"Purged","damage_taken":0,"max_hp_gain":0,"max_hp_loss":0,"event_name":"Purifier","floor":36,"gold_loss":0}],"is_beta":false,"boss_relics":[{"not_picked":["Replay:Wanted Poster","Runic Pyramid"],"picked":"Sozu"},{"not_picked":["hubris:ScarierMask","Honey Jar"],"picked":"hubris:Backtick"}],"items_purged_floors":[21,48],"is_endless":false,"potions_floor_spawned":[2,4,8,10,14,18,23,24,29,31,37,38,44,47],"ascension_level":3}}