{"host":"cfluht5kr2kfk9p9","time":1608738025,"event":{"mods":["ATMod(°¢èªMod)","BaseMod","GungeonMod","Highlight Path","Koishi","Minty Spire (QoL Compilation)","Quick Restart","Rare Cards Sparkle","Relic Stats","Replay The Spire","RumiaBox-Â¶Ã×æ«µÄÉñÃØºÐ×Ó","Spicy Shops","StSLib","TestMod","The Alterego","[IsaacMod]ÒÔÈö¼âËþ","¡¾¹¦ÄÜMod¡¿»ìãçÖ®»·ÐÞ¸´²¹¶¡","¡¾ÒÅÎï¿¨ÅÆ¡¿REMEMod"],"gold_per_floor":[118,128,203,214,229,257,257,284,284,284,298,298,345,374,374,474,474,491,491,43,53,72,103,503,503,529,89,104,134,134,159,159,256,256,268,317,327,79,94,94,124,124,147,196,257,268,327,327,327,327,327,327,34,59,59],"floor_reached":56,"playtime":2383,"items_purged":["Strike_G","Strike_G","Defend_G","Defend_G"],"score":1830,"play_id":"b44a61a9-fefe-4a7f-a3a1-0d14fc385e40","local_time":"20201223234025","is_ascension_mode":true,"campfire_choices":[{"data":"Prepared","floor":7.0,"key":"SMITH"},{"data":"Phantasmal Killer","floor":10.0,"key":"SMITH"},{"data":"AT_ThistleTea","floor":12.0,"key":"SMITH"},{"data":"Neutralize","floor":15.0,"key":"SMITH"},{"data":"Blade Dance","floor":25.0,"key":"SMITH"},{"floor":32,"key":"RECALL"},{"data":"Acrobatics","floor":40,"key":"SMITH"},{"data":"Eviscerate","floor":42,"key":"SMITH"},{"data":"Backflip","floor":49,"key":"SMITH"},{"data":"DemoMod:Unmoved","floor":52,"key":"SMITH"}],"circlet_count":0,"master_deck":["Defend_G","Defend_G","Defend_G","Survivor","Neutralize+1","AT_ThistleTea+1","Koishi:RoseHell","REME_ShadowStrike","Prepared+1","Eviscerate+1","Backflip+1","Phantasmal Killer+1","After Image","Blade Dance+1","Tactician+1","ReplayTheSpireMod:Scrap Shanks+1","Acrobatics+1","AT_ShadowStep+1","AT_ShadowStep+1","DemoMod:Unmoved+1","REME_Cut+1"],"relics":["HushsDoor","REME_ComplimentaryCards","testmod-TestBox","testmod-NegativeEmotionEnhancer","testmod-RealStoneCalender","DeathBook","Bird Faced Urn","InkBottle","TheBible","DemoMod:Orange","Replay:Drink Me","SatanicBible","GuppysPaw","DemoMod:MeatBun","Bag of Marbles","DemoMod:GlassGuonStoneRelic","testmod-FatalChain","AT_SunfireAegis","Lantern","testmod-Charity","Pet Ghost","GodSword1","testmod-EnergyCheck","MoreBug","PrismaticShard","Snack Pack","Regal Pillow","Vampiric Spirits","Replay:Baseball","Paper Crane","Lizard Tail","testmod-ObsoleteBoomerang","Gremlin Food"],"acts_visited":["Exordium","TheCity","TheBeyond","TheEnding"],"potions_floor_usage":[45,47,55],"damage_taken":[{"damage":2.0,"enemies":"Jaw Worm","floor":1.0,"turns":4.0},{"damage":0.0,"enemies":"Small Slimes","floor":2.0,"turns":3.0},{"damage":1.0,"enemies":"Cultist","floor":4.0,"turns":3.0},{"damage":0.0,"enemies":"Looter","floor":5.0,"turns":3.0},{"damage":18.0,"enemies":"3 Sentries","floor":6.0,"turns":4.0},{"damage":20.0,"enemies":"Replay:BlueRogue","floor":8.0,"turns":4.0},{"damage":5.0,"enemies":"Blue Slaver","floor":11.0,"turns":3.0},{"damage":7.0,"enemies":"3 Sentries","floor":14.0,"turns":5.0},{"damage":0.0,"enemies":"Slime Boss","floor":16.0,"turns":5.0},{"damage":0.0,"enemies":"Shell Parasite","floor":18.0,"turns":2.0},{"damage":0.0,"enemies":"Chosen","floor":21.0,"turns":3.0},{"damage":0.0,"enemies":"Centurion and Healer","floor":22.0,"turns":2.0},{"damage":0.0,"enemies":"REME_1_Revenger","floor":23.0,"turns":3.0},{"damage":0.0,"enemies":"3 Cultists","floor":28.0,"turns":2.0},{"damage":0.0,"enemies":"Book of Stabbing","floor":29.0,"turns":2.0},{"damage":0.0,"enemies":"Gremlin Leader","floor":31.0,"turns":1.0},{"damage":0,"enemies":"Collector","floor":33,"turns":1},{"damage":0,"enemies":"3 Shapes","floor":35,"turns":1},{"damage":0,"enemies":"2 Orb Walkers","floor":36,"turns":2},{"damage":0,"enemies":"3 Darklings","floor":37,"turns":1},{"damage":0,"enemies":"Writhing Mass","floor":39,"turns":2},{"damage":0,"enemies":"R_Hoarder","floor":41,"turns":2},{"damage":0,"enemies":"Mind Bloom Boss Battle","floor":44,"turns":2},{"damage":0,"enemies":"Nemesis","floor":45,"turns":1},{"damage":0,"enemies":"4 Shapes","floor":46,"turns":1},{"damage":0,"enemies":"R_Hoarder","floor":47,"turns":3},{"damage":0,"enemies":"Donu and Deca","floor":50,"turns":2},{"damage":0,"enemies":"Shield and Spear","floor":54,"turns":1},{"damage":0,"enemies":"The Heart","floor":55,"turns":4}],"seed_played":"-705512933026325494","potions_obtained":[{"floor":2.0,"key":"Elixir"},{"floor":5.0,"key":"LifebloodPotion"},{"floor":11.0,"key":"DuplicationPotion"},{"floor":18.0,"key":"PowerPotion"},{"floor":28.0,"key":"Elixir"},{"floor":44,"key":"REME_GoldPotion"},{"floor":46,"key":"REME_GoldPotion"}],"is_trial":false,"path_per_floor":["M","M","?","M","M","E","R","E","T","R","M","R","?","E","R","B",null,"M","?","$","M","M","E","?","R","T","$","M","E","?","E","R","B",null,"M","?","M","$","M","R","E","R","T","?","E","M","E","T","R","B",null,"R","$","E","B",null],"character_chosen":"THE_SILENT","items_purchased":["SatanicBible","GuppysPaw","DemoMod:MeatBun","Bag of Marbles","Blade Dance","AT_SunfireAegis","Lantern","testmod-Charity","PrismaticShard","testmod-ObsoleteBoomerang"],"campfire_rested":0,"item_purchase_floors":[17,17,20,20,20,27,27,27,38,53],"current_hp_per_floor":[70,72,61,62,64,50,50,32,32,32,29,29,14,23,23,28,44,45,45,45,46,47,48,48,48,48,48,50,52,52,54,54,56,49,51,53,55,55,57,57,59,59,60,62,65,67,70,70,70,71,71,71,71,73,74],"gold":59,"neow_bonus":"BOSS_RELIC","is_daily":false,"chose_seed":false,"campfire_upgraded":9,"win_rate":0.0,"timestamp":1608738025,"path_taken":["M","M","?","M","M","E","R","E","T","R","M","R","?","E","R","BOSS","M","?","$","M","M","E","?","R","T","?","M","E","?","E","R","BOSS","M","?","M","$","M","R","E","R","T","?","E","M","E","?","R","BOSS","R","$","E","BOSS"],"items_purchased_type":["Relic","Relic","Relic","Relic","Card","Relic","Relic","Relic","Relic","Relic"],"build_version":"2020-12-22","purchased_purges":4,"victory":true,"max_hp_per_floor":[71,72,72,73,74,75,75,76,76,76,77,77,77,90,90,91,44,45,45,45,46,47,48,48,48,48,48,50,52,52,54,54,56,49,51,53,55,55,57,57,59,59,60,62,65,67,70,70,70,71,71,71,71,73,74],"relic_stats":{"Regal Pillow":0,"Lizard Tail":0,"counters":[29,71],"Bird Faced Urn":[0],"obtain_stats":[{"Lantern":27,"Regal Pillow":43,"AT_ATBox":0,"GuppysPaw":17,"Vampiric Spirits":44,"DemoMod:GlassGuonStoneRelic":5,"testmod-NegativeEmotionEnhancer":0,"PrismaticShard":38,"testmod-Charity":27,"Pet Ghost":29,"SatanicBible":17,"DeathBook":0,"Lizard Tail":48,"testmod-ObsoleteBoomerang":53,"Replay:Drink Me":17,"InkBottle":8,"Ring of the Snake":0,"KeepersGift":0,"MoreBug":36,"Gremlin Food":54,"testmod-TestBox":0,"DemoMod:Orange":14,"testmod-FatalChain":23,"DemoMod:WeirdEgg":43,"Paper Crane":47,"testmod-RealStoneCalender":0,"Replay:Baseball":45,"TheBible":9,"DemoMod:MeatBun":20,"Bird Faced Urn":6,"Bag of Marbles":20,"Snack Pack":41,"AT_SunfireAegis":27,"HushsDoor":0,"testmod-EnergyCheck":34,"REME_ComplimentaryCards":0,"GodSword1":31},{"Lantern":13,"Regal Pillow":22,"AT_ATBox":0,"GuppysPaw":9,"Vampiric Spirits":23,"DemoMod:GlassGuonStoneRelic":4,"testmod-NegativeEmotionEnhancer":0,"PrismaticShard":20,"testmod-Charity":13,"Pet Ghost":15,"SatanicBible":9,"DeathBook":0,"Lizard Tail":26,"testmod-ObsoleteBoomerang":27,"Replay:Drink Me":9,"InkBottle":6,"Ring of the Snake":0,"KeepersGift":0,"MoreBug":19,"Gremlin Food":28,"testmod-TestBox":0,"DemoMod:Orange":8,"testmod-FatalChain":13,"DemoMod:WeirdEgg":22,"Paper Crane":26,"testmod-RealStoneCalender":0,"Replay:Baseball":24,"TheBible":6,"DemoMod:MeatBun":10,"Bird Faced Urn":5,"Bag of Marbles":10,"Snack Pack":22,"AT_SunfireAegis":13,"HushsDoor":0,"testmod-EnergyCheck":17,"REME_ComplimentaryCards":0,"GodSword1":16},{"Lantern":43,"Regal Pillow":57,"AT_ATBox":0,"GuppysPaw":34,"Vampiric Spirits":59,"DemoMod:GlassGuonStoneRelic":13,"testmod-NegativeEmotionEnhancer":0,"PrismaticShard":53,"testmod-Charity":43,"Pet Ghost":47,"SatanicBible":34,"DeathBook":0,"Lizard Tail":64,"testmod-ObsoleteBoomerang":66,"Replay:Drink Me":34,"InkBottle":21,"Ring of the Snake":0,"KeepersGift":0,"MoreBug":52,"Gremlin Food":67,"testmod-TestBox":0,"DemoMod:Orange":29,"testmod-FatalChain":43,"DemoMod:WeirdEgg":57,"Paper Crane":64,"testmod-RealStoneCalender":0,"Replay:Baseball":60,"TheBible":21,"DemoMod:MeatBun":36,"Bird Faced Urn":17,"Bag of Marbles":36,"Snack Pack":57,"AT_SunfireAegis":43,"HushsDoor":0,"testmod-EnergyCheck":49,"REME_ComplimentaryCards":0,"GodSword1":48}],"InkBottle":[45]},"card_choices":[{"not_picked":["Tactician","Underhanded Strike"],"picked":"REME_ShadowStrike","floor":1.0},{"not_picked":["ReplayTheSpireMod:Exploit Weakness","AT_WindRun"],"picked":"Prepared","floor":2.0},{"not_picked":["Bouncing Flask","Dash"],"picked":"Eviscerate","floor":4.0},{"not_picked":["Deadly Poison","Leg Sweep"],"picked":"Backflip","floor":5.0},{"not_picked":["PiercingWail","Malaise"],"picked":"Phantasmal Killer","floor":6.0},{"not_picked":["AT_ThistleTea","Flying Knee","Dodge and Roll"],"picked":"SKIP","floor":8.0},{"not_picked":["Poisoned Stab","AT_WindRun","Dagger Spray"],"picked":"SKIP","floor":11.0},{"not_picked":["Flying Knee","AT_WindFlip","Deadly Poison"],"picked":"SKIP","floor":14.0},{"not_picked":["Corpse Explosion","REME_GrazeFinale"],"picked":"After Image","floor":16.0},{"not_picked":["Quick Slash+1","Flying Knee","Sucker Punch"],"picked":"SKIP","floor":18.0},{"not_picked":["Prepared","Outmaneuver"],"picked":"Tactician+1","floor":21.0},{"not_picked":["Slice","Hidden Blade","Dagger Spray"],"picked":"SKIP","floor":22.0},{"not_picked":["Malaise","Dagger Throw"],"picked":"ReplayTheSpireMod:Scrap Shanks+1","floor":23.0},{"not_picked":["REME_SpectralBlade","Quick Slash"],"picked":"Acrobatics","floor":28.0},{"not_picked":["Hidden Blade","Deflect","Poisoned Stab"],"picked":"SKIP","floor":29.0},{"not_picked":["Noxious Fumes","Calculated Gamble"],"picked":"AT_ShadowStep+1","floor":31.0},{"not_picked":["Dagger Spray","Bane"],"picked":"AT_ShadowStep+1","floor":35},{"not_picked":["AT_TwilightShroud+1","Noxious Fumes","Flying Knee+1"],"picked":"SKIP","floor":37},{"not_picked":["Underhanded Strike+1","Dagger Spray","Bludgeon"],"picked":"SKIP","floor":39},{"not_picked":["Koishi:JumpScare+1","Deflect+1","Heel Hook"],"picked":"SKIP","floor":41},{"not_picked":["REME_ShadowStrike+1","Endless Agony+1","Replay:Parry+1"],"picked":"SKIP","floor":45},{"not_picked":["Koishi:DreadfulBlow+1","alterego_mod:PerceptionDisorder+1","DemoMod:DirectionalPad+1"],"picked":"SKIP","floor":46},{"not_picked":["Anger","Rip and Tear"],"picked":"DemoMod:Unmoved","floor":47},{"not_picked":["Hidden Blade+1","DemoMod:SAA"],"picked":"REME_Cut+1","floor":54}],"player_experience":11940,"relics_obtained":[{"floor":6.0,"key":"Bird Faced Urn"},{"floor":8.0,"key":"InkBottle"},{"floor":9.0,"key":"TheBible"},{"floor":14.0,"key":"DemoMod:Orange"},{"floor":23.0,"key":"testmod-FatalChain"},{"floor":29.0,"key":"Pet Ghost"},{"floor":31.0,"key":"GodSword1"},{"floor":36,"key":"MoreBug"},{"floor":41,"key":"Snack Pack"},{"floor":43,"key":"DemoMod:WeirdEgg"},{"floor":44,"key":"Vampiric Spirits"},{"floor":45,"key":"Replay:Baseball"},{"floor":47,"key":"Paper Crane"},{"floor":48,"key":"Lizard Tail"},{"floor":54,"key":"Gremlin Food"}],"event_choices":[{"damage_healed":0.0,"max_hp_gain":0.0,"max_hp_loss":0.0,"gold_gain":75.0,"event_name":"World of Goop","player_choice":"Gather Gold","floor":3.0,"gold_loss":0.0,"damage_taken":11.0},{"damage_healed":0.0,"max_hp_gain":0.0,"max_hp_loss":0.0,"gold_gain":0.0,"event_name":"Vampires","player_choice":"Ignored","floor":19.0,"gold_loss":0.0,"damage_taken":0.0},{"damage_healed":0.0,"max_hp_gain":0.0,"max_hp_loss":0.0,"gold_gain":400.0,"event_name":"¶÷ÂåË¹µÄÅÌ×Ó","player_choice":"Sell","floor":24.0,"relics_lost":["AT_ATBox"],"gold_loss":0.0,"damage_taken":0.0},{"damage_healed":0.0,"max_hp_gain":0.0,"max_hp_loss":0.0,"gold_gain":0.0,"event_name":"Ghosts","player_choice":"Ignored","floor":30.0,"gold_loss":0.0,"damage_taken":0.0},{"damage_healed":0,"gold_gain":0,"player_choice":"Fight","damage_taken":0,"max_hp_gain":0,"max_hp_loss":0,"event_name":"Mysterious Sphere","floor":36,"gold_loss":0},{"damage_healed":0,"gold_gain":0,"player_choice":"Fight","damage_taken":0,"max_hp_gain":0,"max_hp_loss":0,"event_name":"MindBloom","floor":44,"gold_loss":0}],"is_beta":false,"boss_relics":[{"not_picked":["testmod-BloodSacrificeSpiritualization","ChampionBelt"],"picked":"Replay:Drink Me"},{"not_picked":[]},{"not_picked":["Runic Pyramid","AddBug"],"picked":"testmod-EnergyCheck"},{"not_picked":[]}],"items_purged_floors":[17,20,34,38],"is_endless":false,"potions_floor_spawned":[2,5,11,14,18,28,29,36,41,44,46],"ascension_level":1}}