{"host":"12piqfhmdln9x2la","time":1608732685,"event":{"mods":["2.2 Compatiblity","AchievementEnabler","BaseMod","BetterRewards","Colored Powertips","Minty Spire (QoL Compilation)","Quick Restart","SuperFastMode"],"gold_per_floor":[109,125,200,31,31,57,77,105,129,147,179,199,233,244,244,244,244],"floor_reached":16,"playtime":319,"items_purged":[],"score":173,"play_id":"fc88f1e0-cea4-4ad5-b01e-5cc6c8c932e9","local_time":"20201223231125","is_ascension_mode":true,"campfire_choices":[{"data":"Spot Weakness","floor":15,"key":"SMITH"}],"circlet_count":0,"master_deck":["Strike_R","Strike_R","Strike_R","Strike_R","Strike_R","Defend_R","Defend_R","Defend_R","Defend_R","Bash","Spot Weakness+1","Armaments","Clash","Whirlwind","Twin Strike","Offering+1","Flex+1","Rampage","Rage+1","Inflame+1","Armaments+1"],"relics":["Burning Blood","NeowsBlessing","Toolbox","PreservedInsect","Ancient Tea Set","Toxic Egg 2","Bronze Scales","Frozen Egg 2","Ginger"],"acts_visited":["Exordium"],"potions_floor_usage":[12,14,16,16],"damage_taken":[{"damage":0,"enemies":"2 Louse","floor":1,"turns":1},{"damage":0,"enemies":"Jaw Worm","floor":2,"turns":1},{"damage":0,"enemies":"3 Sentries","floor":6,"turns":1},{"damage":0,"enemies":"Small Slimes","floor":7,"turns":2},{"damage":14,"enemies":"Gremlin Nob","floor":8,"turns":3},{"damage":12,"enemies":"3 Louse","floor":10,"turns":3},{"damage":27,"enemies":"Lagavulin","floor":11,"turns":4},{"damage":9,"enemies":"2 Fungi Beasts","floor":12,"turns":2},{"damage":18,"enemies":"Gremlin Nob","floor":13,"turns":3},{"damage":6,"enemies":"Blue Slaver","floor":14,"turns":3},{"damage":28,"enemies":"The Guardian","floor":16,"turns":5}],"seed_played":"-3012338496433935031","potions_obtained":[{"floor":1,"key":"AttackPotion"},{"floor":7,"key":"LiquidMemories"},{"floor":12,"key":"EssenceOfSteel"},{"floor":13,"key":"Weak Potion"}],"is_trial":false,"path_per_floor":["M","M","?","$","?","E","M","E","T","M","E","M","E","M","R","B"],"character_chosen":"IRONCLAD","items_purchased":["Toolbox","Clash"],"campfire_rested":0,"item_purchase_floors":[4,4],"current_hp_per_floor":[80,80,69,69,62,68,74,66,66,60,39,36,24,24,24,0,0],"gold":244,"neow_bonus":"THREE_ENEMY_KILL","is_daily":false,"chose_seed":false,"campfire_upgraded":1,"win_rate":0.0,"timestamp":1608732685,"path_taken":["M","M","?","$","?","E","M","E","T","M","E","M","E","M","R","BOSS"],"items_purchased_type":["Relic","Card"],"build_version":"2020-12-22","purchased_purges":0,"victory":false,"max_hp_per_floor":[80,80,80,80,80,80,80,80,80,80,80,80,80,80,80,80,80],"card_choices":[{"not_picked":["Metallicize","Flex"],"picked":"Spot Weakness","floor":1},{"not_picked":["Clash","Headbutt"],"picked":"Armaments","floor":2},{"not_picked":["Dark Embrace","Armaments"],"picked":"Whirlwind","floor":6},{"not_picked":["Anger","Burning Pact"],"picked":"Twin Strike","floor":7},{"not_picked":["Perfected Strike","Brutality"],"picked":"Offering+1","floor":8},{"not_picked":["Anger","Havoc+1"],"picked":"Flex+1","floor":10},{"not_picked":["Havoc+1","Clash"],"picked":"Rampage","floor":11},{"not_picked":["Dropkick","Feel No Pain+1"],"picked":"Rage+1","floor":12},{"not_picked":["Anger","Brutality+1"],"picked":"Inflame+1","floor":13},{"not_picked":["Headbutt","Pommel Strike"],"picked":"Armaments+1","floor":14}],"player_experience":110799,"relics_obtained":[{"floor":6,"key":"Ancient Tea Set"},{"floor":8,"key":"Toxic Egg 2"},{"floor":9,"key":"Bronze Scales"},{"floor":11,"key":"Frozen Egg 2"},{"floor":13,"key":"Ginger"}],"event_choices":[{"damage_healed":0,"gold_gain":75,"player_choice":"Gather Gold","damage_taken":11,"max_hp_gain":0,"max_hp_loss":0,"event_name":"World of Goop","floor":3,"gold_loss":0},{"damage_healed":0,"gold_gain":0,"player_choice":"Success","damage_taken":7,"relics_obtained":["PreservedInsect"],"max_hp_gain":0,"max_hp_loss":0,"event_name":"Scrap Ooze","floor":5,"gold_loss":0}],"is_beta":false,"boss_relics":[],"items_purged_floors":[],"is_endless":false,"potions_floor_spawned":[1,7,12,13],"killed_by":"The Guardian","ascension_level":2}}