{"host":"3jjxuhjpio8e4zkv","time":1608685580,"event":{"mods":["BaseMod","Colored Map","Minty Spire (QoL Compilation)","Permanent Neow","Relic Stats","StSLib"],"gold_per_floor":[111,121,140,140,65,65,76,109,109,143,143,143,170,185,185,290,290,302,85,100,100,25,25,53,53,53,53,81,81,181,18,18,128,128,147,1146,1164,1188,1472,1048,1070,90,154,163,163,188,224,89,89,89,89,89,13,39,39],"floor_reached":56,"playtime":1994,"items_purged":["Strike_R","Writhe","Regret","Normality"],"score":1375,"play_id":"30543c54-6fda-4c42-bc77-ea8ebce38b7a","local_time":"20201222200620","is_ascension_mode":true,"campfire_choices":[{"data":"Flex","floor":6,"key":"SMITH"},{"floor":12,"key":"REST"},{"data":"Pommel Strike","floor":15,"key":"SMITH"},{"data":"Flame Barrier","floor":23,"key":"SMITH"},{"data":"Shockwave","floor":25,"key":"SMITH"},{"data":"Spot Weakness","floor":32,"key":"SMITH"},{"floor":45,"key":"RECALL"},{"floor":49,"key":"REST"},{"data":"Feel No Pain","floor":52,"key":"SMITH"}],"circlet_count":0,"master_deck":["Strike_R","Strike_R+1","Strike_R","Defend_R","Defend_R+1","Bash+1","Flex+1","Pommel Strike+1","Iron Wave+1","Clumsy","True Grit+1","Whirlwind+1","Body Slam+1","Feed+1","Flame Barrier+1","Shockwave+1","Necronomicurse","Spot Weakness+1","Limit Break+1","Twin Strike+1","Warcry+1","Body Slam+1","Reaper+1","Feel No Pain+1","Injury","Writhe","Disarm+1","Metallicize+1","Impervious"],"relics":["Cursed Key","Molten Egg 2","Darkstone Periapt","Self Forming Clay","White Beast Statue","Empty Cage","Bag of Marbles","Necronomicon","Toy Ornithopter","Eternal Feather","Omamori","CeramicFish","FossilizedHelix","Bottled Lightning","SacredBark","War Paint","Akabeko","PreservedInsect","Prayer Wheel","OrangePellets","Du-Vu Doll","Gremlin Horn"],"acts_visited":["Exordium","TheCity","TheBeyond","TheEnding"],"potions_floor_usage":[13,16,24,28,30,33,50,55,55],"damage_taken":[{"damage":1,"enemies":"Cultist","floor":1,"turns":3},{"damage":0,"enemies":"2 Louse","floor":2,"turns":2},{"damage":5,"enemies":"Small Slimes","floor":3,"turns":3},{"damage":0,"enemies":"Blue Slaver","floor":7,"turns":3},{"damage":14,"enemies":"Gremlin Nob","floor":8,"turns":3},{"damage":10,"enemies":"3 Sentries","floor":10,"turns":6},{"damage":8,"enemies":"Gremlin Nob","floor":13,"turns":4},{"damage":0,"enemies":"2 Fungi Beasts","floor":14,"turns":1},{"damage":19,"enemies":"The Guardian","floor":16,"turns":7},{"damage":1,"enemies":"Chosen","floor":18,"turns":2},{"damage":0,"enemies":"3 Byrds","floor":20,"turns":3},{"damage":5,"enemies":"Slavers","floor":24,"turns":3},{"damage":20,"enemies":"Gremlin Leader","floor":28,"turns":7},{"damage":9,"enemies":"Colosseum Slavers","floor":30,"turns":4},{"damage":7,"enemies":"Colosseum Nobs","floor":30,"turns":4},{"damage":48,"enemies":"Champ","floor":33,"turns":8},{"damage":11,"enemies":"3 Darklings","floor":35,"turns":5},{"damage":22,"enemies":"Orb Walker","floor":37,"turns":5},{"damage":0,"enemies":"Jaw Worm Horde","floor":38,"turns":4},{"damage":10,"enemies":"Maw","floor":41,"turns":7},{"damage":60,"enemies":"Nemesis","floor":46,"turns":5},{"damage":53,"enemies":"Writhing Mass","floor":47,"turns":8},{"damage":30,"enemies":"Donu and Deca","floor":50,"turns":8},{"damage":0,"enemies":"Shield and Spear","floor":54,"turns":5},{"damage":120,"enemies":"The Heart","floor":55,"turns":10}],"seed_played":"781172641838536940","potions_obtained":[{"floor":7,"key":"FairyPotion"},{"floor":8,"key":"Regen Potion"},{"floor":13,"key":"PowerPotion"},{"floor":14,"key":"BloodPotion"},{"floor":16,"key":"Block Potion"},{"floor":18,"key":"Fire Potion"},{"floor":20,"key":"Ancient Potion"},{"floor":24,"key":"Fire Potion"},{"floor":28,"key":"Explosive Potion"},{"floor":30,"key":"FearPotion"},{"floor":33,"key":"SteroidPotion"},{"floor":37,"key":"ColorlessPotion"},{"floor":38,"key":"Block Potion"}],"is_trial":false,"path_per_floor":["M","M","M","?","$","R","M","E","T","E","?","R","E","M","R","B",null,"M","$","M","?","?","R","E","R","T","?","E","?","?","$","R","B",null,"M","?","M","M","?","$","M","$","T","?","R","E","M","$","R","B",null,"R","$","E","B",null],"character_chosen":"IRONCLAD","items_purchased":["Bag of Marbles","Flame Barrier","Spot Weakness","War Paint","Akabeko","Reaper+1","PreservedInsect","Prayer Wheel","OrangePellets","Feel No Pain","Impervious","LiquidBronze"],"campfire_rested":2,"item_purchase_floors":[19,19,31,40,40,42,42,42,42,42,48,53],"current_hp_per_floor":[79,79,74,58,58,58,58,44,44,34,34,58,62,62,62,59,80,83,83,87,77,77,77,76,76,82,88,77,77,70,70,79,40,122,115,115,97,101,107,107,101,101,107,151,156,116,78,78,141,134,164,164,164,168,106],"gold":39,"neow_bonus":"BOSS_RELIC","is_daily":false,"chose_seed":false,"campfire_upgraded":6,"win_rate":0.0,"timestamp":1608685580,"path_taken":["M","M","?","?","$","R","M","E","T","E","?","R","E","M","R","BOSS","M","$","M","?","?","R","E","R","T","?","E","?","?","?","R","BOSS","M","?","M","M","?","$","?","$","T","?","R","E","M","$","R","BOSS","R","$","E","BOSS"],"items_purchased_type":["Relic","Card","Card","Relic","Relic","Card","Relic","Relic","Relic","Card","Card","Potion"],"build_version":"2020-12-13","purchased_purges":4,"victory":true,"max_hp_per_floor":[80,80,80,80,80,80,80,80,80,80,80,80,80,80,80,80,80,84,84,88,94,94,94,98,98,104,110,114,114,118,118,118,122,122,126,126,130,134,140,140,144,144,150,156,156,156,160,160,160,164,164,164,164,168,168],"relic_stats":{"Darkstone Periapt":36,"Gremlin Horn":[0,0],"counters":[25,120],"Self Forming Clay":[177],"CeramicFish":117,"Eternal Feather":29,"PreservedInsect":115,"War Paint":["Defend_R","Limit Break"],"Cursed Key":3,"OrangePellets":[0],"Prayer Wheel":1,"Necronomicon":[26],"obtain_stats":[{"Darkstone Periapt":9,"Gremlin Horn":54,"Self Forming Clay":10,"CeramicFish":28,"SacredBark":34,"Eternal Feather":26,"PreservedInsect":42,"Omamori":27,"War Paint":40,"Cursed Key":0,"Empty Cage":17,"Burning Blood":0,"White Beast Statue":13,"Akabeko":40,"Du-Vu Doll":46,"OrangePellets":42,"Molten Egg 2":8,"Prayer Wheel":42,"Bag of Marbles":19,"Necronomicon":21,"Bottled Lightning":30,"Toy Ornithopter":24,"FossilizedHelix":30},{"Darkstone Periapt":5,"Gremlin Horn":24,"Self Forming Clay":6,"CeramicFish":13,"SacredBark":16,"Eternal Feather":12,"PreservedInsect":20,"Omamori":12,"War Paint":19,"Cursed Key":0,"Empty Cage":9,"Burning Blood":0,"White Beast Statue":7,"Akabeko":19,"Du-Vu Doll":21,"OrangePellets":20,"Molten Egg 2":5,"Prayer Wheel":20,"Bag of Marbles":10,"Necronomicon":11,"Bottled Lightning":15,"Toy Ornithopter":12,"FossilizedHelix":15},{"Darkstone Periapt":14,"Gremlin Horn":110,"Self Forming Clay":20,"CeramicFish":47,"SacredBark":63,"Eternal Feather":40,"PreservedInsect":84,"Omamori":40,"War Paint":77,"Cursed Key":0,"Empty Cage":32,"Burning Blood":0,"White Beast Statue":24,"Akabeko":77,"Du-Vu Doll":89,"OrangePellets":84,"Molten Egg 2":14,"Prayer Wheel":84,"Bag of Marbles":34,"Necronomicon":37,"Bottled Lightning":55,"Toy Ornithopter":40,"FossilizedHelix":55}],"Toy Ornithopter":15},"card_choices":[{"not_picked":["Sword Boomerang","Warcry","Anger"],"picked":"SKIP","floor":1},{"not_picked":["Sword Boomerang","Anger"],"picked":"Flex","floor":2},{"not_picked":["Rupture","Flame Barrier"],"picked":"Pommel Strike","floor":3},{"not_picked":["Power Through","Anger","True Grit"],"picked":"SKIP","floor":7},{"not_picked":["Juggernaut","Headbutt+1"],"picked":"Iron Wave+1","floor":8},{"not_picked":["Entrench","Armaments"],"picked":"True Grit","floor":10},{"not_picked":["Thunderclap+1","Heavy Blade+1"],"picked":"Whirlwind+1","floor":13},{"not_picked":["Dropkick+1","Shrug It Off"],"picked":"Body Slam+1","floor":14},{"not_picked":["Exhume","Corruption"],"picked":"Feed+1","floor":16},{"not_picked":["Seeing Red","Whirlwind+1","Havoc+1"],"picked":"SKIP","floor":18},{"not_picked":["Twin Strike+1","Seeing Red"],"picked":"Shockwave","floor":20},{"not_picked":["Anger+1","Searing Blow+1","Ghostly Armor"],"picked":"SKIP","floor":24},{"not_picked":["Combust","Heavy Blade+1","Hemokinesis+1"],"picked":"SKIP","floor":28},{"not_picked":["Immolate+1","Berserk"],"picked":"Limit Break","floor":33},{"not_picked":["Heavy Blade+1","Pommel Strike+1"],"picked":"Twin Strike+1","floor":35},{"not_picked":["Clash+1","Power Through","Wild Strike+1"],"picked":"SKIP","floor":37},{"not_picked":["Perfected Strike+1","Heavy Blade+1"],"picked":"Warcry+1","floor":38},{"not_picked":["Metallicize+1","Reckless Charge+1"],"picked":"Body Slam+1","floor":41},{"not_picked":["Warcry","Cleave+1","Iron Wave+1"],"picked":"SKIP","floor":46},{"not_picked":["Anger+1","Whirlwind+1"],"picked":"Disarm+1","floor":47},{"not_picked":["Battle Trance","Sentinel"],"picked":"Metallicize+1","floor":47},{"not_picked":["Pummel+1","Cleave+1","Thunderclap+1"],"picked":"SKIP","floor":54}],"player_experience":1098692,"relics_obtained":[{"floor":8,"key":"Molten Egg 2"},{"floor":9,"key":"Darkstone Periapt"},{"floor":10,"key":"Self Forming Clay"},{"floor":13,"key":"White Beast Statue"},{"floor":21,"key":"Necronomicon"},{"floor":24,"key":"Toy Ornithopter"},{"floor":26,"key":"Eternal Feather"},{"floor":28,"key":"CeramicFish"},{"floor":30,"key":"FossilizedHelix"},{"floor":30,"key":"Bottled Lightning"},{"floor":46,"key":"Du-Vu Doll"},{"floor":54,"key":"Gremlin Horn"}],"event_choices":[{"damage_healed":0,"gold_gain":0,"player_choice":"Entered Light","damage_taken":16,"max_hp_gain":0,"max_hp_loss":0,"event_name":"Shining Light","floor":4,"gold_loss":0,"cards_upgraded":["Bash","Strike_R"]},{"damage_healed":0,"gold_gain":0,"player_choice":"Grow","damage_taken":0,"max_hp_gain":0,"max_hp_loss":0,"event_name":"Living Wall","floor":11,"gold_loss":0,"cards_upgraded":["True Grit"]},{"damage_healed":0,"gold_gain":0,"player_choice":"Obtained Book","damage_taken":16,"max_hp_gain":0,"max_hp_loss":0,"event_name":"Cursed Tome","floor":21,"gold_loss":0},{"cards_removed":["Defend_R"],"damage_healed":0,"gold_gain":0,"player_choice":"Gave Gold","damage_taken":0,"max_hp_gain":0,"max_hp_loss":0,"event_name":"Beggar","floor":22,"gold_loss":75},{"damage_healed":0,"gold_gain":0,"player_choice":"Opened","damage_taken":0,"relics_obtained":["Omamori"],"max_hp_gain":0,"max_hp_loss":0,"event_name":"The Mausoleum","floor":27,"gold_loss":0,"cards_obtained":["Writhe"]},{"damage_healed":0,"gold_gain":0,"player_choice":"Ignored","damage_taken":0,"max_hp_gain":0,"max_hp_loss":0,"event_name":"Vampires","floor":29,"gold_loss":0},{"damage_healed":0,"gold_gain":0,"player_choice":"Fight","damage_taken":0,"max_hp_gain":0,"max_hp_loss":0,"event_name":"Colosseum","floor":30,"gold_loss":0},{"damage_healed":0,"gold_gain":0,"player_choice":"Fought Nobs","damage_taken":0,"max_hp_gain":0,"max_hp_loss":0,"event_name":"Colosseum","floor":30,"gold_loss":0},{"damage_healed":0,"gold_gain":999,"player_choice":"Gold","damage_taken":0,"max_hp_gain":0,"max_hp_loss":0,"event_name":"MindBloom","floor":36,"gold_loss":0,"cards_obtained":["Normality","Normality"]},{"damage_healed":0,"gold_gain":275,"player_choice":"Desecrate","damage_taken":0,"max_hp_gain":0,"max_hp_loss":0,"event_name":"Golden Shrine","floor":39,"gold_loss":0,"cards_obtained":["Regret"]},{"damage_healed":38,"gold_gain":0,"player_choice":"Writhe","damage_taken":0,"max_hp_gain":0,"max_hp_loss":0,"event_name":"Winding Halls","floor":44,"gold_loss":0,"cards_obtained":["Writhe"]}],"is_beta":false,"boss_relics":[{"not_picked":["Velvet Choker","Coffee Dripper"],"picked":"Empty Cage"},{"not_picked":["Runic Cube","Fusion Hammer"],"picked":"SacredBark"}],"items_purged_floors":[5,31,40,42],"is_endless":false,"potions_floor_spawned":[7,8,13,14,16,18,20,24,28,30,30,33,35,37,38,41,46,47,54],"ascension_level":1}}