{"host":"4gpocmiyl6swb7z6","time":1608762777,"event":{"mods":["AchievementEnabler","BaseMod","Colored Map","Colored Powertips","Minty Spire (QoL Compilation)","Rare Cards Sparkle"],"gold_per_floor":[112,129,129,139,150,150,161,161,161],"floor_reached":8,"playtime":616,"items_purged":[],"score":53,"play_id":"3f187ac0-9a24-404d-affa-a1460d38c6e4","local_time":"20201223233257","is_ascension_mode":true,"campfire_choices":[{"data":"Second Wind","floor":6,"key":"SMITH"}],"circlet_count":0,"master_deck":["Strike_R","Strike_R+1","Strike_R","Strike_R","Strike_R","Defend_R","Defend_R","Defend_R","Defend_R+1","Bash","Rupture","Twin Strike","Disarm","Second Wind+1","Seeing Red"],"relics":["Burning Blood"],"acts_visited":["Exordium"],"potions_floor_usage":[8],"damage_taken":[{"damage":6,"enemies":"Jaw Worm","floor":1,"turns":3},{"damage":9,"enemies":"2 Louse","floor":2,"turns":3},{"damage":12,"enemies":"Small Slimes","floor":4,"turns":4},{"damage":10,"enemies":"Looter","floor":5,"turns":3},{"damage":2,"enemies":"3 Louse","floor":7,"turns":4},{"damage":58,"enemies":"3 Sentries","floor":8,"turns":10}],"seed_played":"6704644246956231032","potions_obtained":[{"floor":1,"key":"FearPotion"},{"floor":4,"key":"BlessingOfTheForge"}],"is_trial":false,"path_per_floor":["M","M","?","M","M","R","M","E"],"character_chosen":"IRONCLAD","items_purchased":[],"campfire_rested":0,"item_purchase_floors":[],"current_hp_per_floor":[88,85,67,61,57,57,61,3,3],"gold":161,"neow_bonus":"TEN_PERCENT_HP_BONUS","is_daily":false,"chose_seed":false,"campfire_upgraded":1,"win_rate":0.0,"timestamp":1608762777,"path_taken":["M","M","?","M","M","R","M","E"],"items_purchased_type":[],"build_version":"2020-12-22","purchased_purges":0,"victory":false,"max_hp_per_floor":[88,88,88,88,88,88,88,88,88],"card_choices":[{"not_picked":["Fire Breathing","Rampage"],"picked":"Rupture","floor":1},{"not_picked":["Warcry","Dropkick"],"picked":"Twin Strike","floor":2},{"not_picked":["Anger","Infernal Blade"],"picked":"Disarm","floor":4},{"not_picked":["Clothesline","True Grit"],"picked":"Second Wind","floor":5},{"not_picked":["Warcry","Clothesline"],"picked":"Seeing Red","floor":7}],"player_experience":12812,"relics_obtained":[],"event_choices":[{"damage_healed":0,"gold_gain":0,"player_choice":"Entered Light","damage_taken":18,"max_hp_gain":0,"max_hp_loss":0,"event_name":"Shining Light","floor":3,"gold_loss":0,"cards_upgraded":["Strike_R","Defend_R"]}],"is_beta":false,"boss_relics":[],"items_purged_floors":[],"is_endless":false,"potions_floor_spawned":[1,4],"killed_by":"3 Sentries","ascension_level":1}}