{"host":"Melcetto","time":1608764812,"event":{"mods":["AlwaysNeverKeys","BaseMod","Better Vampires","Colored Map","Colored Powertips","DeckTracker","Emptier Cage","Minty Spire (QoL Compilation)","Permanent Neow","Quick Restart","Random Character Button","Rare Cards Sparkle","Relic Sorter","Relic Stats","StSLib","Transform Curses"],"gold_per_floor":[117,128,145,145,15,15,46,46,46,46,79,95,131,145,145,145,145],"floor_reached":16,"playtime":1701,"items_purged":["Strike_R"],"score":290,"play_id":"b87c82c6-ce90-4550-b70b-fde506484cb3","local_time":"20201223180652","is_ascension_mode":true,"campfire_choices":[{"data":"Uppercut","floor":6,"key":"SMITH"},{"data":"Metallicize","floor":8,"key":"SMITH"},{"data":"Flame Barrier","floor":10,"key":"SMITH"},{"data":"Shrug It Off","floor":15,"key":"SMITH"}],"circlet_count":0,"master_deck":["AscendersBane","Strike_R","Strike_R","Strike_R","Strike_R","Defend_R","Defend_R","Defend_R","Defend_R","Bash","CurseOfTheBell","Uppercut+1","Flame Barrier+1","Metallicize+1","Shrug It Off+1"],"relics":["Calling Bell","Red Skull","InkBottle","Gambling Chip","Golden Idol","Ornamental Fan","Bottled Tornado","FossilizedHelix","Omamori"],"acts_visited":["Exordium"],"potions_floor_usage":[7,11,16,16],"damage_taken":[{"damage":6,"enemies":"Small Slimes","floor":1,"turns":3},{"damage":0,"enemies":"2 Louse","floor":2,"turns":3},{"damage":0,"enemies":"Jaw Worm","floor":3,"turns":4},{"damage":34,"enemies":"Gremlin Nob","floor":7,"turns":5},{"damage":10,"enemies":"3 Sentries","floor":11,"turns":10},{"damage":0,"enemies":"3 Louse","floor":12,"turns":5},{"damage":0,"enemies":"Lagavulin","floor":13,"turns":7},{"damage":0,"enemies":"Large Slime","floor":14,"turns":6},{"damage":32,"enemies":"Hexaghost","floor":16,"turns":12}],"seed_played":"3686843212633532019","potions_obtained":[{"floor":2,"key":"BloodPotion"},{"floor":7,"key":"Strength Potion"},{"floor":14,"key":"Weak Potion"}],"is_trial":false,"path_per_floor":["M","M","M","?","$","R","E","R","T","R","E","M","E","M","R","B"],"character_chosen":"IRONCLAD","items_purchased":["Strength Potion"],"campfire_rested":0,"item_purchase_floors":[5],"current_hp_per_floor":[62,62,62,62,62,62,28,28,28,28,18,18,18,18,18,0,0],"gold":145,"neow_bonus":"BOSS_RELIC","is_daily":false,"chose_seed":false,"campfire_upgraded":4,"win_rate":0.0,"timestamp":1608764812,"path_taken":["M","M","M","?","$","R","E","R","T","R","E","M","E","M","R","BOSS"],"items_purchased_type":["Potion"],"build_version":"2020-12-18","purchased_purges":1,"victory":false,"max_hp_per_floor":[75,75,75,68,68,68,68,68,68,68,68,68,68,68,68,68,68],"relic_stats":{"counters":[9,55],"Golden Idol":26,"Ornamental Fan":[0],"Gambling Chip":[27],"obtain_stats":[{"Calling Bell":0,"Golden Idol":4,"Ornamental Fan":7,"Gambling Chip":0,"Omamori":13,"Bottled Tornado":9,"Burning Blood":0,"Red Skull":0,"InkBottle":0,"FossilizedHelix":11},{"Calling Bell":0,"Golden Idol":3,"Ornamental Fan":4,"Gambling Chip":0,"Omamori":7,"Bottled Tornado":4,"Burning Blood":0,"Red Skull":0,"InkBottle":0,"FossilizedHelix":5},{"Calling Bell":0,"Golden Idol":10,"Ornamental Fan":15,"Gambling Chip":0,"Omamori":37,"Bottled Tornado":15,"Burning Blood":0,"Red Skull":0,"InkBottle":0,"FossilizedHelix":25}],"InkBottle":[11]},"card_choices":[{"not_picked":["Rampage","Rage"],"picked":"Uppercut","floor":1},{"not_picked":["Heavy Blade","Intimidate"],"picked":"Flame Barrier","floor":2},{"not_picked":["Cleave","Sword Boomerang"],"picked":"Metallicize","floor":3},{"not_picked":["Dark Embrace","Cleave","Anger"],"picked":"SKIP","floor":7},{"not_picked":["Twin Strike","Dual Wield","Rupture"],"picked":"SKIP","floor":11},{"not_picked":["Headbutt","Sever Soul","Havoc"],"picked":"SKIP","floor":12},{"not_picked":["Flex","Sentinel"],"picked":"Shrug It Off","floor":13},{"not_picked":["Iron Wave","Combust","Rampage"],"picked":"SKIP","floor":14}],"player_experience":18773527,"relics_obtained":[{"floor":0,"key":"Red Skull"},{"floor":0,"key":"InkBottle"},{"floor":0,"key":"Gambling Chip"},{"floor":7,"key":"Ornamental Fan"},{"floor":9,"key":"Bottled Tornado"},{"floor":11,"key":"FossilizedHelix"},{"floor":13,"key":"Omamori"}],"event_choices":[{"damage_healed":0,"gold_gain":0,"player_choice":"Lose Max HP","damage_taken":0,"relics_obtained":["Golden Idol"],"max_hp_gain":0,"max_hp_loss":7,"event_name":"Golden Idol","floor":4,"gold_loss":0}],"is_beta":true,"boss_relics":[],"items_purged_floors":[5],"is_endless":false,"potions_floor_spawned":[2,7,14],"killed_by":"Hexaghost","ascension_level":20}}