{"host":"ilxricga2547gmyy","time":1608765012,"event":{"mods":["AchievementEnabler","BaseMod","Minty Spire (QoL Compilation)","Quick Restart","StSLib","The Cursed"],"gold_per_floor":[112,132,142,162,173,202,202,202,202,46,71,90,125,137,137,233,233,244,260,270,270,270],"floor_reached":21,"playtime":692,"items_purged":[],"score":281,"play_id":"3dc090b8-3503-4a87-ae69-30956296c4da","local_time":"20201224001012","is_ascension_mode":true,"campfire_choices":[{"floor":7,"key":"REST"},{"floor":15,"key":"REST"}],"circlet_count":0,"master_deck":["Strike_B","Strike_B+1","Strike_B","Strike_B","Defend_B","Defend_B","Defend_B","Defend_B","Zap","Dualcast","Genetic Algorithm","Cold Snap+1","Double Energy","Defragment","Ball Lightning","Loop","Turbo","Storm","Electrodynamics","Amplify","Doom and Gloom","Defragment","Ball Lightning","Fission","Genetic Algorithm","Storm+1","Glacier+1"],"relics":["Cracked Core","PreservedInsect","Vajra","Whetstone","Eternal Feather","Nuclear Battery"],"acts_visited":["Exordium","TheCity"],"potions_floor_usage":[6,20,20],"damage_taken":[{"damage":7,"enemies":"Jaw Worm","floor":1,"turns":3},{"damage":5,"enemies":"Cultist","floor":2,"turns":4},{"damage":5,"enemies":"Small Slimes","floor":3,"turns":3},{"damage":7,"enemies":"Blue Slaver","floor":4,"turns":3},{"damage":2,"enemies":"2 Fungi Beasts","floor":5,"turns":4},{"damage":13,"enemies":"3 Sentries","floor":6,"turns":6},{"damage":11,"enemies":"Gremlin Nob","floor":11,"turns":3},{"damage":11,"enemies":"Exordium Thugs","floor":12,"turns":2},{"damage":10,"enemies":"Lagavulin","floor":13,"turns":5},{"damage":9,"enemies":"Red Slaver","floor":14,"turns":4},{"damage":0,"enemies":"Slime Boss","floor":16,"turns":5},{"damage":15,"enemies":"3 Byrds","floor":18,"turns":3},{"damage":39,"enemies":"2 Thieves","floor":19,"turns":4},{"damage":21,"enemies":"Centurion and Healer","floor":20,"turns":4},{"damage":8,"enemies":"Shelled Parasite and Fungi","floor":21,"turns":2}],"seed_played":"-5350758753392735508","potions_obtained":[{"floor":1,"key":"FocusPotion"},{"floor":4,"key":"SteroidPotion"},{"floor":6,"key":"GamblersBrew"},{"floor":12,"key":"DuplicationPotion"}],"is_trial":false,"path_per_floor":["M","M","M","M","M","E","R","?","T","$","E","M","E","M","R","B",null,"M","M","M","M"],"character_chosen":"DEFECT","items_purchased":["Electrodynamics"],"campfire_rested":2,"item_purchase_floors":[10],"current_hp_per_floor":[75,70,65,58,56,43,67,67,67,67,56,45,35,26,62,62,82,67,28,7,0,0],"gold":270,"neow_bonus":"TEN_PERCENT_HP_BONUS","is_daily":false,"chose_seed":false,"campfire_upgraded":0,"win_rate":0.0,"timestamp":1608765012,"path_taken":["M","M","M","M","M","E","R","?","T","$","E","?","E","?","R","BOSS","M","M","M","M"],"items_purchased_type":["Card"],"build_version":"2020-12-22","purchased_purges":0,"victory":false,"max_hp_per_floor":[82,82,82,82,82,82,82,82,82,82,82,82,82,82,82,82,82,82,82,82,82,82],"card_choices":[{"not_picked":["Beam Cell","Compile Driver"],"picked":"Genetic Algorithm","floor":1},{"not_picked":["Auto Shields","Recycle"],"picked":"Cold Snap","floor":2},{"not_picked":["Conserve Battery","Cold Snap"],"picked":"Double Energy","floor":3},{"not_picked":["Self Repair","Hologram"],"picked":"Defragment","floor":4},{"not_picked":["Hologram","Gash"],"picked":"Ball Lightning","floor":5},{"not_picked":["Coolheaded","Biased Cognition"],"picked":"Loop","floor":6},{"not_picked":["Streamline","Scrape"],"picked":"Amplify","floor":11},{"not_picked":["Lockon","White Noise"],"picked":"Doom and Gloom","floor":12},{"not_picked":["Undo","Chill"],"picked":"Defragment","floor":13},{"not_picked":["Lockon","Blizzard"],"picked":"Ball Lightning","floor":14},{"not_picked":["Meteor Strike","Hyperbeam"],"picked":"Fission","floor":16},{"not_picked":["Sweeping Beam","Redo"],"picked":"Genetic Algorithm","floor":18},{"not_picked":["Chill","Cold Snap"],"picked":"Storm+1","floor":19},{"not_picked":["Chaos","Conserve Battery+1"],"picked":"Glacier+1","floor":20}],"player_experience":250942,"relics_obtained":[{"floor":6,"key":"PreservedInsect"},{"floor":9,"key":"Vajra"},{"floor":11,"key":"Whetstone"},{"floor":13,"key":"Eternal Feather"}],"event_choices":[{"damage_healed":0,"gold_gain":0,"player_choice":"2 cards matched","damage_taken":0,"max_hp_gain":0,"max_hp_loss":0,"event_name":"Match and Keep!","floor":8,"gold_loss":0,"cards_obtained":["Turbo","Storm"]}],"is_beta":false,"boss_relics":[{"not_picked":["Tiny House","Astrolabe"],"picked":"Nuclear Battery"}],"items_purged_floors":[],"is_endless":false,"potions_floor_spawned":[1,4,6,12,13],"killed_by":"Shelled Parasite and Fungi","ascension_level":2}}