{"host":"jpyc2kczef5p02oc","time":1608730608,"event":{"mods":["ATMod(阿瑾Mod)","BaseMod","Friendly Minions","Hubris","Marisa（F雨　魔理沙）","Minty Spire (QoL Compilation)","StSLib","Td1madao Mod","The Servant 0.9.4","【功能Mod】聪明的最终Boss"],"gold_per_floor":[111,111,111,36,50,77,77,87,87,87,121,121,121,131,131,210,210,222,61,61,73,73,104,104,84,84,117,117,117],"floor_reached":29,"playtime":950,"items_purged":[],"score":555,"play_id":"5c53dc4a-8143-46f4-8648-b7e2c5d56b3a","local_time":"20201223213648","is_ascension_mode":true,"campfire_choices":[{"data":"Armaments","floor":7.0,"key":"SMITH"},{"data":"Offering","floor":10.0,"key":"SMITH"},{"floor":15.0,"key":"REST"},{"floor":24,"key":"REST"}],"circlet_count":0,"master_deck":["AscendersBane","Strike_R","Strike_R","Strike_R","Strike_R","Strike_R","Defend_R+1","Defend_R","Defend_R","Defend_R+1","Bash+1","AT_CelerityRune","Headbutt+1","Armaments+1","Wild Strike","Offering+1","Dropkick","AT_IchimonjiDouble","AT_BodySlamDance+1","Double Tap","CurseOfTheBell","Offering","Sword Boomerang+1","AT_Dispersion","Bash+1","AT_IchimonjiDouble+1","Warcry"],"relics":["Burning Blood","AT_ATBox","NeowsBlessing","AT_ChloranthyRing","Dream Catcher","Whetstone","CultistMask","Calling Bell","War Paint","Molten Egg 2","hubris:Teleporter","Akabeko","Tiny Chest","Self Forming Clay"],"acts_visited":["Exordium","TheCity"],"potions_floor_usage":[23,29,29],"damage_taken":[{"damage":0.0,"enemies":"Jaw Worm","floor":1.0,"turns":1.0},{"damage":0.0,"enemies":"Small Slimes","floor":5.0,"turns":1.0},{"damage":0.0,"enemies":"3 Sentries","floor":6.0,"turns":2.0},{"damage":14.0,"enemies":"2 Louse","floor":8.0,"turns":3.0},{"damage":40.0,"enemies":"Lagavulin","floor":11.0,"turns":6.0},{"damage":6.0,"enemies":"Lots of Slimes","floor":14.0,"turns":5.0},{"damage":26.0,"enemies":"Slime Boss","floor":16.0,"turns":8.0},{"damage":6.0,"enemies":"Chosen","floor":18.0,"turns":3.0},{"damage":15,"enemies":"Spheric Guardian","floor":21,"turns":3},{"damage":31,"enemies":"Gremlin Leader","floor":23,"turns":5},{"damage":41,"enemies":"Book of Stabbing","floor":28,"turns":3},{"damage":14,"enemies":"Shelled Parasite and Fungi","floor":29,"turns":2}],"seed_played":"5577657687528134682","potions_obtained":[{"floor":1.0,"key":"DuplicationPotion"},{"floor":6.0,"key":"Weak Potion"},{"floor":18.0,"key":"Fire Potion"},{"floor":25,"key":"Explosive Potion"}],"is_trial":false,"path_per_floor":["M","$","?","?","M","E","R","M","T","R","E","$","?","M","R","B",null,"M","$","?","M","?","E","R","?","T","E","M"],"character_chosen":"IRONCLAD","items_purchased":["Offering"],"campfire_rested":2,"item_purchase_floors":[19],"current_hp_per_floor":[74,74,74,74,75,75,75,67,67,67,33,33,33,33,55,35,65,65,65,65,56,56,31,53,53,53,18,4,4],"gold":117,"neow_bonus":"THREE_ENEMY_KILL","is_daily":false,"chose_seed":false,"campfire_upgraded":2,"win_rate":0.0,"timestamp":1608730608,"path_taken":["M","$","?","?","M","E","R","M","T","R","E","?","?","?","R","BOSS","M","$","?","?","?","E","R","?","T","E","M"],"items_purchased_type":["Card"],"build_version":"2020-12-22","purchased_purges":0,"victory":false,"max_hp_per_floor":[75,75,75,75,75,75,75,75,75,75,75,75,75,75,75,75,75,75,75,75,75,75,75,75,75,75,75,75,75],"card_choices":[{"not_picked":["Rampage","True Grit"],"picked":"Headbutt","floor":1.0},{"not_picked":["Clash","Sword Boomerang"],"picked":"Armaments","floor":5.0},{"not_picked":["Fiend Fire","Headbutt"],"picked":"Wild Strike","floor":6.0},{"not_picked":["hubris:CleavingFinish","Anger"],"picked":"Offering","floor":8.0},{"not_picked":["Havoc","Warcry"],"picked":"Dropkick","floor":11.0},{"not_picked":["Shrug It Off","Iron Wave"],"picked":"AT_IchimonjiDouble","floor":14.0},{"not_picked":["Searing Blow","Sentinel"],"picked":"AT_BodySlamDance","floor":15.0},{"not_picked":["Exhume","AT_Dispersion"],"picked":"Double Tap","floor":16.0},{"not_picked":["hubris:ReadiedAction","Perfected Strike+1","Armaments"],"picked":"SKIP","floor":18.0},{"not_picked":["Ghostly Armor+1","Body Slam+1"],"picked":"AT_IchimonjiDouble+1","floor":21},{"not_picked":["True Grit+1","Anger+1","Corruption"],"picked":"SKIP","floor":23},{"not_picked":["Clothesline+1","Hemokinesis+1"],"picked":"Warcry","floor":28}],"player_experience":265960,"relics_obtained":[{"floor":6.0,"key":"Dream Catcher"},{"floor":11.0,"key":"Whetstone"},{"floor":17.0,"key":"War Paint"},{"floor":17.0,"key":"Molten Egg 2"},{"floor":17.0,"key":"hubris:Teleporter"},{"floor":23,"key":"Akabeko"},{"floor":26,"key":"Tiny Chest"},{"floor":28,"key":"Self Forming Clay"}],"event_choices":[{"damage_healed":0.0,"max_hp_gain":0.0,"max_hp_loss":0.0,"gold_gain":0.0,"event_name":"Big Fish","player_choice":"Box","floor":3.0,"gold_loss":0.0,"damage_taken":0.0,"relics_obtained":["AT_ChloranthyRing"],"cards_obtained":["Regret"]},{"cards_removed":["Regret"],"damage_healed":0.0,"max_hp_gain":0.0,"max_hp_loss":0.0,"gold_gain":0.0,"event_name":"The Cleric","player_choice":"Card Removal","floor":4.0,"gold_loss":75.0,"damage_taken":0.0},{"damage_healed":0.0,"max_hp_gain":0.0,"max_hp_loss":0.0,"gold_gain":0.0,"event_name":"FaceTrader","player_choice":"Trade","floor":13.0,"gold_loss":0.0,"damage_taken":0.0,"relics_obtained":["CultistMask"]},{"damage_healed":0,"gold_gain":0,"player_choice":"3 cards matched","damage_taken":0,"max_hp_gain":0,"max_hp_loss":0,"event_name":"Match and Keep!","floor":20,"gold_loss":0,"cards_obtained":["Sword Boomerang","AT_Dispersion","Bash"]},{"damage_healed":0,"gold_gain":0,"player_choice":"Bought 1 Potion","damage_taken":0,"max_hp_gain":0,"max_hp_loss":0,"event_name":"The Woman in Blue","floor":25,"gold_loss":0}],"is_beta":false,"boss_relics":[{"not_picked":["Runic Dome","hubris:ScarierMask"],"picked":"Calling Bell"}],"items_purged_floors":[],"is_endless":false,"potions_floor_spawned":[1,6,18,21],"killed_by":"Shelled Parasite and Fungi","ascension_level":18}}