{"host":"gx04ak8ofzo346nl","time":1608695843,"event":{"mods":["BaseMod","Colored Map","Downfall","Googly Eyes","Highlight Path","Infinite Spire","Minty Spire (QoL Compilation)","Replay The Spire","StSLib","The Animator"],"gold_per_floor":[119,137,154,166,186,221,221,247,247,30,50,50,82,82,82,182,182,196,295,295,308,308,308],"floor_reached":22,"playtime":1497,"items_purged":["Strike_G"],"score":216,"play_id":"54208dde-8f12-40b9-b884-cb09fc6979f0","local_time":"20201222195723","is_ascension_mode":true,"campfire_choices":[{"floor":7,"key":"RECALL"},{"data":"Noxious Fumes","floor":12,"key":"SMITH"},{"data":"Fluid Movement","floor":15,"key":"SMITH"}],"circlet_count":0,"master_deck":["Strike_G","Strike_G","Strike_G","Strike_G","Defend_G","Defend_G","Defend_G+1","Defend_G","Defend_G","Survivor","Neutralize","Dodge and Roll","Toxin Wave","Outmaneuver","Flying Knee","Deadly Poison","Noxious Fumes+1","Fluid Movement+1","After Image","Replay:Poison Smokescreen","Poisoned Stab","Corpse Explosion","Dash","Deadly Poison"],"relics":["Ring of the Snake","Omamori","infinitespire:Beetle Shell","ReplayTheSpireMod:Lightbulb","SlaversCollar"],"acts_visited":["Exordium","TheCity"],"potions_floor_usage":[6,16,16,21],"damage_taken":[{"damage":0,"enemies":"2 Louse","floor":1,"turns":6},{"damage":0,"enemies":"Small Slimes","floor":2,"turns":5},{"damage":0,"enemies":"Jaw Worm","floor":3,"turns":6},{"damage":6,"enemies":"2 Fungi Beasts","floor":4,"turns":4},{"damage":5,"enemies":"Blue Slaver","floor":5,"turns":7},{"damage":28,"enemies":"Lagavulin","floor":6,"turns":7},{"damage":16,"enemies":"3 Sentries","floor":8,"turns":6},{"damage":0,"enemies":"Large Slime","floor":11,"turns":6},{"damage":4,"enemies":"Replay:BlueRogue","floor":13,"turns":7},{"damage":19,"enemies":"Fading Forest","floor":16,"turns":11},{"damage":18,"enemies":"Shell Parasite","floor":18,"turns":7},{"damage":26,"enemies":"Spheric Guardian","floor":21,"turns":6},{"damage":41,"enemies":"Cultist and Chosen","floor":22,"turns":5}],"seed_played":"6229030670152588745","potions_obtained":[{"floor":1,"key":"DistilledChaos"},{"floor":4,"key":"Fire Potion"},{"floor":8,"key":"Explosive Potion"},{"floor":16,"key":"SteroidPotion"},{"floor":18,"key":"ColorlessPotion"}],"is_trial":false,"path_per_floor":["M","M","M","M","M","E","R","E","T","$","M","R","E","?","R","B",null,"M","?","?","M","M"],"character_chosen":"THE_SILENT","items_purchased":["After Image"],"campfire_rested":0,"item_purchase_floors":[10],"current_hp_per_floor":[77,77,77,71,66,38,38,22,22,22,22,22,18,18,18,23,77,59,59,59,33,0,0],"gold":308,"neow_bonus":"TEN_PERCENT_HP_BONUS","is_daily":false,"chose_seed":false,"campfire_upgraded":2,"win_rate":0.0,"timestamp":1608695843,"path_taken":["M","M","M","M","M","E","R","E","T","$","M","R","E","?","R","BOSS","M","?","?","M","M"],"items_purchased_type":["Card"],"build_version":"2020-12-13","purchased_purges":1,"victory":false,"max_hp_per_floor":[77,77,77,77,77,77,77,77,77,77,77,77,77,77,77,77,77,77,77,77,77,77,77],"card_choices":[{"not_picked":["Deflect","Dagger Throw"],"picked":"Dodge and Roll","floor":1},{"not_picked":["Deadly Poison","Sucker Punch"],"picked":"Toxin Wave","floor":2},{"not_picked":["ReplayTheSpireMod:Tripwire","Deflect"],"picked":"Outmaneuver","floor":3},{"not_picked":["Dash","Dagger Spray"],"picked":"Flying Knee","floor":4},{"not_picked":["Acrobatics","Outmaneuver"],"picked":"Deadly Poison","floor":5},{"not_picked":["Deadly Poison","Caltrops"],"picked":"Noxious Fumes","floor":6},{"not_picked":["Prepared","Caltrops"],"picked":"Fluid Movement","floor":8},{"not_picked":["Dash","Underhanded Strike"],"picked":"Replay:Poison Smokescreen","floor":11},{"not_picked":["PiercingWail","Hidden Blade"],"picked":"Poisoned Stab","floor":13},{"not_picked":["Doppelganger","Venomology"],"picked":"Corpse Explosion","floor":16},{"not_picked":["Terror+1","Acrobatics"],"picked":"Dash","floor":18},{"not_picked":["ReplayTheSpireMod:The Works","Backstab"],"picked":"Deadly Poison","floor":21}],"player_experience":318486,"relics_obtained":[{"floor":6,"key":"Omamori"},{"floor":8,"key":"infinitespire:Beetle Shell"},{"floor":13,"key":"ReplayTheSpireMod:Lightbulb"}],"event_choices":[{"damage_healed":0,"gold_gain":99,"player_choice":"Stole From Cult","damage_taken":0,"max_hp_gain":0,"max_hp_loss":0,"event_name":"Nest","floor":19,"gold_loss":0}],"is_beta":false,"boss_relics":[{"not_picked":["Busted Crown","Philosopher\u0027s Stone"],"picked":"SlaversCollar"}],"items_purged_floors":[10],"is_endless":false,"potions_floor_spawned":[1,4,8,16,18],"killed_by":"Cultist and Chosen","ascension_level":1}}