{"host":"agn8wmerpzfmi70r","time":1608721463,"event":{"mods":["AchievementEnabler","BaseMod","Bestiary","BetterRewards","Colored Map","Downfall","Highlight Path","Minty Spire (QoL Compilation)","Relic Stats","StSLib"],"gold_per_floor":[118,132,151,167,178,178,178],"floor_reached":6,"playtime":529,"items_purged":[],"score":46,"play_id":"8e34aaea-dcc1-4136-b9fd-0a0acb870029","local_time":"20201223050423","is_ascension_mode":true,"campfire_choices":[],"circlet_count":0,"master_deck":["Strike_P","Strike_P","Strike_P","Strike_P","Defend_P","Defend_P","Defend_P","Defend_P","Eruption","Vigilance","Tantrum","Protect","SashWhip","Crescendo","Conclude"],"relics":["PureWater","Strange Spoon"],"acts_visited":["Exordium"],"potions_floor_usage":[6],"damage_taken":[{"damage":6,"enemies":"Jaw Worm","floor":1,"turns":8},{"damage":0,"enemies":"2 Louse","floor":2,"turns":2},{"damage":0,"enemies":"Small Slimes","floor":3,"turns":2},{"damage":3,"enemies":"Red Slaver","floor":4,"turns":4},{"damage":44,"enemies":"Lots of Slimes","floor":5,"turns":7},{"damage":40,"enemies":"Lagavulin","floor":6,"turns":4}],"seed_played":"-4977024411859914540","potions_obtained":[{"floor":1,"key":"LiquidMemories"},{"floor":4,"key":"CultistPotion"},{"floor":5,"key":"SteroidPotion"}],"is_trial":false,"path_per_floor":["M","M","M","M","M","E"],"character_chosen":"WATCHER","items_purchased":["Strange Spoon"],"campfire_rested":0,"item_purchase_floors":[0],"current_hp_per_floor":[66,66,66,63,19,0,0],"gold":178,"neow_bonus":"","is_daily":false,"chose_seed":false,"campfire_upgraded":0,"win_rate":0.0,"timestamp":1608721463,"path_taken":["M","M","M","M","M","E"],"items_purchased_type":["Relic"],"build_version":"2020-12-22","purchased_purges":0,"victory":false,"max_hp_per_floor":[72,72,72,72,72,72,72],"relic_stats":{"Strange Spoon":[3],"counters":[15,54],"obtain_stats":[{"Strange Spoon":0,"Nunchaku":9,"NeowsBlessing":0,"Strawberry":11,"Vajra":8,"PureWater":0,"Ancient Tea Set":6},{"Strange Spoon":9,"Nunchaku":6,"NeowsBlessing":0,"Strawberry":8,"Vajra":6,"PureWater":0,"Ancient Tea Set":4},{"Strange Spoon":27,"Nunchaku":20,"NeowsBlessing":0,"Strawberry":25,"Vajra":20,"PureWater":0,"Ancient Tea Set":9}]},"card_choices":[{"not_picked":["Evaluate","Meditate"],"picked":"Tantrum","floor":1},{"not_picked":["Consecrate","Pray"],"picked":"Protect","floor":2},{"not_picked":["Worship","CarveReality"],"picked":"SashWhip","floor":3},{"not_picked":["JustLucky","Indignation"],"picked":"Crescendo","floor":4},{"not_picked":["CutThroughFate","Wireheading"],"picked":"Conclude","floor":5}],"player_experience":74155,"relics_obtained":[],"event_choices":[],"is_beta":false,"boss_relics":[],"items_purged_floors":[],"is_endless":false,"potions_floor_spawned":[1,4,5],"killed_by":"Lagavulin","ascension_level":3}}