{"host":"4izqype2b9ama7cy","time":1608727480,"event":{"mods":["AchievementEnabler","BaseMod","Better Altar","Better Match","Better Note","Better Sensory Stone","Better Skull","Better Third Choice","Better Vampires","Block Reminder","Challenge The Spire","Conspire","Gremlin Skip","Highlight Path","Infinite Spire","Marked Mod","Minty Spire (QoL Compilation)","Replay The Spire","Spicy Shops","StSLib","Wandering Minibosses","everything is the same but u backflip on backflip"],"gold_per_floor":[115,115,81,97,97,97,124,124,124,124,139,158,173,183,183,285,285,303,303,303,46,46,46,46,46,46,85,43,75,75,94,94,205,205,237,308,308,342,105,107,107],"floor_reached":40,"playtime":2806,"items_purged":[],"score":522,"play_id":"5b6d99d6-461b-48d7-adaf-4175dd5913ae","local_time":"20201223044440","is_ascension_mode":true,"campfire_choices":[{"floor":8,"key":"REST"},{"floor":10,"key":"REST"},{"floor":15,"key":"REST"},{"data":"conspire:PoisonWeapons","floor":23,"key":"SMITH"},{"data":"After Image","floor":25,"key":"SMITH"},{"floor":30,"key":"REST"},{"floor":32,"key":"REST"}],"circlet_count":0,"master_deck":["Strike_G+1","Strike_G+1","Strike_G+1","Strike_G+1","Strike_G+1","Defend_G+1","Defend_G+1","Defend_G+1","Defend_G+1","Defend_G+1","Survivor","Neutralize","Acrobatics","Acrobatics","conspire:PoisonWeapons+1","Outmaneuver","Slice","Bouncing Flask","Poisoned Stab","PiercingWail","After Image+1","Dagger Spray","Writhe","Poisoned Stab","Blade Dance+1","Bane+1","Night Terror+1","Terror+1","Replay:Poison Smokescreen+1","Deadly Poison","Blade Dance","Underhanded Strike","Dagger Spray","Dagger Spray","Noxious Fumes","Bouncing Flask"],"relics":["Sizzling Blood","Pear","TungstenRod","Iron Hammer","Runic Pyramid","MutagenicStrength","Tingsha","Onion Ring","infinitespire:Eraser","Replay:Bandana","Pet Ghost","Astrolabe","Replay:Kaleidoscope"],"acts_visited":["Exordium","TheCity","TheBeyond"],"potions_floor_usage":[18,36,36,38,40],"damage_taken":[{"damage":0,"enemies":"Cultist","floor":1,"turns":5},{"damage":5,"enemies":"infinitespire:Voidling","floor":4,"turns":5},{"damage":70,"enemies":"3 Sentries","floor":7,"turns":14},{"damage":0,"enemies":"Jaw Worm","floor":11,"turns":4},{"damage":10,"enemies":"Looter","floor":12,"turns":2},{"damage":19,"enemies":"Gremlin Gang","floor":13,"turns":9},{"damage":14,"enemies":"2 Fungi Beasts","floor":14,"turns":3},{"damage":55,"enemies":"Fading Forest","floor":16,"turns":11},{"damage":0,"enemies":"3 Byrds","floor":18,"turns":5},{"damage":76,"enemies":"Slavers","floor":27,"turns":6},{"damage":0,"enemies":"Chosen","floor":29,"turns":3},{"damage":13,"enemies":"Centurion and Healer","floor":31,"turns":6},{"damage":0,"enemies":"conspire:MysteriousRune","floor":33,"turns":7},{"damage":17,"enemies":"3 Shapes","floor":35,"turns":2},{"damage":51,"enemies":"2 Orb Walkers","floor":36,"turns":4},{"damage":12,"enemies":"Orb Walker","floor":38,"turns":2},{"damage":16,"enemies":"Reptomancer","floor":40,"turns":1}],"seed_played":"5016341944059075278","potions_obtained":[{"floor":1,"key":"LifebloodPotion"},{"floor":7,"key":"EssenceOfSteel"},{"floor":12,"key":"SkillPotion"},{"floor":14,"key":"Doom Potion"},{"floor":27,"key":"Elixir"},{"floor":36,"key":"Explosive Potion"}],"is_trial":false,"path_per_floor":["M","?","$","M","?","?","E","R","T","R","M","M","M","M","R","B",null,"M","?","T","$","?","R","?","R","T","E","$","M","R","M","R","B",null,"M","?","?","M","$","E"],"character_chosen":"THE_SILENT","items_purchased":["Acrobatics","Onion Ring","Blade Dance+1","Dagger Spray","Noxious Fumes","Bouncing Flask"],"campfire_rested":5,"item_purchase_floors":[3,21,28,39,39,39],"current_hp_per_floor":[70,70,70,65,69,79,13,38,38,63,67,61,46,36,61,20,84,84,84,84,84,84,84,84,84,84,12,12,16,41,32,57,61,84,71,24,24,16,16,0,0],"gold":107,"neow_bonus":"RANDOM_EVENT","is_daily":false,"chose_seed":false,"campfire_upgraded":2,"win_rate":0.0,"timestamp":1608727480,"path_taken":["M","?","$","?","?","?","E","R","T","R","M","?","M","M","R","BOSS","M","?","?","$","?","R","?","R","T","E","?","M","R","M","R","BOSS","M","?","?","M","$","E"],"items_purchased_type":["Card","Relic","Card","Card","Card","Card"],"build_version":"2020-12-22","purchased_purges":0,"victory":false,"max_hp_per_floor":[70,70,70,70,74,84,84,84,84,84,84,84,84,84,84,84,84,84,84,84,84,84,84,84,84,84,84,84,84,84,84,84,84,84,84,84,84,84,84,84,84],"card_choices":[{"not_picked":["Outmaneuver","Expertise"],"picked":"Quick Slash","floor":1},{"not_picked":["Prepared","Acrobatics"],"picked":"conspire:PoisonWeapons","floor":4},{"not_picked":["Prepared","After Image"],"picked":"Outmaneuver","floor":7},{"not_picked":["Backflip","Deadly Poison"],"picked":"Slice","floor":11},{"not_picked":["Setup","Acrobatics"],"picked":"Bouncing Flask","floor":12},{"not_picked":["Quick Slash","Dagger Throw"],"picked":"Poisoned Stab","floor":13},{"not_picked":["Backflip","Cloak And Dagger"],"picked":"PiercingWail","floor":14},{"not_picked":["Night Terror","Venomology"],"picked":"After Image","floor":16},{"not_picked":["Hidden Blade","Expertise"],"picked":"Dagger Spray","floor":18},{"not_picked":["Sucker Punch","Underhanded Strike"],"picked":"Poisoned Stab","floor":27},{"not_picked":["Dagger Throw","ReplayTheSpireMod:Tripwire"],"picked":"Bane+1","floor":29},{"not_picked":["Sucker Punch","Well Laid Plans"],"picked":"Quick Slash","floor":31},{"not_picked":["Night Terror","Venomology"],"picked":"ReplayTheSpireMod:Necrosis","floor":33},{"not_picked":["Cloak And Dagger","Bane"],"picked":"Deadly Poison","floor":35},{"not_picked":["Bane+1","Hidden Blade+1"],"picked":"Blade Dance","floor":36},{"not_picked":["Sneak Up+1","Burst"],"picked":"Underhanded Strike","floor":38}],"player_experience":283275,"relics_obtained":[{"floor":6,"key":"Pear"},{"floor":7,"key":"TungstenRod"},{"floor":9,"key":"Iron Hammer"},{"floor":20,"key":"Tingsha"},{"floor":26,"key":"Replay:Bandana"},{"floor":27,"key":"Pet Ghost"},{"floor":36,"key":"Replay:Kaleidoscope"}],"event_choices":[{"damage_healed":0,"gold_gain":0,"player_choice":"Bought 0 Potions","damage_taken":0,"max_hp_gain":0,"max_hp_loss":0,"event_name":"The Woman in Blue","floor":2,"gold_loss":0},{"damage_healed":0,"gold_gain":0,"player_choice":"Relic","damage_taken":0,"max_hp_gain":0,"max_hp_loss":0,"event_name":"Wheel of Change","floor":6,"gold_loss":0},{"damage_healed":0,"gold_gain":0,"player_choice":"Inject Mutagens","damage_taken":0,"relics_obtained":["MutagenicStrength"],"max_hp_gain":0,"max_hp_loss":0,"event_name":"Drug Dealer","floor":19,"gold_loss":0},{"damage_healed":0,"gold_gain":0,"player_choice":"Opened","damage_taken":0,"relics_obtained":["infinitespire:Eraser"],"max_hp_gain":0,"max_hp_loss":0,"event_name":"The Mausoleum","floor":22,"gold_loss":0,"cards_obtained":["Writhe"]},{"damage_healed":0,"gold_gain":0,"player_choice":"Simplicity","damage_taken":0,"max_hp_gain":0,"max_hp_loss":9,"event_name":"betterThird:BetterWriting","floor":24,"gold_loss":0},{"damage_healed":0,"gold_gain":0,"player_choice":"Fight","damage_taken":0,"max_hp_gain":0,"max_hp_loss":0,"event_name":"Mysterious Sphere","floor":36,"gold_loss":0}],"is_beta":false,"boss_relics":[{"not_picked":["Busted Crown","ChewingGum"],"picked":"Runic Pyramid"},{"not_picked":["ReplayTheSpireMod:DimensionalGlitch","conspire:SpecialSausage"],"picked":"Astrolabe"}],"items_purged_floors":[],"is_endless":false,"potions_floor_spawned":[1,7,12,14,27,31,36],"killed_by":"Reptomancer","ascension_level":2}}