{"host":"m3rs92yjkwi06hli","time":1608686220,"event":{"mods":["Act Like it!","Aspiration","BaseMod","Colored Map","Conspire","Defuse TimeMaze Blight","Downfall","Energized Spire","Hubris","Infinite Spire","Minty Spire (QoL Compilation)","Relic Stats","Replay The Spire","Spicy Shops","StSLib"],"gold_per_floor":[99,99,36,36,136,136,163,163,163,179,179,197,122,133,133,133,144,240,240,240,258,278,278,289,289,289,289],"floor_reached":25,"playtime":6388,"items_purged":[],"score":214,"play_id":"8c7e3ffc-9ee9-4adb-8f2b-289beb0f5e5d","local_time":"20201222191700","is_ascension_mode":false,"campfire_choices":[{"data":"champ:GladiatorStyle","floor":13,"key":"SMITH"},{"data":"champ:CrookedStrike","floor":15,"key":"SMITH"},{"floor":20,"key":"RECALL"}],"circlet_count":0,"master_deck":["champ:Strike","champ:Strike","champ:Strike","champ:Strike","champ:Defend","champ:Defend","champ:Defend","champ:Defend","champ:Execute","champ:Taunt","hexamod:Haunted","champ:Haymaker","champ:Lariat","champ:GladiatorStyle","champ:GladiatorStyle+1","champ:GladiatorStyle","champ:CalledShot","champ:Haymaker","champ:CrookedStrike+1","Injury","champ:MurderStrike+1","champ:Lariat","RitualDagger+1","champ:CrookedStrike+1"],"relics":["champ:ChampionCrown","downfall:HeartsMalice","Du-Vu Doll","downfall:HeartBlessingBlue","Molten Egg 2","aspiration:FutureDiary"],"acts_visited":["Exordium","TheCity"],"potions_floor_usage":[24],"damage_taken":[{"damage":0,"enemies":"conspire:RoseBush","floor":2,"turns":1},{"damage":0,"enemies":"downfall:FleeingMerchant","floor":3,"turns":1},{"damage":0,"enemies":"Small Slimes","floor":4,"turns":1},{"damage":5,"enemies":"Cultist","floor":10,"turns":3},{"damage":4,"enemies":"Blue Slaver","floor":12,"turns":4},{"damage":19,"enemies":"2 Fungi Beasts","floor":14,"turns":4},{"damage":1,"enemies":"Large Slime","floor":17,"turns":4},{"damage":72,"enemies":"downfall:Silent","floor":18,"turns":9},{"damage":10,"enemies":"Shell Parasite","floor":21,"turns":3},{"damage":25,"enemies":"Spheric Guardian","floor":22,"turns":5},{"damage":5,"enemies":"Chosen and Byrds","floor":24,"turns":6},{"damage":59,"enemies":"Gremlin Leader","floor":25,"turns":9}],"seed_played":"-2477022894540669838","potions_obtained":[{"floor":12,"key":"AttackPotion"},{"floor":14,"key":"Strength Potion"},{"floor":18,"key":"SteroidPotion"},{"floor":22,"key":"Dexterity Potion"}],"is_trial":false,"path_per_floor":["R_BF","M","$","M","?","?","T","PTL","PTL","M","?","M","R","M","R","?","M","B",null,"R_BF","M","M","?","M","E"],"character_chosen":"THE_CHAMP","items_purchased":["champ:GladiatorStyle"],"campfire_rested":0,"item_purchase_floors":[3],"current_hp_per_floor":[90,90,90,90,90,90,90,90,90,90,95,91,101,91,91,91,90,28,105,105,100,80,74,69,21,21,21],"gold":289,"neow_bonus":"THREE_ENEMY_KILL","is_daily":false,"chose_seed":false,"campfire_upgraded":2,"win_rate":0.0,"timestamp":1608686220,"path_taken":["R_BF","M","$","M","?","?","T","PTL","PTL","?","?","M","R","M","R","?","M","BOSS","R_BF","M","M","?","M","E"],"items_purchased_type":["Card"],"build_version":"2020-12-13","purchased_purges":0,"victory":false,"max_hp_per_floor":[90,90,90,90,90,90,90,90,90,90,95,95,105,105,105,105,105,105,105,105,105,105,105,105,105,105,105],"relic_stats":{"counters":[12,47],"obtain_stats":[{"Du-Vu Doll":1,"downfall:HeartBlessingBlue":13,"champ:ChampionCrown":0,"downfall:HeartsMalice":0,"Molten Egg 2":16,"aspiration:FutureDiary":19},{"Du-Vu Doll":0,"downfall:HeartBlessingBlue":5,"champ:ChampionCrown":0,"downfall:HeartsMalice":0,"Molten Egg 2":6,"aspiration:FutureDiary":8},{"Du-Vu Doll":0,"downfall:HeartBlessingBlue":7,"champ:ChampionCrown":0,"downfall:HeartsMalice":0,"Molten Egg 2":11,"aspiration:FutureDiary":24}]},"card_choices":[{"not_picked":["champ:FaceSlap","champ:FocusedBerserking"],"picked":"champ:Haymaker","floor":2},{"not_picked":["champ:AdrenalArmor","champ:Backstep"],"picked":"champ:Lariat","floor":3},{"not_picked":["champ:Backstep","champ:Encircle"],"picked":"champ:GladiatorStyle","floor":4},{"not_picked":["champ:FlashCut","champ:DeathBlow"],"picked":"champ:CalledShot","floor":10},{"not_picked":["champ:IronFortress","champ:HeartStrike"],"picked":"champ:Haymaker","floor":12},{"not_picked":["champ:HeartStrike","champ:BringItOn"],"picked":"champ:CrookedStrike","floor":14},{"not_picked":["champ:AdrenalArmor","champ:DefensiveShout","champ:TornadoPunch+1"],"picked":"SKIP","floor":17},{"not_picked":["champ:HoldFirm","champ:HeavySlash+1"],"picked":"champ:MurderStrike+1","floor":18},{"not_picked":["champ:EndlessRage+1","champ:TornadoPunch+1"],"picked":"champ:Lariat","floor":21},{"not_picked":["champ:Circumvent","champ:BringItOn+1","champ:PerfectedStrike+1"],"picked":"SKIP","floor":22},{"not_picked":["champ:GladiatorsShout","champ:Backstep"],"picked":"champ:CrookedStrike+1","floor":24}],"player_experience":859989,"relics_obtained":[],"event_choices":[{"damage_healed":0,"gold_gain":0,"player_choice":"Donut","damage_taken":0,"max_hp_gain":5,"max_hp_loss":0,"event_name":"Big Fish","floor":11,"gold_loss":0}],"is_beta":false,"boss_relics":[{"not_picked":["Replay:Drink Me","infinitespire:Cupcake"],"picked":"aspiration:FutureDiary"}],"items_purged_floors":[],"is_endless":false,"potions_floor_spawned":[12,14,18,22],"killed_by":"Gremlin Leader","ascension_level":0}}