{"host":"m6aaltr68g9tvoay","time":1608701837,"event":{"mods":["AchievementEnabler","BaseMod","Colored Map","Minty Spire (QoL Compilation)","StSLib"],"gold_per_floor":[116,127,14,14,26,26,59,59,82,82,96,111,129,164,164,238,238,257,274,274,38,49,49,79,79,79,29,29,29,40,60,60,139,139,149,149,0,10,10,10,10,23,72,72,72,16,28,63,63,63],"floor_reached":51,"playtime":2006,"items_purged":[],"score":1294,"play_id":"670ccd65-923c-4fd0-8476-82b42ea49641","local_time":"20201222213717","is_ascension_mode":true,"campfire_choices":[{"data":"Defragment","floor":6,"key":"SMITH"},{"data":"Seek","floor":8,"key":"SMITH"},{"floor":10,"key":"REST"},{"data":"Genetic Algorithm","floor":15,"key":"SMITH"},{"floor":23,"key":"REST"},{"floor":28,"key":"REST"},{"floor":32,"key":"REST"},{"floor":40,"key":"REST"},{"data":"Capacitor","floor":44,"key":"SMITH"},{"floor":49,"key":"REST"}],"circlet_count":0,"master_deck":["AscendersBane","Strike_B+1","Strike_B+1","Strike_B+1","Defend_B+1","Defend_B+1","Defend_B+1","Defend_B+1","Zap+1","Dualcast","Genetic Algorithm+1","Defragment+1","White Noise+1","Redo","Core Surge","Ball Lightning","Seek+1","Gash","Chill","Tempest","Core Surge","Melter","Sunder","Steam","Reinforced Body+1","Conserve Battery","Gash+1","Biased Cognition","Capacitor+1","Barrage+1","Melter+1"],"relics":["FrozenCore","Art of War","Toy Ornithopter","Boot","SacredBark","DataDisk","Mercury Hourglass","Mummified Hand","Red Mask","Potion Belt","Spirit Poop","Vajra"],"acts_visited":["Exordium","TheCity","TheBeyond"],"potions_floor_usage":[7,16,16,16,24,47,50,50,50],"damage_taken":[{"damage":2,"enemies":"Jaw Worm","floor":1,"turns":3},{"damage":0,"enemies":"Cultist","floor":2,"turns":3},{"damage":10,"enemies":"Small Slimes","floor":5,"turns":3},{"damage":14,"enemies":"Gremlin Nob","floor":7,"turns":3},{"damage":5,"enemies":"Looter","floor":11,"turns":3},{"damage":9,"enemies":"Red Slaver","floor":12,"turns":3},{"damage":18,"enemies":"Exordium Thugs","floor":13,"turns":4},{"damage":7,"enemies":"3 Sentries","floor":14,"turns":7},{"damage":9,"enemies":"Hexaghost","floor":16,"turns":8},{"damage":18,"enemies":"Spheric Guardian","floor":18,"turns":4},{"damage":26,"enemies":"Shell Parasite","floor":19,"turns":5},{"damage":15,"enemies":"Centurion and Healer","floor":22,"turns":8},{"damage":26,"enemies":"Slavers","floor":24,"turns":5},{"damage":6,"enemies":"Sentry and Sphere","floor":30,"turns":3},{"damage":0,"enemies":"3 Cultists","floor":31,"turns":4},{"damage":45,"enemies":"Automaton","floor":33,"turns":11},{"damage":0,"enemies":"3 Shapes","floor":35,"turns":5},{"damage":24,"enemies":"3 Darklings","floor":38,"turns":6},{"damage":2,"enemies":"Writhing Mass","floor":42,"turns":8},{"damage":32,"enemies":"Jaw Worm Horde","floor":47,"turns":4},{"damage":26,"enemies":"Nemesis","floor":48,"turns":9},{"damage":54,"enemies":"Time Eater","floor":50,"turns":11}],"seed_played":"8443564713693794601","potions_obtained":[{"floor":2,"key":"Swift Potion"},{"floor":11,"key":"FearPotion"},{"floor":12,"key":"EntropicBrew"},{"floor":16,"key":"FocusPotion"},{"floor":31,"key":"FairyPotion"},{"floor":33,"key":"Explosive Potion"},{"floor":47,"key":"AttackPotion"},{"floor":48,"key":"DuplicationPotion"}],"is_trial":false,"path_per_floor":["M","M","$","?","M","R","E","R","T","R","M","M","M","E","R","B",null,"M","M","?","$","M","R","E","?","T","?","R","$","M","M","R","B",null,"M","?","?","M","$","R","$","M","T","R","?","$","M","E","R","B",null],"character_chosen":"DEFECT","items_purchased":["White Noise","Redo","DataDisk","Sunder","PowerPotion"],"campfire_rested":6,"item_purchase_floors":[3,3,21,21,46],"current_hp_per_floor":[62,62,62,62,52,52,38,38,38,59,54,45,27,20,20,26,60,42,16,16,16,1,22,1,1,1,1,22,22,16,16,37,42,64,64,71,71,47,47,68,68,66,66,66,66,66,39,13,34,42],"gold":63,"neow_bonus":"UPGRADE_CARD","is_daily":false,"chose_seed":false,"campfire_upgraded":4,"win_rate":0.0,"timestamp":1608701837,"path_taken":["M","M","$","?","M","R","E","R","T","R","?","M","M","E","R","BOSS","M","?","?","$","M","R","E","?","T","?","R","$","M","?","R","BOSS","M","?","?","M","$","R","?","?","T","R","?","?","M","E","R","BOSS"],"items_purchased_type":["Card","Card","Relic","Card","Potion"],"build_version":"2020-12-22","purchased_purges":0,"victory":true,"max_hp_per_floor":[71,71,71,71,71,71,71,71,71,71,71,71,71,71,71,71,71,71,71,71,71,71,71,71,71,71,71,71,71,71,71,71,71,71,71,71,71,71,71,71,71,71,71,71,71,71,71,71,71,71],"card_choices":[{"not_picked":["Compile Driver","Blizzard"],"picked":"Genetic Algorithm","floor":1},{"not_picked":["Cold Snap","Beam Cell"],"picked":"Defragment","floor":2},{"not_picked":["Rip and Tear","Hologram"],"picked":"Ball Lightning","floor":5},{"not_picked":["Hologram","Scrape"],"picked":"Seek","floor":7},{"not_picked":["Undo","Ball Lightning","Beam Cell"],"picked":"SKIP","floor":11},{"not_picked":["Force Field","Blizzard"],"picked":"Gash","floor":12},{"not_picked":["Sweeping Beam","Leap"],"picked":"Chill","floor":13},{"not_picked":["Stack","Redo"],"picked":"Tempest","floor":14},{"not_picked":["Machine Learning","Meteor Strike"],"picked":"Core Surge","floor":16},{"not_picked":["Chill","Redo+1"],"picked":"Melter","floor":18},{"not_picked":["Go for the Eyes","Genetic Algorithm","Turbo"],"picked":"SKIP","floor":19},{"not_picked":["Stack","Compile Driver"],"picked":"Steam","floor":22},{"not_picked":["Self Repair","Barrage"],"picked":"Reinforced Body","floor":24},{"not_picked":["Undo","Meteor Strike"],"picked":"Conserve Battery","floor":30},{"not_picked":["Barrage","Recycle+1"],"picked":"Gash+1","floor":31},{"not_picked":["Echo Form","Hyperbeam"],"picked":"Biased Cognition","floor":33},{"not_picked":["Sweeping Beam+1","Recycle","Coolheaded"],"picked":"SKIP","floor":35},{"not_picked":["Stack","Turbo"],"picked":"Capacitor","floor":38},{"not_picked":["Sweeping Beam","Conserve Battery"],"picked":"Barrage+1","floor":42},{"not_picked":["Chaos","Turbo","Static Discharge"],"picked":"SKIP","floor":47},{"not_picked":["Sweeping Beam","Doom and Gloom"],"picked":"Melter+1","floor":48}],"player_experience":1294026,"relics_obtained":[{"floor":7,"key":"Art of War"},{"floor":9,"key":"Toy Ornithopter"},{"floor":14,"key":"Boot"},{"floor":24,"key":"Mercury Hourglass"},{"floor":26,"key":"Mummified Hand"},{"floor":43,"key":"Potion Belt"},{"floor":48,"key":"Vajra"}],"event_choices":[{"damage_healed":0,"gold_gain":0,"cards_transformed":["Strike_B"],"player_choice":"Transformed","damage_taken":0,"max_hp_gain":0,"max_hp_loss":0,"event_name":"Transmorgrifier","floor":4,"gold_loss":0,"cards_obtained":["Core Surge"]},{"damage_healed":0,"gold_gain":0,"player_choice":"Simplicity","damage_taken":0,"max_hp_gain":0,"max_hp_loss":0,"event_name":"Back to Basics","floor":20,"gold_loss":0,"cards_upgraded":["Strike_B","Strike_B","Strike_B","Defend_B","Defend_B","Defend_B","Defend_B"]},{"damage_healed":0,"gold_gain":0,"player_choice":"Ignored","damage_taken":0,"max_hp_gain":0,"max_hp_loss":0,"event_name":"Cursed Tome","floor":25,"gold_loss":0},{"damage_healed":0,"gold_gain":0,"player_choice":"Upgraded Two","damage_taken":0,"max_hp_gain":0,"max_hp_loss":0,"event_name":"Designer","floor":27,"gold_loss":50,"cards_upgraded":["White Noise","Reinforced Body"]},{"damage_healed":14,"gold_gain":0,"player_choice":"Writhe","damage_taken":0,"max_hp_gain":0,"max_hp_loss":0,"event_name":"Winding Halls","floor":36,"gold_loss":0,"cards_obtained":["Writhe"]},{"damage_healed":0,"gold_gain":0,"player_choice":"Paid","damage_taken":0,"relics_obtained":["Red Mask"],"max_hp_gain":0,"max_hp_loss":0,"event_name":"Tomb of Lord Red Mask","floor":37,"gold_loss":149},{"cards_removed":["Writhe"],"damage_healed":0,"gold_gain":0,"player_choice":"Offered Curse","damage_taken":0,"relics_obtained":["Spirit Poop"],"max_hp_gain":0,"max_hp_loss":0,"event_name":"Bonfire Elementals","floor":45,"gold_loss":0}],"is_beta":false,"boss_relics":[{"not_picked":["Black Star","Ectoplasm"],"picked":"SacredBark"},{"not_picked":["Tiny House","SlaversCollar"],"picked":"FrozenCore"}],"items_purged_floors":[],"is_endless":false,"potions_floor_spawned":[2,11,12,16,18,22,31,33,47,48],"ascension_level":18}}