{"host":"gj32n68c553yo87c","time":1608710783,"event":{"mods":["BaseMod","Downfall","Minty Spire (QoL Compilation)","Replay The Spire","StSLib","The Forsaken"],"gold_per_floor":[116,116,14,31,31,31,50,50,97,108,119,135,135,150,150,249,249,266,286,211,320,331,331,331],"floor_reached":23,"playtime":1593,"items_purged":["theForsaken:PlagueCurse"],"score":185,"play_id":"dcde3921-f921-42f1-85cf-30c0e120e917","local_time":"20201223000623","is_ascension_mode":false,"campfire_choices":[{"data":"theForsaken:Preservation","floor":6,"key":"SMITH"},{"data":"theForsaken:QuickAttack","floor":8,"key":"SMITH"},{"data":"theForsaken:DarkBargain","floor":13,"key":"SMITH"},{"data":"theForsaken:Devotion","floor":15,"key":"SMITH"}],"circlet_count":0,"master_deck":["theForsaken:TheForsaken_Defend","theForsaken:TheForsaken_Defend","theForsaken:TheForsaken_Defend","theForsaken:TheForsaken_Defend","theForsaken:Smite","theForsaken:Penitence","theForsaken:DarkBargain+1","theForsaken:ChargeAttack","theForsaken:Preservation+1","theForsaken:QuickAttack+1","theForsaken:NobleSacrifice","theForsaken:Devotion+1","theForsaken:Confusion","theForsaken:Confusion+1","theForsaken:BlindFaith+1","theForsaken:DarkBargain+1","theForsaken:QuickAttack+1"],"relics":["theForsaken:JudgementScales","theForsaken:PlagueMask","Oddly Smooth Stone","Astrolabe","Happy Flower"],"acts_visited":["Exordium","TheCity"],"potions_floor_usage":[16,22,22],"damage_taken":[{"damage":0,"enemies":"2 Louse","floor":1,"turns":4},{"damage":6,"enemies":"Cultist","floor":4,"turns":4},{"damage":3,"enemies":"Small Slimes","floor":7,"turns":4},{"damage":3,"enemies":"Exordium Wildlife","floor":10,"turns":4},{"damage":10,"enemies":"Red Slaver","floor":11,"turns":4},{"damage":2,"enemies":"3 Louse","floor":12,"turns":4},{"damage":7,"enemies":"Blue Slaver","floor":14,"turns":5},{"damage":36,"enemies":"The Guardian","floor":16,"turns":15},{"damage":3,"enemies":"Spheric Guardian","floor":18,"turns":4},{"damage":17,"enemies":"Shell Parasite","floor":19,"turns":6},{"damage":17,"enemies":"Centurion and Healer","floor":22,"turns":6},{"damage":38,"enemies":"Snake Plant","floor":23,"turns":5}],"seed_played":"-7757402681440273257","potions_obtained":[{"floor":1,"key":"Venom Potion"},{"floor":10,"key":"Slimebound:ThreeZeroPotion"},{"floor":12,"key":"DistilledChaos"},{"floor":14,"key":"Slimebound:ThreeZeroPotion"},{"floor":18,"key":"Strength Potion"},{"floor":22,"key":"Reflective Coating"}],"is_trial":false,"path_per_floor":["M","?","$","M","?","R","M","R","T","M","M","M","R","M","R","B",null,"M","M","$","?","M","M"],"character_chosen":"THE_FORSAKEN","items_purchased":["theForsaken:Preservation","theForsaken:QuickAttack"],"campfire_rested":0,"item_purchase_floors":[3,3],"current_hp_per_floor":[71,71,71,65,65,65,64,64,64,63,56,54,54,50,50,35,71,68,59,59,42,30,0,0],"gold":331,"neow_bonus":"TEN_PERCENT_HP_BONUS","is_daily":false,"chose_seed":false,"campfire_upgraded":4,"win_rate":0.0,"timestamp":1608710783,"path_taken":["M","?","?","M","?","R","M","R","T","M","M","M","R","M","R","BOSS","M","M","$","?","?","M"],"items_purchased_type":["Card","Card"],"build_version":"2020-12-13","purchased_purges":1,"victory":false,"max_hp_per_floor":[71,71,71,71,71,71,71,71,71,71,71,71,71,71,71,71,71,71,71,71,71,71,71,71],"card_choices":[{"not_picked":["theForsaken:LightRoll","theForsaken:BindingThorns"],"picked":"theForsaken:DarkBargain","floor":1},{"not_picked":["theForsaken:FuryStrikes","theForsaken:Eulogy","theForsaken:WrathOfGod"],"picked":"SKIP","floor":4},{"not_picked":["theForsaken:Tranquility","theForsaken:MagicWeapon","theForsaken:FuryStrikes"],"picked":"SKIP","floor":7},{"not_picked":["theForsaken:BlessedWeapon","theForsaken:Enfeeble"],"picked":"theForsaken:NobleSacrifice","floor":10},{"not_picked":["theForsaken:NobleSacrifice","theForsaken:HymnOfPatience","theForsaken:CreepingInfection"],"picked":"SKIP","floor":11},{"not_picked":["theForsaken:RainingSunlight","theForsaken:ChargeAttack","theForsaken:Preservation"],"picked":"SKIP","floor":12},{"not_picked":["theForsaken:LightRoll","theForsaken:Bolster"],"picked":"theForsaken:Devotion","floor":14},{"not_picked":["theForsaken:TearsOfSunlight","theForsaken:DarkRift"],"picked":"theForsaken:Confusion","floor":16},{"not_picked":["theForsaken:WardingHymn","theForsaken:Enfeeble+1","theForsaken:Tranquility+1"],"picked":"SKIP","floor":18},{"not_picked":["theForsaken:Eulogy","theForsaken:CowardsBrand","theForsaken:Tranquility"],"picked":"SKIP","floor":19},{"not_picked":["theForsaken:Enfeeble+1","theForsaken:Eulogy"],"picked":"theForsaken:QuickAttack+1","floor":21},{"not_picked":["theForsaken:LightRoll","theForsaken:Backlash","theForsaken:Preservation"],"picked":"SKIP","floor":22}],"player_experience":37161,"relics_obtained":[{"floor":9,"key":"Oddly Smooth Stone"},{"floor":21,"key":"Happy Flower"}],"event_choices":[{"damage_healed":0,"gold_gain":0,"cards_transformed":["theForsaken:TheForsaken_Strike"],"player_choice":"Transformed","damage_taken":0,"max_hp_gain":0,"max_hp_loss":0,"event_name":"Transmorgrifier","floor":2,"gold_loss":0,"cards_obtained":["theForsaken:ChargeAttack"]},{"damage_healed":0,"gold_gain":0,"player_choice":"Obtain Plague Curse","damage_taken":0,"max_hp_gain":0,"max_hp_loss":0,"event_name":"Plague Doctor","floor":5,"gold_loss":0,"cards_obtained":["theForsaken:PlagueCurse"]}],"is_beta":false,"boss_relics":[{"not_picked":["Busted Crown","Ring of Chaos"],"picked":"Astrolabe"}],"items_purged_floors":[20],"is_endless":false,"potions_floor_spawned":[1,10,12,14,18,22],"killed_by":"Snake Plant","ascension_level":0}}