{"host":"pecumnp00ic55u1k","time":1608706470,"event":{"mods":["Act Like it!","BaseMod","Colored Map","Colored Powertips","Downfall","Hallownest","Hermit","Hubris","Minty Spire (QoL Compilation)","Quick Restart","StSLib","The Blue Laboratory","The Bug Knight","The Cursed"],"gold_per_floor":[114,114,183,34,50,81,81,95,95,18,35,65,80,80,80,80,80],"floor_reached":16,"playtime":904,"items_purged":[],"score":135,"play_id":"e13593ec-924b-40ff-9389-d3a992063352","local_time":"20201223015430","is_ascension_mode":false,"campfire_choices":[{"data":"HollowMod:PureNailStrike","floor":7,"key":"SMITH"},{"data":"HollowMod:GoodIntentions","floor":15,"key":"SMITH"}],"circlet_count":0,"master_deck":["HollowMod:NailStrikeStart","HollowMod:NailStrikeStart","HollowMod:NailStrikeStart","HollowMod:NailStrikeStart","HollowMod:QuickDashStart","HollowMod:QuickDashStart","HollowMod:QuickDashStart","HollowMod:QuickDashStart","HollowMod:PogoStrike","HollowMod:SharpenedShadows","HollowMod:HeavyBlow","HollowMod:TaintedHusks","HollowMod:PureNailStrike+1","HollowMod:GoodIntentions+1","HollowMod:BaldurShell","HollowMod:BaldurShell","HollowMod:CornifersMapStart"],"relics":["HollowMod:VesselMask","NeowsBlessing","hubris:TenFootPole","HollowMod:PaleOreRelic","hubris:SlimyHat","Potion Belt"],"acts_visited":["Hallownest:Greenpath"],"potions_floor_usage":[16,16],"damage_taken":[{"damage":0,"enemies":"Hallownest:2_MossCreeps","floor":1,"turns":1},{"damage":0,"enemies":"Hallownest:2_Tiktiks_and_1_Crawlid","floor":5,"turns":2},{"damage":0,"enemies":"Hallownest:eliteMossKnight","floor":6,"turns":1},{"damage":2,"enemies":"Hallownest:monsterHuskGuard","floor":8,"turns":3},{"damage":3,"enemies":"Hallownest:Guard_and_Warrior","floor":11,"turns":7},{"damage":6,"enemies":"Hallownest:eliteCrystalGuardian","floor":12,"turns":5},{"damage":1,"enemies":"Hallownest:monsterMossCharger","floor":13,"turns":4},{"damage":83,"enemies":"Hallownest:BossHornet","floor":16,"turns":27}],"seed_played":"-5982689121433565661","potions_obtained":[{"floor":5,"key":"AttackPotion"},{"floor":6,"key":"blueLaboratory:Moonshine"},{"floor":11,"key":"blueLaboratory:AbyssPotion"}],"is_trial":false,"path_per_floor":["M","?","?","$","M","E","R","M","T","$","M","E","M","?","R","B"],"character_chosen":"THE_BUGKNIGHT","items_purchased":["hubris:TenFootPole","HollowMod:BaldurShell"],"campfire_rested":0,"item_purchase_floors":[4,10],"current_hp_per_floor":[75,75,75,75,75,75,75,73,73,73,70,64,63,63,63,0,0],"gold":80,"neow_bonus":"THREE_ENEMY_KILL","is_daily":false,"chose_seed":false,"campfire_upgraded":2,"win_rate":0.0,"timestamp":1608706470,"path_taken":["M","?","?","$","M","E","R","M","T","$","M","E","M","?","R","BOSS"],"items_purchased_type":["Relic","Card"],"build_version":"2020-12-22","purchased_purges":0,"victory":false,"max_hp_per_floor":[75,75,75,75,75,75,75,75,75,75,75,75,75,75,75,75,75],"card_choices":[{"not_picked":["HollowMod:CycloneSlash","HollowMod:CornifersMapStart"],"picked":"HollowMod:SharpenedShadows","floor":1},{"not_picked":["HollowMod:SoulSplash","HollowMod:HuntersJournal"],"picked":"HollowMod:TaintedHusks","floor":5},{"not_picked":["HollowMod:SoulEater","HollowMod:GoodIntentions"],"picked":"HollowMod:PureNailStrike","floor":6},{"not_picked":["HollowMod:PerfectDash","HollowMod:LifebloodCocoon"],"picked":"HollowMod:GoodIntentions","floor":8},{"not_picked":["HollowMod:SiblingsShadow","HollowMod:VengefulVoid","HollowMod:SharpenedShadows"],"picked":"SKIP","floor":11},{"not_picked":["HollowMod:Hiveblood","HollowMod:ShapeofUnn"],"picked":"HollowMod:BaldurShell","floor":12},{"not_picked":["HollowMod:HeavyBlow","HollowMod:MawleksShell"],"picked":"HollowMod:CornifersMapStart","floor":13}],"player_experience":71784,"relics_obtained":[{"floor":6,"key":"HollowMod:PaleOreRelic"},{"floor":9,"key":"hubris:SlimyHat"},{"floor":12,"key":"Potion Belt"}],"event_choices":[],"is_beta":false,"boss_relics":[],"items_purged_floors":[],"is_endless":false,"potions_floor_spawned":[5,6,11],"killed_by":"Hallownest:BossHornet","ascension_level":0}}