{"host":"a1eatafr7pisesky","time":1608722874,"event":{"mods":["BaseMod","Colored Map","DeckTracker","Highlight Path","Keyboard Shortcuts","Minty Spire (QoL Compilation)","Permanent Neow","Random Character Button","StSLib","SuperFastMode"],"gold_per_floor":[13,29,29,45,57,91,91,102,127,146,158,186,186,186,186,290,290,308,326,326,326],"floor_reached":20,"playtime":670,"items_purged":[],"score":226,"play_id":"937eab8f-5c74-4f4b-9804-82c454484e9b","local_time":"20201223202754","is_ascension_mode":true,"campfire_choices":[{"data":"Capacitor","floor":7.0,"key":"SMITH"},{"floor":13.0,"key":"REST"},{"data":"Buffer","floor":15.0,"key":"SMITH"}],"circlet_count":0,"master_deck":["Strike_B","Strike_B","Strike_B","Defend_B","Defend_B","Defend_B","Zap","Dualcast","Barrage","Buffer+1","Cold Snap","Recycle","Beam Cell","Steam Power","Capacitor+1","Defragment","Buffer+1","Consume","Force Field","All For One","Go for the Eyes","Double Energy"],"relics":["Cracked Core","Blood Vial","MealTicket","Bag of Marbles","Inserter"],"acts_visited":["Exordium","TheCity"],"potions_floor_usage":[],"damage_taken":[{"damage":0.0,"enemies":"Jaw Worm","floor":1.0,"turns":3.0},{"damage":1.0,"enemies":"Cultist","floor":2.0,"turns":4.0},{"damage":12.0,"enemies":"2 Louse","floor":4.0,"turns":3.0},{"damage":1.0,"enemies":"Blue Slaver","floor":5.0,"turns":4.0},{"damage":14.0,"enemies":"Lagavulin","floor":6.0,"turns":6.0},{"damage":0.0,"enemies":"Looter","floor":8.0,"turns":4.0},{"damage":20.0,"enemies":"Gremlin Gang","floor":10.0,"turns":5.0},{"damage":13.0,"enemies":"3 Louse","floor":11.0,"turns":4.0},{"damage":20.0,"enemies":"3 Sentries","floor":12.0,"turns":6.0},{"damage":25.0,"enemies":"Hexaghost","floor":16.0,"turns":14.0},{"damage":44.0,"enemies":"3 Byrds","floor":18.0,"turns":6.0},{"damage":19.0,"enemies":"Spheric Guardian","floor":19.0,"turns":6.0},{"damage":19,"enemies":"Snake Plant","floor":20,"turns":5}],"seed_played":"-4863627228599537288","potions_obtained":[{"floor":4.0,"key":"Ancient Potion"},{"floor":5.0,"key":"Strength Potion"},{"floor":6.0,"key":"SkillPotion"},{"floor":12.0,"key":"PotionOfCapacity"},{"floor":18.0,"key":"Weak Potion"}],"is_trial":false,"path_per_floor":["M","M","?","M","M","E","R","M","T","M","M","E","R","?","R","B",null,"M","M","M"],"character_chosen":"DEFECT","items_purchased":[],"campfire_rested":1,"item_purchase_floors":[],"current_hp_per_floor":[75,74,74,62,61,47,47,49,49,31,20,2,24,24,24,1,75,31,14,0,0],"gold":326,"neow_bonus":"TRANSFORM_TWO_CARDS","is_daily":false,"chose_seed":false,"campfire_upgraded":2,"win_rate":0.0,"timestamp":1608722874,"path_taken":["M","M","?","M","M","E","R","?","T","M","M","E","R","?","R","BOSS","M","M","M"],"items_purchased_type":[],"build_version":"2020-12-22","purchased_purges":0,"victory":false,"max_hp_per_floor":[75,75,75,75,75,75,75,75,75,75,75,75,75,75,75,75,75,75,75,75,75],"card_choices":[{"not_picked":["Redo","Static Discharge"],"picked":"Cold Snap","floor":1.0},{"not_picked":["Recycle","Turbo","Redo"],"picked":"SKIP","floor":2.0},{"not_picked":["Turbo","Redo"],"picked":"Recycle","floor":2.0},{"not_picked":["Hello World","Hologram","Beam Cell"],"picked":"SKIP","floor":4.0},{"not_picked":["Hello World","Hologram"],"picked":"Beam Cell","floor":4.0},{"not_picked":["Redo","Stack"],"picked":"Steam Power","floor":5.0},{"not_picked":["Coolheaded","Defragment"],"picked":"Capacitor","floor":6.0},{"not_picked":["Recycle","Turbo"],"picked":"Defragment","floor":8.0},{"not_picked":["Rebound","Steam Power"],"picked":"Buffer","floor":10.0},{"not_picked":["Conserve Battery","Reprogram"],"picked":"Consume","floor":11.0},{"not_picked":["Rainbow","Auto Shields"],"picked":"Force Field","floor":12.0},{"not_picked":["Meteor Strike","Hyperbeam"],"picked":"All For One","floor":16.0},{"not_picked":["Steam Power","Force Field"],"picked":"Go for the Eyes","floor":18.0},{"not_picked":["Fusion","Skim+1"],"picked":"Double Energy","floor":19.0}],"player_experience":241426,"relics_obtained":[{"floor":6.0,"key":"Blood Vial"},{"floor":9.0,"key":"MealTicket"},{"floor":12.0,"key":"Bag of Marbles"}],"event_choices":[{"damage_healed":0.0,"max_hp_gain":0.0,"max_hp_loss":0.0,"gold_gain":0.0,"event_name":"Accursed Blacksmith","player_choice":"Forge","floor":3.0,"gold_loss":0.0,"damage_taken":0.0,"cards_upgraded":["Buffer"]},{"damage_healed":0.0,"max_hp_gain":0.0,"max_hp_loss":0.0,"gold_gain":0.0,"event_name":"Scrap Ooze","player_choice":"Fled","floor":14.0,"gold_loss":0.0,"damage_taken":0.0}],"is_beta":false,"boss_relics":[{"not_picked":["Coffee Dripper","SacredBark"],"picked":"Inserter"}],"items_purged_floors":[],"is_endless":false,"potions_floor_spawned":[4,5,6,12,18],"killed_by":"Snake Plant","ascension_level":4}}