{"host":"kiauivt48syq9iz6","time":1608710024,"event":{"mods":["BaseMod","Conspire","Downfall","Hermit","Minty Spire (QoL Compilation)","Replay The Spire","SIMod","StSLib","The Animator","The Construct","The Cursed","The Runesmith","The Servant 0.9.4"],"gold_per_floor":[110,110,125,144,164,164,164,178,260,260,260,260,273,4,4,4,4,104,104,114,19,0,0,16,16,35,35,58,58,92,442,3,30,30,30,30],"floor_reached":35,"playtime":1159,"items_purged":["hermit:Defend_Hermit"],"score":283,"play_id":"d7e24456-765f-4348-9383-1bcba1e74187","local_time":"20201223005344","is_ascension_mode":false,"campfire_choices":[{"data":"Replay:SS_forest_2","floor":6,"key":"SMITH"},{"data":"hermit:Glare","floor":12,"key":"SMITH"},{"data":"hermit:Brawl","floor":15,"key":"SMITH"},{"data":"hermit:Quickdraw","floor":17,"key":"SMITH"},{"data":"hermit:HeroicBravado","floor":25,"key":"SMITH"},{"floor":27,"key":"REST"},{"floor":34,"key":"REST"}],"circlet_count":0,"master_deck":["hermit:Strike_Hermit","hermit:Strike_Hermit","hermit:Strike_Hermit","hermit:Strike_Hermit","hermit:Defend_Hermit","hermit:Defend_Hermit","hermit:Defend_Hermit","hermit:Snapshot","hermit:Covet","Replay:SS_forest_2+1","hermit:Quickdraw+1","hermit:SprayPray","hermit:Glare+1","hermit:RoundhouseKick","hermit:TrackingShot","hermit:Showdown","hermit:Brawl+1","hermit:Enervate+1","hermit:HeroicBravado+1","hermit:ShadowCloak","hermit:PistolWhip","hermit:PistolWhip","hermit:Coalescence","hermit:Manifest","hermit:HighCaliber+1","hermit:BigShot","hermit:WideOpen","Pain","Looming Evil","Replay:Parry","hermit:FatalDesire","hermit:FatalDesire","hermit:Headshot","hermit:Reprieve"],"relics":["hermit:Momento","Pyrelight","Gremlin Horn","Bag of Marbles","Onion Ring","conspire:SpecialSausage","Nunchaku","Replay:Multitool","Ring of Greed","Old Coin","Blue Doll","PreservedInsect","Lantern"],"acts_visited":["Exordium","TheCity"],"potions_floor_usage":[5,8,8,8,18,20,20,30,33],"damage_taken":[{"damage":2,"enemies":"Small Slimes","floor":1,"turns":4},{"damage":0,"enemies":"Cultist","floor":3,"turns":4},{"damage":0,"enemies":"2 Louse","floor":4,"turns":3},{"damage":1,"enemies":"Exordium Thugs","floor":5,"turns":4},{"damage":2,"enemies":"Exordium Wildlife","floor":8,"turns":3},{"damage":5,"enemies":"Red Slaver","floor":13,"turns":3},{"damage":4,"enemies":"Fading Forest","floor":18,"turns":11},{"damage":0,"enemies":"3 Byrds","floor":20,"turns":1},{"damage":10,"enemies":"Shell Parasite","floor":24,"turns":4},{"damage":3,"enemies":"Shelled Parasite and Fungi","floor":26,"turns":2},{"damage":19,"enemies":"Slavers","floor":30,"turns":4},{"damage":3,"enemies":"Book of Stabbing","floor":33,"turns":2},{"damage":76,"enemies":"Automaton","floor":35,"turns":7}],"seed_played":"2404271267204376549","potions_obtained":[{"floor":2,"key":"EssenceOfSteel"},{"floor":2,"key":"DistilledChaos"},{"floor":2,"key":"Reflective Coating"},{"floor":5,"key":"Weak Potion"},{"floor":8,"key":"Block Potion"},{"floor":13,"key":"SteroidPotion"},{"floor":18,"key":"EssenceOfSteel"},{"floor":26,"key":"DistilledChaos"},{"floor":30,"key":"Fire Potion"}],"is_trial":false,"path_per_floor":["M","?","M","M","M","R","?","M","T","PTL","PTL","R","M","$","R","T","R","B",null,"M","$","?","?","M","R","M","R","T","?","E","?","$","E","R","B"],"character_chosen":"HERMIT","items_purchased":["hermit:Brawl","hermit:Enervate+1","Bag of Marbles","hermit:PistolWhip","hermit:Coalescence","Replay:Parry","PreservedInsect","hermit:FatalDesire","hermit:Headshot"],"campfire_rested":2,"item_purchase_floors":[14,14,14,21,21,32,32,32,32],"current_hp_per_floor":[73,73,73,73,72,72,72,70,70,70,70,70,65,65,65,65,65,69,75,75,75,75,75,65,65,62,75,75,75,56,56,56,53,75,0,0],"gold":30,"neow_bonus":"RANDOM_COLORLESS","is_daily":false,"chose_seed":false,"campfire_upgraded":5,"win_rate":0.0,"timestamp":1608710024,"path_taken":["M","?","?","M","M","R","?","M","T","PTL","PTL","R","M","?","R","?","R","BOSS","M","$","?","?","M","R","M","R","T","?","E","?","$","E","R","BOSS"],"items_purchased_type":["Card","Card","Relic","Card","Card","Card","Relic","Card","Card"],"build_version":"2020-12-22","purchased_purges":1,"victory":false,"max_hp_per_floor":[75,75,75,75,75,75,75,75,75,75,75,75,75,75,75,75,75,75,75,75,75,75,75,75,75,75,75,75,75,75,75,75,75,75,75,75],"card_choices":[{"not_picked":["expansioncontent:GoopSpray","expansioncontent:Sear"],"picked":"Replay:SS_forest_2","floor":0},{"not_picked":["hermit:Desperado","hermit:Misfire"],"picked":"hermit:Quickdraw","floor":1},{"not_picked":["hermit:Dive","hermit:EyeOfTheStorm"],"picked":"hermit:SprayPray","floor":3},{"not_picked":["hermit:Virtue","hermit:ItchyTrigger"],"picked":"hermit:Glare","floor":4},{"not_picked":["hermit:Misfire","hermit:HighCaliber"],"picked":"hermit:RoundhouseKick","floor":5},{"not_picked":["hermit:Ricochet","hermit:Roulette"],"picked":"hermit:TrackingShot","floor":8},{"not_picked":["hermit:Glare","hermit:Headshot"],"picked":"hermit:Showdown","floor":13},{"not_picked":["hermit:OverwhelmingPower","hermit:FatalDesire"],"picked":"hermit:HeroicBravado","floor":18},{"not_picked":["hermit:CalledShot+1","hermit:LowProfile"],"picked":"hermit:ShadowCloak","floor":20},{"not_picked":["hermit:Snipe","hermit:SprayPray"],"picked":"hermit:HighCaliber+1","floor":24},{"not_picked":["hermit:ItchyTrigger","hermit:GoldenBullet"],"picked":"hermit:BigShot","floor":26},{"not_picked":["hermit:Showdown","hermit:Roulette"],"picked":"hermit:WideOpen","floor":30},{"not_picked":["hermit:Showdown","hermit:Horror+1"],"picked":"hermit:Reprieve","floor":33}],"player_experience":6410,"relics_obtained":[{"floor":9,"key":"Gremlin Horn"},{"floor":16,"key":"Onion Ring"},{"floor":28,"key":"Nunchaku"},{"floor":30,"key":"Replay:Multitool"},{"floor":31,"key":"Ring of Greed"},{"floor":31,"key":"Old Coin"},{"floor":31,"key":"Blue Doll"},{"floor":33,"key":"Lantern"}],"event_choices":[{"damage_healed":0,"gold_gain":0,"player_choice":"Got Potions","damage_taken":0,"max_hp_gain":0,"max_hp_loss":0,"event_name":"Lab","floor":2,"gold_loss":0},{"damage_healed":0,"gold_gain":0,"player_choice":"Paid Fearfully","damage_taken":0,"max_hp_gain":0,"max_hp_loss":0,"event_name":"Masked Bandits","floor":22,"gold_loss":19},{"damage_healed":0,"gold_gain":0,"player_choice":"Read","damage_taken":0,"max_hp_gain":0,"max_hp_loss":0,"event_name":"The Library","floor":23,"gold_loss":0,"cards_obtained":["hermit:Manifest"]}],"is_beta":false,"boss_relics":[{"not_picked":["Empty Cage","conspire:SlowCooker"],"picked":"conspire:SpecialSausage"}],"items_purged_floors":[32],"is_endless":false,"potions_floor_spawned":[5,8,13,18,26,30],"killed_by":"Automaton","ascension_level":0}}