{"host":"oy4pyvr762z5n0bb","time":1608687138,"event":{"mods":["AchievementEnabler","BaseMod","Colored Map","Colored Powertips","Googly Eyes","Key Reminder","Minty Spire (QoL Compilation)","Quick Restart","Relic Sorter","StSLib","SuperFastMode","Unceasing Turn Reminder","slay the spire mod where everything is the same but ironclad has a cowboy hat"],"gold_per_floor":[115,131,306,319,319,319,319,351,433,433,433],"floor_reached":10,"playtime":104,"items_purged":[],"score":79,"play_id":"56c2e0c6-69e2-4c4e-b8b3-ba29cf514a6e","local_time":"20201222173218","is_ascension_mode":true,"campfire_choices":[{"data":"Combust","floor":6,"key":"SMITH"}],"circlet_count":0,"master_deck":["Strike_R","Strike_R","Strike_R","Strike_R","Strike_R","Defend_R","Defend_R","Defend_R","Defend_R","Bash","Perfected Strike","Cleave","Doubt","Combust+1","Anger"],"relics":["Burning Blood","NeowsBlessing","Omamori","Bird Faced Urn","Pantograph"],"acts_visited":["Exordium"],"potions_floor_usage":[],"damage_taken":[{"damage":0,"enemies":"Jaw Worm","floor":1,"turns":1},{"damage":0,"enemies":"2 Louse","floor":2,"turns":1},{"damage":0,"enemies":"Small Slimes","floor":4,"turns":1},{"damage":56,"enemies":"Lagavulin","floor":8,"turns":7},{"damage":37,"enemies":"Gremlin Nob","floor":10,"turns":4}],"seed_played":"794559163656226523","potions_obtained":[{"floor":8,"key":"BlessingOfTheForge"}],"is_trial":false,"path_per_floor":["M","M","?","M","T","R","?","E","T","E"],"character_chosen":"IRONCLAD","items_purchased":[],"campfire_rested":0,"item_purchase_floors":[],"current_hp_per_floor":[80,80,80,80,80,80,80,30,30,0,0],"gold":433,"neow_bonus":"THREE_ENEMY_KILL","is_daily":false,"chose_seed":false,"campfire_upgraded":1,"win_rate":0.0,"timestamp":1608687138,"path_taken":["M","M","?","M","?","R","?","E","T","E"],"items_purchased_type":[],"build_version":"2020-12-13","purchased_purges":0,"victory":false,"max_hp_per_floor":[80,80,80,80,80,80,80,80,80,80,80],"card_choices":[{"not_picked":["Body Slam","Clash"],"picked":"Perfected Strike","floor":1},{"not_picked":["Burning Pact","Pummel"],"picked":"Cleave","floor":2},{"not_picked":["Body Slam","Sentinel"],"picked":"Combust","floor":4},{"not_picked":["Battle Trance","Warcry"],"picked":"Anger","floor":8}],"player_experience":553919,"relics_obtained":[{"floor":5,"key":"Omamori"},{"floor":8,"key":"Bird Faced Urn"},{"floor":9,"key":"Pantograph"}],"event_choices":[{"damage_healed":0,"gold_gain":175,"player_choice":"AGREE","damage_taken":0,"max_hp_gain":0,"max_hp_loss":0,"event_name":"Liars Game","floor":3,"gold_loss":0,"cards_obtained":["Doubt"]},{"damage_healed":0,"gold_gain":0,"player_choice":"Leave","damage_taken":0,"max_hp_gain":0,"max_hp_loss":0,"event_name":"The Cleric","floor":7,"gold_loss":0}],"is_beta":false,"boss_relics":[],"items_purged_floors":[],"is_endless":false,"potions_floor_spawned":[8],"killed_by":"Gremlin Nob","ascension_level":4}}