{"host":"sabve5zmqufxyc5o","time":1608716717,"event":{"mods":["2.2 Compatiblity","AchievementEnabler","Act Like it!","BaseMod","Block Reminder","Colored Map","Colored Powertips","DeckTracker","KOR Keyword Fix","Keyboard Shortcuts","Minty Spire (QoL Compilation)","Quick Restart","Rare Cards Sparkle","Relic Stats","StSLib","SuperFastMode"],"gold_per_floor":[119,130,15,26,42,42,92,122,122,122,157,174,12,23,23,23,23],"floor_reached":16,"playtime":242,"items_purged":[],"score":224,"play_id":"8b788ba7-17e0-47cd-8c74-354b0e1585e7","local_time":"20201223184517","is_ascension_mode":true,"campfire_choices":[{"floor":6.0,"key":"REST"},{"floor":10.0,"key":"REST"},{"floor":15.0,"key":"REST"}],"circlet_count":0,"master_deck":["AscendersBane","Strike_B","Strike_B","Strike_B","Strike_B","Defend_B+1","Defend_B","Defend_B","Defend_B","Zap+1","Dualcast","Beam Cell","Rebound","Defragment","Gash","Coolheaded","Sweeping Beam","Undo","BootSequence","Gash","Ball Lightning"],"relics":["Cracked Core","Art of War","War Paint","Eternal Feather","DataDisk"],"acts_visited":["Exordium"],"potions_floor_usage":[16],"damage_taken":[{"damage":3.0,"enemies":"2 Louse","floor":1.0,"turns":2.0},{"damage":0.0,"enemies":"Cultist","floor":2.0,"turns":3.0},{"damage":12.0,"enemies":"Small Slimes","floor":4.0,"turns":4.0},{"damage":22.0,"enemies":"3 Louse","floor":5.0,"turns":3.0},{"damage":37.0,"enemies":"Lagavulin","floor":8.0,"turns":8.0},{"damage":19.0,"enemies":"3 Sentries","floor":11.0,"turns":6.0},{"damage":7.0,"enemies":"Exordium Thugs","floor":12.0,"turns":4.0},{"damage":8.0,"enemies":"2 Fungi Beasts","floor":14.0,"turns":3.0},{"damage":44,"enemies":"Hexaghost","floor":16,"turns":9}],"seed_played":"1032271051380441246","potions_obtained":[{"floor":5.0,"key":"Ancient Potion"},{"floor":11.0,"key":"BlessingOfTheForge"},{"floor":12.0,"key":"SkillPotion"}],"is_trial":false,"path_per_floor":["M","M","$","M","M","R","?","E","T","R","E","M","$","M","R","B"],"character_chosen":"DEFECT","items_purchased":["Defragment","Gash","DataDisk"],"campfire_rested":3,"item_purchase_floors":[3,3,13],"current_hp_per_floor":[68,68,68,56,34,57,57,20,20,43,24,17,17,9,44,0,0],"gold":23,"neow_bonus":"TEN_PERCENT_HP_BONUS","is_daily":false,"chose_seed":false,"campfire_upgraded":0,"win_rate":0.0,"timestamp":1608716717,"path_taken":["M","M","$","M","M","R","?","E","T","R","E","?","$","M","R","BOSS"],"items_purchased_type":["Card","Card","Relic"],"build_version":"2020-12-22","purchased_purges":0,"victory":false,"max_hp_per_floor":[78,78,78,78,78,78,78,78,78,78,78,78,78,78,78,78,78],"relic_stats":{"counters":[9,42],"Eternal Feather":12,"Art of War":[2],"War Paint":["Defend_B","Zap"],"obtain_stats":[{"DataDisk":13,"Eternal Feather":11,"Art of War":8,"War Paint":9,"Cracked Core":0},{"DataDisk":7,"Eternal Feather":6,"Art of War":5,"War Paint":5,"Cracked Core":0},{"DataDisk":30,"Eternal Feather":26,"Art of War":20,"War Paint":20,"Cracked Core":0}]},"card_choices":[{"not_picked":["Streamline","Stack"],"picked":"Beam Cell","floor":1.0},{"not_picked":["Machine Learning","Scrape"],"picked":"Rebound","floor":2.0},{"not_picked":["Steam","Barrage"],"picked":"Coolheaded","floor":4.0},{"not_picked":["Loop","Skim"],"picked":"Sweeping Beam","floor":5.0},{"not_picked":["Buffer","Doom and Gloom"],"picked":"Undo","floor":8.0},{"not_picked":["Coolheaded","Recycle"],"picked":"BootSequence","floor":11.0},{"not_picked":["Streamline","Coolheaded"],"picked":"Gash","floor":12.0},{"not_picked":["Streamline","White Noise"],"picked":"Ball Lightning","floor":14.0}],"player_experience":800568,"relics_obtained":[{"floor":8.0,"key":"Art of War"},{"floor":9.0,"key":"War Paint"},{"floor":11.0,"key":"Eternal Feather"}],"event_choices":[{"damage_healed":0.0,"max_hp_gain":0.0,"max_hp_loss":0.0,"gold_gain":50.0,"event_name":"Golden Shrine","player_choice":"Pray","floor":7.0,"gold_loss":0.0,"damage_taken":0.0}],"is_beta":false,"boss_relics":[],"items_purged_floors":[],"is_endless":false,"potions_floor_spawned":[5,11,12,14],"killed_by":"Hexaghost","ascension_level":20}}