{"host":"81h68oe4mr04pk3r","time":1608690953,"event":{"mods":["Act Like it!","Aspiration","BaseMod","BetterRewards","Colored Map","Colored Powertips","Conspire","Downfall","Hermit","Hubris","Infinite Spire","Jorbs\u0027s Wanderer Trilogy","Koishi","Lobotomy","LobotomyExtend","Marisa????????","Minty Spire (QoL Compilation)","Quick Restart","Reimu??????","Remilia??????","Replay The Spire","StSLib","The Bug Knight","The Construct","The Cursed","The Disciple","The Servant 0.9.4"],"gold_per_floor":[112,18,30,46,46,46,75,85,159,159,159,214,214,214,214,316,316,331,346,346,357,357,357],"floor_reached":22,"playtime":1136,"items_purged":[],"score":186,"play_id":"18b2f203-d1da-4c37-a723-3c7d6fae3501","local_time":"20201222183553","is_ascension_mode":false,"campfire_choices":[{"data":"DoubleSpark","floor":6,"key":"SMITH"},{"floor":10,"key":"REST"},{"data":"SporeBomb","floor":13,"key":"SMITH"},{"floor":15,"key":"REST"}],"circlet_count":0,"master_deck":["Strike_MRS","Strike_MRS","Strike_MRS","Strike_MRS","Defend_MRS","Defend_MRS","Defend_MRS","Defend_MRS","MasterSpark","UpSweep","ShootingEcho","PowerUp","StarBarrage","DoubleSpark+1","hubris:DuctTapeCard","SporeBomb+1","SporeBomb","WitchLeyline","AbsoluteMagnitude","ShootingEcho","WitchLeyline+1","AsteroidBelt+1"],"relics":["BewitchedHakkero","LetterFromLob","hubris:DuctTape","AmplifyWand","Chameleon Ring"],"acts_visited":["Exordium","TheCity"],"potions_floor_usage":[20],"damage_taken":[{"damage":1,"enemies":"Cultist","floor":1,"turns":4},{"damage":4,"enemies":"conspire:RoseBush","floor":3,"turns":3},{"damage":0,"enemies":"Jaw Worm","floor":4,"turns":3},{"damage":20,"enemies":"HollowMod:MossKnight","floor":7,"turns":7},{"damage":0,"enemies":"Large Slime","floor":8,"turns":4},{"damage":15,"enemies":"3 Sentries","floor":12,"turns":8},{"damage":40,"enemies":"Fading Forest","floor":16,"turns":11},{"damage":20,"enemies":"3 Byrds","floor":18,"turns":6},{"damage":23,"enemies":"2 Thieves","floor":19,"turns":4},{"damage":0,"enemies":"Snecko","floor":20,"turns":1},{"damage":18,"enemies":"Chosen and Byrds","floor":21,"turns":4}],"seed_played":"2937069322590579971","potions_obtained":[{"floor":3,"key":"Ancient Potion"},{"floor":7,"key":"DuplicationPotion"},{"floor":12,"key":"SmokeBomb"}],"is_trial":false,"path_per_floor":["M","$","M","M","?","R","E","M","T","R","M","?","R","?","R","B",null,"M","M","M","M","?"],"character_chosen":"MARISA","items_purchased":["ShootingEcho","PowerUp"],"campfire_rested":2,"item_purchase_floors":[2,2],"current_hp_per_floor":[74,74,70,70,70,70,50,50,50,72,72,57,57,57,75,45,75,55,32,32,14,0,0],"gold":357,"neow_bonus":"THREE_CARDS","is_daily":false,"chose_seed":false,"campfire_upgraded":2,"win_rate":0.0,"timestamp":1608690953,"path_taken":["M","$","M","M","?","R","E","M","T","R","M","?","R","?","R","BOSS","M","M","M","M","?"],"items_purchased_type":["Card","Card"],"build_version":"2020-12-13","purchased_purges":0,"victory":false,"max_hp_per_floor":[75,75,75,75,75,75,75,75,75,75,75,75,75,75,75,75,75,75,75,75,75,75,75],"card_choices":[{"not_picked":["AsteroidBelt","IllusionStar"],"picked":"GasGiant","floor":0},{"not_picked":["MagicChant","EnergyFlow"],"picked":"MilkyWay","floor":1},{"not_picked":["GravityBeat","DragonMeteor"],"picked":"StarBarrage","floor":3},{"not_picked":["MysteriousBeam","OpenUniverse"],"picked":"DoubleSpark","floor":4},{"not_picked":["Acceleration","GravityBeat"],"picked":"SporeBomb","floor":7},{"not_picked":["Acceleration","SprinkleStarSeal"],"picked":"SporeBomb","floor":8},{"not_picked":["Singularity","GravityBeat"],"picked":"WitchLeyline","floor":12},{"not_picked":["BigCrunch","SatelliteIllusion"],"picked":"AbsoluteMagnitude","floor":16},{"not_picked":["EnergyFlow","GravityBeat"],"picked":"ShootingEcho","floor":18},{"not_picked":["PowerUp+1","6A"],"picked":"WitchLeyline+1","floor":19},{"not_picked":["AlicesGift","MysteriousBeam+1"],"picked":"AsteroidBelt+1","floor":21}],"player_experience":165318,"relics_obtained":[{"floor":1,"key":"LetterFromLob"},{"floor":7,"key":"hubris:DuctTape"},{"floor":9,"key":"AmplifyWand"},{"floor":12,"key":"Chameleon Ring"}],"event_choices":[{"damage_healed":0,"gold_gain":0,"player_choice":"Leave","damage_taken":0,"max_hp_gain":0,"max_hp_loss":0,"event_name":"conspire:Investor","floor":5,"gold_loss":0},{"damage_healed":0,"gold_gain":0,"player_choice":"Searched \u00271\u0027 times","damage_taken":0,"max_hp_gain":0,"max_hp_loss":0,"event_name":"Dead Adventurer","floor":12,"gold_loss":0},{"damage_healed":0,"gold_gain":0,"player_choice":"Ignored","damage_taken":0,"max_hp_gain":0,"max_hp_loss":0,"event_name":"Liars Game","floor":14,"gold_loss":0}],"is_beta":false,"boss_relics":[{"not_picked":["Kintsugi","Replay:Grab Bag"],"picked":"BewitchedHakkero"}],"items_purged_floors":[],"is_endless":false,"potions_floor_spawned":[3,7,12,16,19],"ascension_level":0}}