{"host":"utqe55yv0jihe4d6","time":1608691776,"event":{"mods":["2.2 Compatiblity","AchievementEnabler","BaseMod","Block Reminder","Colored Map","Colored Powertips","Minty Spire (QoL Compilation)","Quick Restart","Rare Cards Sparkle","Relic Stats","SuperFastMode"],"gold_per_floor":[117,133,133,3,3,3,37,57,57,57,57,18,47,60,60,60,60],"floor_reached":16,"playtime":340,"items_purged":["Doubt"],"score":216,"play_id":"4f8894c5-efea-4860-8e28-dcb2b176d44d","local_time":"20201222214936","is_ascension_mode":true,"campfire_choices":[{"data":"Neutralize","floor":6,"key":"SMITH"},{"floor":15,"key":"REST"}],"circlet_count":0,"master_deck":["AscendersBane","Strike_G","Strike_G","Strike_G","Strike_G","Strike_G","Defend_G","Defend_G","Defend_G","Defend_G","Defend_G","Survivor","Neutralize+1","Poisoned Stab","Poisoned Stab","Deadly Poison","PiercingWail","Bouncing Flask+1","Parasite","Catalyst","After Image"],"relics":["Ring of the Snake","WingedGreaves","Matryoshka","The Specimen","Bag of Marbles","Blue Candle","Bottled Lightning"],"acts_visited":["Exordium"],"potions_floor_usage":[14,16],"damage_taken":[{"damage":5,"enemies":"Small Slimes","floor":1,"turns":6},{"damage":1,"enemies":"2 Louse","floor":2,"turns":3},{"damage":34,"enemies":"Gremlin Nob","floor":7,"turns":4},{"damage":0,"enemies":"Jaw Worm","floor":8,"turns":4},{"damage":21,"enemies":"Lagavulin","floor":13,"turns":4},{"damage":1,"enemies":"3 Louse","floor":14,"turns":4},{"damage":24,"enemies":"The Guardian","floor":16,"turns":5}],"seed_played":"2966674783478672211","potions_obtained":[{"floor":1,"key":"DistilledChaos"},{"floor":7,"key":"LiquidBronze"},{"floor":13,"key":"CunningPotion"},{"floor":14,"key":"Weak Potion"}],"is_trial":false,"path_per_floor":["M","M","?","$","?","R","E","M","T","?","?","$","E","M","R","B"],"character_chosen":"THE_SILENT","items_purchased":["Deadly Poison","Catalyst"],"campfire_rested":1,"item_purchase_floors":[4,12],"current_hp_per_floor":[54,53,42,42,42,42,8,8,8,8,24,24,3,2,21,0,0],"gold":60,"neow_bonus":"ONE_RARE_RELIC","is_daily":false,"chose_seed":false,"campfire_upgraded":1,"win_rate":0.0,"timestamp":1608691776,"path_taken":["M","M","?","$","?","R","E","M","T","?","?","$","E","M","R","BOSS"],"items_purchased_type":["Card","Card"],"build_version":"2020-12-13","purchased_purges":1,"victory":false,"max_hp_per_floor":[66,66,66,66,66,66,66,66,66,66,66,66,66,66,66,66,66],"relic_stats":{"counters":[7,30],"Blue Candle":[1],"obtain_stats":[{"Matryoshka":3,"The Specimen":7,"Blue Candle":9,"WingedGreaves":0,"Bag of Marbles":9,"Bottled Lightning":13,"Ring of the Snake":0},{"Matryoshka":2,"The Specimen":3,"Blue Candle":4,"WingedGreaves":0,"Bag of Marbles":4,"Bottled Lightning":5,"Ring of the Snake":0},{"Matryoshka":9,"The Specimen":13,"Blue Candle":17,"WingedGreaves":0,"Bag of Marbles":17,"Bottled Lightning":21,"Ring of the Snake":0}],"Ring of the Snake":[14]},"card_choices":[{"not_picked":["Sucker Punch","PiercingWail"],"picked":"Poisoned Stab","floor":1},{"not_picked":["Choke","Underhanded Strike"],"picked":"Poisoned Stab","floor":2},{"not_picked":["Deflect","Backflip"],"picked":"PiercingWail","floor":7},{"not_picked":["Footwork","Dagger Throw"],"picked":"Bouncing Flask","floor":8},{"not_picked":["Escape Plan","Heel Hook"],"picked":"After Image","floor":13},{"not_picked":["Escape Plan","Cloak And Dagger","Dodge and Roll"],"picked":"SKIP","floor":14}],"player_experience":2835401,"relics_obtained":[{"floor":7,"key":"The Specimen"},{"floor":9,"key":"Bag of Marbles"},{"floor":9,"key":"Blue Candle"},{"floor":13,"key":"Bottled Lightning"}],"event_choices":[{"damage_healed":0,"gold_gain":0,"player_choice":"Success","damage_taken":11,"relics_obtained":["Matryoshka"],"max_hp_gain":0,"max_hp_loss":0,"event_name":"Scrap Ooze","floor":3,"gold_loss":0},{"damage_healed":0,"gold_gain":0,"player_choice":"Ignored","damage_taken":0,"max_hp_gain":0,"max_hp_loss":0,"event_name":"Liars Game","floor":5,"gold_loss":0},{"damage_healed":0,"gold_gain":0,"player_choice":"Grow","damage_taken":0,"max_hp_gain":0,"max_hp_loss":0,"event_name":"Living Wall","floor":10,"gold_loss":0,"cards_upgraded":["Bouncing Flask"]},{"damage_healed":16,"gold_gain":0,"player_choice":"Healed and dodged fight","damage_taken":0,"max_hp_gain":0,"max_hp_loss":0,"event_name":"Mushrooms","floor":11,"gold_loss":0,"cards_obtained":["Parasite"]}],"is_beta":false,"boss_relics":[],"items_purged_floors":[4],"is_endless":false,"potions_floor_spawned":[1,7,13,14],"killed_by":"The Guardian","ascension_level":20}}