{"host":"s7tmyr5e6xvpia4b","time":1608722005,"event":{"mods":["ATMod(°¢èªMod)","BaseMod","Bestiary","Better Synergies","BshForSts","Curses Come First","GifTheSpireLib","Lobotomy","Minty Spire (QoL Compilation)","Replay The Spire","StSLib","The Blue Laboratory","[IsaacMod]ÒÔÈö¼âËþ","noobMod","¡¾ÒÅÎï¿¨ÅÆ¡¿REMEMod"],"gold_per_floor":[113,63,63,81,96,130,130,157,184,184,109,127,127,27,27,128,128,140,140,15,15,30,64,64,99,124,144,173,190,190,215,215,319,319,330,346,446,446,461,461,481,481,528,546,546,546,564,594,594,594],"floor_reached":51,"playtime":3890,"items_purged":["AT_KingSlayer","Strike_R","Strike_R"],"score":1140,"play_id":"a5a95652-294d-4dd0-90fc-cdce682c2cce","local_time":"20201223191325","is_ascension_mode":true,"campfire_choices":[{"data":"AT_Dispersion","floor":7,"key":"SMITH"},{"data":"AT_LightSaberMaster","floor":13,"key":"SMITH"},{"data":"Rage","floor":15,"key":"SMITH"},{"data":"DoctorFetus","floor":24,"key":"SMITH"},{"data":"Armaments","floor":32,"key":"SMITH"},{"data":"REME_Fury","floor":40,"key":"SMITH"},{"data":"Barricade","floor":42,"key":"SMITH"},{"data":"Entrench","floor":45,"key":"SMITH"},{"data":"Carnage","floor":49,"key":"SMITH"}],"circlet_count":0,"master_deck":["Strike_R+2","Defend_R+2","Defend_R","Bash","DoctorFetus+1","AT_LightSaberMaster+1","Warcry+1","Woodsman","AT_Dispersion+1","Rage+1","Barricade+1","Seeing Red","Entrench+1","HappyTeddy","BigBadWolf","FairyFestival","Armaments+1","Defend_R+2","BlueStar","REME_Fury+1","ReplayTheSpireMod:Strike From Hell+1","Carnage+1","MHz","ReplayTheSpireMod:Strike From Hell+1"],"relics":["Burning Blood","AT_ATBox","ice","HushsDoor","REME_ComplimentaryCards","CogitoBucket","PillsDrop","Simple Rune","Thread and Needle","War Paint","Ring of Chaos","Potion Belt","King of Hearts","BelialBook","Oddly Smooth Stone","AT_ImmortalShieldbow","Replay:Bronze Core","SkinProphecy","AtMidnight","Replay:Rubber Ducky","AT_RedTearstoneRing"],"acts_visited":["Exordium","TheCity","TheBeyond"],"potions_floor_usage":[6,10,23,35],"damage_taken":[{"damage":13,"enemies":"Jaw Worm","floor":1,"turns":5},{"damage":16,"enemies":"Small Slimes","floor":4,"turns":3},{"damage":20,"enemies":"Cultist","floor":5,"turns":6},{"damage":26,"enemies":"3 Sentries","floor":6,"turns":4},{"damage":19,"enemies":"Lagavulin","floor":8,"turns":5},{"damage":7,"enemies":"Gremlin Nob","floor":10,"turns":5},{"damage":0,"enemies":"Lots of Slimes","floor":12,"turns":5},{"damage":7,"enemies":"Fading Forest","floor":16,"turns":11},{"damage":4,"enemies":"Chosen","floor":18,"turns":5},{"damage":14,"enemies":"2 Thieves","floor":22,"turns":4},{"damage":16,"enemies":"Book of Stabbing","floor":23,"turns":6},{"damage":54,"enemies":"Gremlin Leader","floor":25,"turns":7},{"damage":6,"enemies":"Cultist and Chosen","floor":27,"turns":5},{"damage":63,"enemies":"Book of Stabbing","floor":28,"turns":6},{"damage":7,"enemies":"Snecko","floor":29,"turns":5},{"damage":78,"enemies":"Gremlin Leader","floor":31,"turns":7},{"damage":40,"enemies":"Pondfish","floor":33,"turns":8},{"damage":11,"enemies":"3 Darklings","floor":35,"turns":12},{"damage":12,"enemies":"3 Shapes","floor":36,"turns":4},{"damage":20,"enemies":"Transient","floor":39,"turns":5},{"damage":32,"enemies":"Maw","floor":41,"turns":5},{"damage":30,"enemies":"Writhing Mass","floor":44,"turns":5},{"damage":35,"enemies":"Spire Growth","floor":47,"turns":4},{"damage":31,"enemies":"Nemesis","floor":48,"turns":3},{"damage":30,"enemies":"Awakened One","floor":50,"turns":2}],"seed_played":"2832180823031349533","potions_obtained":[{"floor":5,"key":"blueLaboratory:FruitPunch"},{"floor":6,"key":"Fire Potion"},{"floor":10,"key":"blueLaboratory:HorrorPotion"},{"floor":29,"key":"blueLaboratory:RememoryPotion"},{"floor":33,"key":"BlessingOfTheForge"},{"floor":44,"key":"blueLaboratory:Moonshine"}],"is_trial":false,"path_per_floor":["M","?","?","M","M","E","R","E","T","E","$","M","R","$","R","B",null,"M","?","$","?","M","E","R","E","T","M","E","M","?","E","R","B",null,"M","M","?","?","M","R","M","R","T","M","R","?","M","E","R","B",null],"character_chosen":"IRONCLAD","items_purchased":[],"campfire_rested":0,"item_purchase_floors":[],"current_hp_per_floor":[73,73,57,47,33,15,15,76,76,81,81,97,97,97,97,97,97,96,96,96,96,100,96,96,81,81,102,51,58,58,203,203,185,216,253,259,259,259,253,253,238,238,238,224,224,214,196,181,181,161],"gold":594,"neow_bonus":"","is_daily":false,"chose_seed":false,"campfire_upgraded":9,"win_rate":0.0,"timestamp":1608722005,"path_taken":["M","?","?","M","M","E","R","E","T","E","$","?","R","?","R","BOSS","M","?","$","?","M","E","R","E","T","M","E","?","?","E","R","BOSS","M","M","?","?","?","R","M","R","T","M","R","?","M","E","R","BOSS"],"items_purchased_type":[],"build_version":"2020-12-22","purchased_purges":3,"victory":true,"max_hp_per_floor":[80,80,80,80,80,82,82,84,84,87,87,97,97,97,97,97,97,96,96,96,96,101,112,112,128,128,170,185,188,188,203,203,216,216,253,259,259,259,266,266,271,271,271,277,277,277,283,288,288,300],"card_choices":[{"not_picked":[],"picked":"DoctorFetus","floor":0},{"not_picked":["Scorched","CrumblingArmor"],"picked":"UniverseFragment","floor":1},{"not_picked":["Reckless Charge","Wild Strike"],"picked":"Warcry","floor":1},{"not_picked":["Run Through","Heavy Blade","Body Slam"],"picked":"SKIP","floor":4},{"not_picked":["AT_IchimonjiDouble","Whirlwind","AT_BodySlamDance"],"picked":"SKIP","floor":5},{"not_picked":["MeatLantern","Variant"],"picked":"Woodsman","floor":6},{"not_picked":["Second Wind","Clothesline"],"picked":"AT_Dispersion","floor":6},{"not_picked":["Pommel Strike","Anger","Bludgeon"],"picked":"SKIP","floor":8},{"not_picked":["Clash","Twin Strike","Shockwave"],"picked":"SKIP","floor":10},{"not_picked":["Thunderclap","True Grit"],"picked":"Rage","floor":12},{"not_picked":["Double Tap","REME_TheLastStrike"],"picked":"Barricade","floor":16},{"not_picked":["Whirlwind","AT_BodySlamDance","AT_IchimonjiDouble"],"picked":"SKIP","floor":18},{"not_picked":["ReplayTheSpireMod:Strike From Hell","Bloodletting","Iron Wave"],"picked":"SKIP","floor":22},{"not_picked":["Clash","Replay:Undeath\u0027s Touch"],"picked":"Entrench","floor":23},{"not_picked":["DreamingCurrent","BlackSwan"],"picked":"HappyTeddy","floor":25},{"not_picked":["Burning Pact","Uppercut","Clothesline"],"picked":"SKIP","floor":25},{"not_picked":["Variant","MeltingLove"],"picked":"BigBadWolf","floor":27},{"not_picked":["Dual Wield","Reckless Charge","AT_Dispersion"],"picked":"SKIP","floor":27},{"not_picked":["Scorched","CrumblingArmor"],"picked":"FairyFestival","floor":28},{"not_picked":["AT_IchimonjiDouble","Clash","ReplayTheSpireMod:Corrosion Curse"],"picked":"SKIP","floor":28},{"not_picked":["CrumblingArmor","OSAHOGD","Porccubus"],"picked":"Singing Bowl","floor":29},{"not_picked":["Thunderclap+1","Clash+1"],"picked":"Armaments","floor":29},{"not_picked":["Yin","Porccubus"],"picked":"BlueStar","floor":31},{"not_picked":["Wild Strike","Replay:Undeath\u0027s Touch","Anger"],"picked":"SKIP","floor":31},{"not_picked":["Fiend Fire","Demon Form"],"picked":"REME_Fury","floor":33},{"not_picked":["Defy Death","Clothesline","Battle Trance+1"],"picked":"SKIP","floor":35},{"not_picked":["Defy Death","Clothesline","Battle Trance+1"],"picked":"SKIP","floor":35},{"not_picked":["Clothesline+1","Seeing Red"],"picked":"ReplayTheSpireMod:Strike From Hell+1","floor":36},{"not_picked":["Bludgeon","Dropkick","Sever Soul"],"picked":"SKIP","floor":39},{"not_picked":["MeatLantern","ShyLook"],"picked":"MHz","floor":41},{"not_picked":["Dual Wield+1","Run Through+1"],"picked":"ReplayTheSpireMod:Strike From Hell+1","floor":41},{"not_picked":["Uppercut","Iron Wave","Headbutt+1"],"picked":"SKIP","floor":44},{"not_picked":["Thunderclap","Combust","Carnage+1"],"picked":"SKIP","floor":47},{"not_picked":["Wild Strike+1","Run Through+1","ReplayTheSpireMod:Corrosion Curse+1"],"picked":"SKIP","floor":48}],"player_experience":16432,"relics_obtained":[{"floor":6,"key":"Simple Rune"},{"floor":8,"key":"Thread and Needle"},{"floor":10,"key":"War Paint"},{"floor":23,"key":"Potion Belt"},{"floor":25,"key":"King of Hearts"},{"floor":26,"key":"BelialBook"},{"floor":28,"key":"Oddly Smooth Stone"},{"floor":31,"key":"AT_ImmortalShieldbow"},{"floor":35,"key":"AtMidnight"},{"floor":43,"key":"Replay:Rubber Ducky"},{"floor":48,"key":"AT_RedTearstoneRing"}],"event_choices":[{"cards_removed":["Strike_R"],"damage_healed":0,"gold_gain":0,"player_choice":"Card Removal","damage_taken":0,"max_hp_gain":0,"max_hp_loss":0,"event_name":"The Cleric","floor":2,"gold_loss":50},{"damage_healed":0,"gold_gain":0,"player_choice":"Entered Light","damage_taken":16,"max_hp_gain":0,"max_hp_loss":0,"event_name":"Shining Light","floor":3,"gold_loss":0,"cards_upgraded":["Defend_R","Strike_R"]},{"damage_healed":0,"gold_gain":0,"player_choice":"Read","damage_taken":0,"max_hp_gain":0,"max_hp_loss":0,"event_name":"The Library","floor":19,"gold_loss":0,"cards_obtained":["Seeing Red"]},{"damage_healed":0,"gold_gain":0,"player_choice":"Copied","damage_taken":0,"max_hp_gain":0,"max_hp_loss":0,"event_name":"Duplicator","floor":30,"gold_loss":0,"cards_obtained":["Defend_R"]},{"damage_healed":0,"gold_gain":0,"cards_transformed":["Strike_R"],"player_choice":"Transformed","damage_taken":0,"max_hp_gain":0,"max_hp_loss":0,"event_name":"Transmorgrifier","floor":38,"gold_loss":0,"cards_obtained":["Carnage"]},{"damage_healed":0,"gold_gain":0,"player_choice":"Memory 3","damage_taken":10,"max_hp_gain":0,"max_hp_loss":0,"event_name":"SensoryStone","floor":46,"gold_loss":0}],"is_beta":false,"boss_relics":[{"not_picked":["REME_ChargedStone","Replay:Drink Me"],"picked":"Ring of Chaos"},{"not_picked":[]},{"not_picked":["Cursed Key","Calling Bell"],"picked":"Replay:Bronze Core"},{"not_picked":[]}],"items_purged_floors":[11,14,20],"is_endless":false,"potions_floor_spawned":[5,6,10,29,33,44],"ascension_level":3}}