{"host":"hm3ikmf8oxbtqms2","time":1608751850,"event":{"mods":["BaseMod","Best Route Mod","Bestiary","Better Vampires","Block Reminder","Colored Map","Colored Powertips","Curses Come First","DeckTracker","Displayed Cursed Tome","Highlight Path","Minty Spire (QoL Compilation)","Quick Restart","StSLib"],"gold_per_floor":[117,136,211,223,298,327,327,358,358,358,358,358,308,59,59,185,185,205,229,248,263,263,263,294,294,294],"floor_reached":25,"playtime":6740,"items_purged":[],"score":277,"play_id":"6bc87221-e629-4e3e-991a-d1a312a29fe8","local_time":"20201223143050","is_ascension_mode":true,"campfire_choices":[{"data":"Intimidate","floor":7,"key":"SMITH"},{"floor":10,"key":"REST"},{"data":"Perfected Strike","floor":12,"key":"SMITH"},{"data":"Inflame","floor":15,"key":"SMITH"},{"floor":23,"key":"REST"}],"circlet_count":0,"master_deck":["Strike_R","Strike_R","Strike_R","Strike_R","Strike_R","Defend_R","Defend_R","Defend_R","Defend_R","Bash","Perfected Strike+1","Intimidate+1","Pommel Strike","Immolate","Panache","Inflame+1","Juggernaut","CurseOfTheBell","Thunderclap","Wild Strike+1","Twin Strike","Fire Breathing+1","Dual Wield"],"relics":["Burning Blood","Regal Pillow","Singing Bowl","InkBottle","Golden Idol","Calling Bell","Du-Vu Doll","Sundial","Red Skull","Mercury Hourglass"],"acts_visited":["Exordium","TheCity"],"potions_floor_usage":[6,7,8,18,20,24,25],"damage_taken":[{"damage":1.0,"enemies":"Cultist","floor":1.0,"turns":4.0},{"damage":0.0,"enemies":"Small Slimes","floor":2.0,"turns":3.0},{"damage":4,"enemies":"Jaw Worm","floor":4,"turns":2},{"damage":21,"enemies":"Lagavulin","floor":6,"turns":5},{"damage":20,"enemies":"3 Sentries","floor":8,"turns":5},{"damage":83,"enemies":"The Guardian","floor":16,"turns":11},{"damage":34,"enemies":"Shell Parasite","floor":18,"turns":7},{"damage":14,"enemies":"Chosen","floor":19,"turns":6},{"damage":24,"enemies":"Snake Plant","floor":20,"turns":4},{"damage":32,"enemies":"3 Cultists","floor":21,"turns":5},{"damage":40,"enemies":"Slavers","floor":24,"turns":4},{"damage":18,"enemies":"Centurion and Healer","floor":25,"turns":1}],"seed_played":"2965433285952060097","potions_obtained":[{"floor":1.0,"key":"Explosive Potion"},{"floor":4,"key":"FearPotion"},{"floor":6,"key":"Fruit Juice"},{"floor":16,"key":"ColorlessPotion"},{"floor":19,"key":"ColorlessPotion"},{"floor":21,"key":"DuplicationPotion"},{"floor":24,"key":"LiquidBronze"}],"is_trial":false,"path_per_floor":["M","M","?","M","?","E","R","E","T","R","?","R","?","$","R","B",null,"M","M","M","M","?","R","E","M"],"character_chosen":"IRONCLAD","items_purchased":["Panache","Inflame"],"campfire_rested":2,"item_purchase_floors":[14,14],"current_hp_per_floor":[88,88,80,82,71,56,61,49,49,92,92,92,92,92,92,15,95,67,59,41,15,6,49,15,0,0],"gold":294,"neow_bonus":"TEN_PERCENT_HP_BONUS","is_daily":false,"chose_seed":false,"campfire_upgraded":3,"win_rate":0.0,"timestamp":1608751850,"path_taken":["M","M","?","?","?","E","R","E","T","R","?","R","?","$","R","BOSS","M","M","M","M","?","R","E","?"],"items_purchased_type":["Card","Card"],"build_version":"2020-12-22","purchased_purges":0,"victory":false,"max_hp_per_floor":[88,88,88,88,88,88,93,95,95,95,95,95,95,95,95,95,95,95,95,95,95,95,95,95,95,95],"card_choices":[{"not_picked":["Entrench","Dropkick"],"picked":"Perfected Strike","floor":1.0},{"not_picked":["Body Slam","True Grit"],"picked":"Intimidate","floor":2.0},{"not_picked":["Uppercut","Twin Strike"],"picked":"Pommel Strike","floor":4},{"not_picked":["True Grit","Feel No Pain"],"picked":"Immolate","floor":6},{"not_picked":["True Grit","Warcry","Metallicize"],"picked":"Singing Bowl","floor":8},{"not_picked":["Corruption","Double Tap"],"picked":"Juggernaut","floor":16},{"not_picked":["Cleave","Clothesline"],"picked":"Thunderclap","floor":18},{"not_picked":["Metallicize","Heavy Blade"],"picked":"Wild Strike+1","floor":19},{"not_picked":["Warcry","Rampage"],"picked":"Twin Strike","floor":20},{"not_picked":["Headbutt","Wild Strike"],"picked":"Fire Breathing+1","floor":21},{"not_picked":["Wild Strike","Immolate"],"picked":"Dual Wield","floor":24}],"player_experience":209889,"relics_obtained":[{"floor":6,"key":"Regal Pillow"},{"floor":8,"key":"Singing Bowl"},{"floor":9,"key":"InkBottle"},{"floor":17,"key":"Du-Vu Doll"},{"floor":17,"key":"Sundial"},{"floor":17,"key":"Red Skull"},{"floor":24,"key":"Mercury Hourglass"}],"event_choices":[{"damage_healed":0,"gold_gain":75,"player_choice":"Touch","damage_taken":8,"max_hp_gain":0,"max_hp_loss":0,"event_name":"FaceTrader","floor":3,"gold_loss":0},{"damage_healed":0,"gold_gain":75,"player_choice":"Gather Gold","damage_taken":11,"max_hp_gain":0,"max_hp_loss":0,"event_name":"World of Goop","floor":5,"gold_loss":0},{"damage_healed":0,"gold_gain":0,"player_choice":"Take Wound","damage_taken":0,"relics_obtained":["Golden Idol"],"max_hp_gain":0,"max_hp_loss":0,"event_name":"Golden Idol","floor":11,"gold_loss":0,"cards_obtained":["Injury"]},{"cards_removed":["Injury"],"damage_healed":0,"gold_gain":0,"player_choice":"Card Removal","damage_taken":0,"max_hp_gain":0,"max_hp_loss":0,"event_name":"The Cleric","floor":13,"gold_loss":50},{"damage_healed":0,"gold_gain":0,"player_choice":"Damaged","damage_taken":9,"max_hp_gain":0,"max_hp_loss":0,"event_name":"Wheel of Change","floor":22,"gold_loss":0}],"is_beta":false,"boss_relics":[{"not_picked":["Astrolabe","Tiny House"],"picked":"Calling Bell"}],"items_purged_floors":[],"is_endless":false,"potions_floor_spawned":[1,4,6,16,19,21,24],"killed_by":"Centurion and Healer","ascension_level":2}}