{"host":"ysyq82l8nxvaugux","time":1608760727,"event":{"mods":["BaseMod","Hermit","Minty Spire (QoL Compilation)","StSLib","The Cursed"],"gold_per_floor":[113,188,202,219,219,247,347,240,286,286,314,324,324,324,324,419,419,434,241,241,241,254,254,283,283,306,221,221,245,245,260,260,260,260],"floor_reached":33,"playtime":1088,"items_purged":[],"score":282,"play_id":"5b91ba16-cc7c-407b-916d-19d0c9e9e2c4","local_time":"20201223225847","is_ascension_mode":true,"campfire_choices":[{"floor":10,"key":"REST"},{"floor":15,"key":"REST"},{"floor":23,"key":"REST"},{"floor":25,"key":"REST"},{"floor":32,"key":"REST"}],"circlet_count":0,"master_deck":["Strike_B","Strike_B","Strike_B","Strike_B","Defend_B","Defend_B","Defend_B+1","Defend_B+1","Zap","Dualcast","White Noise","Ball Lightning","Genetic Algorithm","Loop","White Noise","Defragment","Loop","Amplify","Redo+1","Defragment","Zap","Melter","Electrodynamics","Redo+1"],"relics":["Cracked Core","Strawberry","Juzu Bracelet","Happy Flower","Potion Belt","War Paint","Bronze Scales","Boot","MealTicket","Enchiridion"],"acts_visited":["Exordium","TheCity"],"potions_floor_usage":[16,24,24,33,33],"damage_taken":[{"damage":5,"enemies":"Jaw Worm","floor":1,"turns":4},{"damage":3,"enemies":"2 Louse","floor":3,"turns":2},{"damage":5,"enemies":"Small Slimes","floor":4,"turns":3},{"damage":21,"enemies":"Lagavulin","floor":6,"turns":6},{"damage":30,"enemies":"3 Sentries","floor":11,"turns":7},{"damage":25,"enemies":"Exordium Thugs","floor":12,"turns":5},{"damage":39,"enemies":"Slime Boss","floor":16,"turns":9},{"damage":31,"enemies":"3 Byrds","floor":18,"turns":4},{"damage":0,"enemies":"Chosen","floor":22,"turns":4},{"damage":32,"enemies":"Book of Stabbing","floor":24,"turns":5},{"damage":20,"enemies":"Snecko","floor":31,"turns":6},{"damage":64,"enemies":"Automaton","floor":33,"turns":6}],"seed_played":"8614258679754116012","potions_obtained":[{"floor":0,"key":"LiquidMemories"},{"floor":0,"key":"LiquidMemories"},{"floor":0,"key":"Fire Potion"},{"floor":11,"key":"Explosive Potion"},{"floor":22,"key":"DistilledChaos"},{"floor":31,"key":"PowerPotion"}],"is_trial":false,"path_per_floor":["M","?","M","M","?","E","?","$","T","R","E","M","?","?","R","B",null,"M","$","?","?","M","R","E","R","T","?","$","T","?","M","R","B"],"character_chosen":"DEFECT","items_purchased":["Loop","White Noise","Defragment","War Paint"],"campfire_rested":5,"item_purchase_floors":[8,8,19,19],"current_hp_per_floor":[70,59,56,51,55,34,34,34,34,58,28,3,30,35,59,20,82,51,51,51,35,35,61,29,55,55,55,55,55,39,19,45,0,0],"gold":260,"neow_bonus":"THREE_SMALL_POTIONS","is_daily":false,"chose_seed":false,"campfire_upgraded":0,"win_rate":0.0,"timestamp":1608760727,"path_taken":["M","?","M","M","?","E","?","$","T","R","E","M","?","?","R","BOSS","M","?","?","?","M","R","E","R","T","?","?","?","?","M","R","BOSS"],"items_purchased_type":["Card","Card","Card","Relic"],"build_version":"2020-12-22","purchased_purges":0,"victory":false,"max_hp_per_floor":[75,75,75,75,82,82,82,82,82,82,82,82,82,82,82,82,82,82,82,82,87,87,87,87,87,87,87,87,87,87,87,87,87,87],"card_choices":[{"not_picked":["Storm","Barrage"],"picked":"White Noise","floor":1},{"not_picked":["Barrage","Sweeping Beam"],"picked":"Ball Lightning","floor":3},{"not_picked":["Hyperbeam","Compile Driver"],"picked":"Steam","floor":4},{"not_picked":["Lockon","Beam Cell"],"picked":"Genetic Algorithm","floor":6},{"not_picked":["Recycle","Compile Driver"],"picked":"Defragment","floor":11},{"not_picked":["Redo","FTL"],"picked":"Loop","floor":12},{"not_picked":["Thunder Strike","Biased Cognition"],"picked":"Amplify","floor":16},{"not_picked":["Conserve Battery","Streamline"],"picked":"Redo+1","floor":18},{"not_picked":["Turbo","Cold Snap"],"picked":"Electrodynamics","floor":22},{"not_picked":["Reprogram","Heatsinks+1","Force Field"],"picked":"SKIP","floor":24},{"not_picked":["Go for the Eyes+1","Barrage"],"picked":"Redo+1","floor":31}],"player_experience":89822,"relics_obtained":[{"floor":6,"key":"Juzu Bracelet"},{"floor":9,"key":"Happy Flower"},{"floor":11,"key":"Potion Belt"},{"floor":24,"key":"Bronze Scales"},{"floor":29,"key":"MealTicket"},{"floor":30,"key":"Enchiridion"}],"event_choices":[{"damage_healed":0,"gold_gain":75,"player_choice":"Gather Gold","damage_taken":11,"max_hp_gain":0,"max_hp_loss":0,"event_name":"World of Goop","floor":2,"gold_loss":0},{"damage_healed":0,"gold_gain":0,"player_choice":"Success","damage_taken":3,"relics_obtained":["Strawberry"],"max_hp_gain":0,"max_hp_loss":0,"event_name":"Scrap Ooze","floor":5,"gold_loss":0},{"damage_healed":0,"gold_gain":100,"player_choice":"Pray","damage_taken":0,"max_hp_gain":0,"max_hp_loss":0,"event_name":"Golden Shrine","floor":7,"gold_loss":0},{"damage_healed":27,"gold_gain":0,"player_choice":"Banana","damage_taken":0,"max_hp_gain":0,"max_hp_loss":0,"event_name":"Big Fish","floor":13,"gold_loss":0},{"cards_removed":["Steam"],"damage_healed":5,"gold_gain":0,"player_choice":"Offered Common","damage_taken":0,"max_hp_gain":0,"max_hp_loss":0,"event_name":"Bonfire Elementals","floor":14,"gold_loss":0},{"cards_removed":["Steam"],"damage_healed":5,"gold_gain":0,"player_choice":"Offered Special","damage_taken":0,"max_hp_gain":0,"max_hp_loss":0,"event_name":"Bonfire Elementals","floor":14,"gold_loss":0},{"damage_healed":0,"gold_gain":0,"player_choice":"2 cards matched","damage_taken":0,"max_hp_gain":0,"max_hp_loss":0,"event_name":"Match and Keep!","floor":20,"gold_loss":0,"cards_obtained":["Zap","Melter"]},{"damage_healed":0,"gold_gain":0,"player_choice":"Shed Blood","damage_taken":21,"max_hp_gain":5,"max_hp_loss":0,"event_name":"Forgotten Altar","floor":21,"gold_loss":0},{"damage_healed":0,"gold_gain":0,"player_choice":"Obtained Relic","damage_taken":0,"relics_obtained":["Boot"],"max_hp_gain":0,"max_hp_loss":0,"event_name":"Addict","floor":27,"gold_loss":85},{"damage_healed":0,"gold_gain":0,"player_choice":"Obtained Book","damage_taken":16,"max_hp_gain":0,"max_hp_loss":0,"event_name":"Cursed Tome","floor":30,"gold_loss":0}],"is_beta":false,"boss_relics":[{"not_picked":["Fusion Hammer","Runic Dome","Coffee Dripper"]}],"items_purged_floors":[],"is_endless":false,"potions_floor_spawned":[4,6,11,22,31],"killed_by":"Automaton","ascension_level":1}}