{"host":"jqa9y4qkalbx8qgz","time":1608705461,"event":{"mods":["BaseMod","Bestiary","BetterRewards","CCEM","Downfall","Minty Spire (QoL Compilation)","Permanent Neow","Relic Stats","Replay The Spire","StSLib","Wandering Minibosses"],"gold_per_floor":[99,118,130,115,28,28,28,31,30,54,842,865,865,903,928,1040,1040,965,258,268,287,305,345,345,361,382,382,382,404,329,351,351,351,377,481,481,481,501,518,538,367,367,394,414,339,63,83,94,134,151,171,171,171,203,53,53,53],"floor_reached":58,"playtime":5888,"items_purged":["Languid","hexamod:Strike","hexamod:Strike+1","hexamod:Defend"],"score":1456,"play_id":"a6289f18-cb3a-49a2-9565-773f6fe6c1de","local_time":"20201223093741","is_ascension_mode":false,"campfire_choices":[{"data":"hexamod:Float","floor":1.0,"key":"SMITH"},{"data":"hexamod:Sear","floor":6.0,"key":"SMITH"},{"floor":18.0,"key":"RECALL"},{"data":"expansioncontent:StudyTheSpire","floor":30,"key":"SMITH"},{"floor":32,"key":"DIG"},{"floor":37,"key":"DIG"},{"floor":42,"key":"DIG"},{"floor":45,"key":"DIG"},{"floor":56,"key":"DIG"}],"circlet_count":0,"master_deck":["hexamod:Strike+1","hexamod:Defend+1","hexamod:Defend","hexamod:Defend+1","hexamod:Sear+1","hexamod:Float+1","Dramatic Entrance","hexamod:HauntingEcho","hexamod:SwordOfDarkness","hexamod:PhantomCloak","hexamod:GhostflameBarrier+1","hexamod:ThermalTransfer+1","hexamod:RetreatToShadows+1","hexamod:HeatMetal","hexamod:FastForward","hexamod:AdvancingGuard+1","hexamod:Hexaguard+1","hexamod:RainOfEmbers","hexamod:WildfireWeapon","hexamod:CatchUp","hexamod:AdvancingGuard","hexamod:SpectralAdrenaline+1","expansioncontent:StudyTheSpire+1","hexamod:AdvancingGuard+1","hexamod:ShieldOfDarkness+1","hexamod:WildfireWeapon","hexamod:StepThrough","hexamod:EmpoweringStance","hexamod:UnleashSpirits","AbeCurse","Replay:SS_forest_5","Secret Technique","hexamod:CrushingStance","Apotheosis","hexamod:Again","hexamod:TimeWarp"],"relics":["hexamod:SpiritBrand","ReplayTheSpireMod:CursedCoin","Lantern","Shovel","wanderingMiniBosses:MasterThiefsPresence","Bottled Lightning","Coffee Dripper","downfall:HeartBlessingGreen","BargainBundle","Toy Ornithopter","Mummified Hand","hexamod:TheBrokenSeal","Vajra","Singing Bowl","downfall:HeartBlessingRed","War Paint","Ring of Hypnosis","Replay:Grab Bag","Abe\u0027s Treasure","Empty Cage","ReplayTheSpireMod:TigerMarble","hexamod:TheBrokenSeal","TheAbacus","Nunchaku","downfall:HeartBlessingBlue","Replay:Multitool","CCEMRelics:Pendulum","Pantograph"],"acts_visited":["Exordium","TheCity","TheBeyond","TheEnding"],"potions_floor_usage":[57,57,57],"damage_taken":[{"damage":0.0,"enemies":"Cultist","floor":2.0,"turns":3.0},{"damage":0.0,"enemies":"2 Louse","floor":3.0,"turns":2.0},{"damage":10.0,"enemies":"downfall:FleeingMerchant","floor":4.0,"turns":4.0},{"damage":3.0,"enemies":"downfall:FleeingMerchant","floor":5.0,"turns":4.0},{"damage":0.0,"enemies":"Jaw Worm","floor":8.0,"turns":5.0},{"damage":6.0,"enemies":"Exordium Thugs","floor":9.0,"turns":7.0},{"damage":28.0,"enemies":"Lagavulin","floor":10.0,"turns":6.0},{"damage":6.0,"enemies":"Exordium Wildlife","floor":11.0,"turns":4.0},{"damage":4.0,"enemies":"Blue Slaver","floor":12.0,"turns":3.0},{"damage":10.0,"enemies":"Gremlin Nob","floor":14.0,"turns":4.0},{"damage":0.0,"enemies":"Large Slime","floor":15.0,"turns":6.0},{"damage":6.0,"enemies":"downfall:Silent","floor":16.0,"turns":9.0},{"damage":9.0,"enemies":"downfall:FleeingMerchant","floor":19.0,"turns":4.0},{"damage":0.0,"enemies":"3 Byrds","floor":20.0,"turns":3.0},{"damage":3.0,"enemies":"Sentry and Sphere","floor":21.0,"turns":6.0},{"damage":0.0,"enemies":"3 Cultists","floor":22.0,"turns":6.0},{"damage":0.0,"enemies":"Slavers","floor":23.0,"turns":6.0},{"damage":0,"enemies":"Snake Plant","floor":25,"turns":3},{"damage":0,"enemies":"Snecko","floor":26,"turns":3},{"damage":0,"enemies":"Cultist and Chosen","floor":29,"turns":5},{"damage":5,"enemies":"Sentry and Sphere","floor":31,"turns":6},{"damage":0,"enemies":"Centurion and Healer","floor":34,"turns":7},{"damage":4,"enemies":"downfall:Defect","floor":35,"turns":9},{"damage":0,"enemies":"3 Darklings","floor":38,"turns":7},{"damage":0,"enemies":"3 Shapes","floor":39,"turns":1},{"damage":0,"enemies":"Writhing Mass","floor":40,"turns":3},{"damage":0,"enemies":"downfall:FleeingMerchant","floor":41,"turns":4},{"damage":0,"enemies":"Sphere and 2 Shapes","floor":44,"turns":1},{"damage":0,"enemies":"Spire Growth","floor":47,"turns":3},{"damage":0,"enemies":"Jaw Worm Horde","floor":48,"turns":3},{"damage":6,"enemies":"R_Hoarder","floor":49,"turns":4},{"damage":0,"enemies":"4 Shapes","floor":50,"turns":3},{"damage":0,"enemies":"Sphere and 2 Shapes","floor":51,"turns":4},{"damage":0,"enemies":"downfall:Ironclad","floor":52,"turns":6},{"damage":34,"enemies":"downfall:CharBossMerchant","floor":54,"turns":9},{"damage":55,"enemies":"downfall:NeowBoss","floor":57,"turns":26}],"seed_played":"84262914752607850","potions_obtained":[{"floor":8.0,"key":"Fruit Juice"},{"floor":9.0,"key":"Dexterity Potion"},{"floor":12.0,"key":"Dexterity Potion"},{"floor":14.0,"key":"DuplicationPotion"},{"floor":16.0,"key":"SpeedPotion"},{"floor":21.0,"key":"Languid Potion"},{"floor":22.0,"key":"champ:CounterPotion"},{"floor":23.0,"key":"sneckomod:MuddlingPotion"},{"floor":25,"key":"Fire Potion"},{"floor":34,"key":"hexamod:DoubleChargePotion"},{"floor":34,"key":"Strength Potion"},{"floor":38,"key":"champ:CounterPotion"},{"floor":39,"key":"Strength Potion"}],"is_trial":false,"path_per_floor":["R","M","M","$","$","R","T","M","M","E","M","M","?","E","M","B",null,"R","$","M","M","M","E","T","M","M","PTL","PTL","M","R","M","R","?","M","B",null,"R","M","M","M","$","R","T","M","R","$","M","M","E","M","M","B",null,"E","$","R","B",null],"character_chosen":"THE_SPIRIT","items_purchased":["ReplayTheSpireMod:CursedCoin","hexamod:GhostflameBarrier","hexamod:SecondSeal","BargainBundle","Toy Ornithopter","Mummified Hand","hexamod:AdvancingGuard","hexamod:SpectralAdrenaline+1","expansioncontent:StudyTheSpire","Fire Potion","SpeedPotion","Replay:SS_forest_5","TheAbacus","Secret Technique","Apotheosis","hexamod:Again"],"campfire_rested":0,"item_purchase_floors":[4,4,5,19,19,19,19,19,19,19,19,41,41,41,46,46],"current_hp_per_floor":[70,70,70,60,57,57,57,57,51,23,17,13,18,13,13,7,80,80,71,71,68,75,90,90,92,96,96,96,100,100,102,102,102,106,106,106,106,118,120,122,124,124,124,124,134,134,136,138,134,136,138,138,144,110,110,110,89],"gold":53,"neow_bonus":"RANDOM_COLORLESS","is_daily":false,"chose_seed":false,"campfire_upgraded":3,"win_rate":0.0,"timestamp":1608705461,"path_taken":["R","M","M","?","$","R","T","M","M","E","M","M","?","E","M","BOSS","R","$","M","M","M","E","T","M","M","PTL","PTL","M","R","M","R","?","M","BOSS","R","M","M","M","$","R","T","M","R","$","M","M","E","M","M","BOSS","E","$","R","BOSS"],"items_purchased_type":["Relic","Card","Card","Relic","Relic","Relic","Card","Card","Card","Potion","Potion","Card","Relic","Card","Card","Card"],"build_version":"2020-12-13","purchased_purges":4,"victory":true,"max_hp_per_floor":[70,70,70,70,70,70,70,70,70,70,70,70,75,80,80,80,80,80,80,80,80,80,90,90,92,96,96,96,100,100,102,102,102,106,106,106,106,118,120,122,124,124,124,124,134,134,136,138,140,142,144,144,144,144,144,144,144],"relic_stats":{"Nunchaku":[10],"Shovel":5,"TheAbacus":[36],"Singing Bowl":34,"counters":[36,189],"Mummified Hand":[151],"Pantograph":25,"War Paint":["hexamod:RetreatToShadows","hexamod:Hexaguard"],"obtain_stats":[{"Lantern":7,"Singing Bowl":24,"Vajra":23,"CCEMRelics:Pendulum":49,"downfall:HeartBlessingGreen":18,"Replay:Multitool":45,"Empty Cage":36,"Nunchaku":42,"Shovel":10,"TheAbacus":41,"Mummified Hand":19,"downfall:HeartBlessingBlue":45,"Pantograph":56,"hexamod:SpiritBrand":0,"BargainBundle":19,"downfall:HeartBlessingRed":30,"Ring of Hypnosis":33,"ReplayTheSpireMod:CursedCoin":4,"Replay:Grab Bag":36,"hexamod:TheBrokenSeal":23,"wanderingMiniBosses:MasterThiefsPresence":11,"War Paint":32,"Coffee Dripper":17,"ReplayTheSpireMod:TigerMarble":37,"Bottled Lightning":14,"Toy Ornithopter":19,"Abe\u0027s Treasure":36},{"Lantern":4,"Singing Bowl":17,"Vajra":17,"CCEMRelics:Pendulum":31,"downfall:HeartBlessingGreen":12,"Replay:Multitool":28,"Empty Cage":23,"Nunchaku":27,"Shovel":7,"TheAbacus":27,"Mummified Hand":13,"downfall:HeartBlessingBlue":28,"Pantograph":35,"hexamod:SpiritBrand":0,"BargainBundle":13,"downfall:HeartBlessingRed":20,"Ring of Hypnosis":21,"ReplayTheSpireMod:CursedCoin":3,"Replay:Grab Bag":23,"hexamod:TheBrokenSeal":17,"wanderingMiniBosses:MasterThiefsPresence":8,"War Paint":21,"Coffee Dripper":12,"ReplayTheSpireMod:TigerMarble":23,"Bottled Lightning":10,"Toy Ornithopter":13,"Abe\u0027s Treasure":23},{"Lantern":13,"Singing Bowl":82,"Vajra":82,"CCEMRelics:Pendulum":141,"downfall:HeartBlessingGreen":57,"Replay:Multitool":131,"Empty Cage":115,"Nunchaku":130,"Shovel":31,"TheAbacus":130,"Mummified Hand":61,"downfall:HeartBlessingBlue":131,"Pantograph":163,"hexamod:SpiritBrand":0,"BargainBundle":61,"downfall:HeartBlessingRed":93,"Ring of Hypnosis":99,"ReplayTheSpireMod:CursedCoin":9,"Replay:Grab Bag":115,"hexamod:TheBrokenSeal":82,"wanderingMiniBosses:MasterThiefsPresence":35,"War Paint":99,"Coffee Dripper":57,"ReplayTheSpireMod:TigerMarble":115,"Bottled Lightning":42,"Toy Ornithopter":61,"Abe\u0027s Treasure":115}],"Toy Ornithopter":14},"card_choices":[{"not_picked":["expansioncontent:SlimeTackle","Replay:Sssssssssshield"],"picked":"Dramatic Entrance","floor":0.0},{"not_picked":["hexamod:Hexaguard","hexamod:Incineration"],"picked":"hexamod:HauntingEcho","floor":2.0},{"not_picked":["hexamod:InspiringFlames","hexamod:SpectersWail"],"picked":"hexamod:SwordOfDarkness","floor":3.0},{"not_picked":["hexamod:SwordOfDarkness","hexamod:SoulSteal"],"picked":"hexamod:PhantomCloak","floor":4.0},{"not_picked":["hexamod:GhostLash","hexamod:BurningTouch"],"picked":"hexamod:ThermalTransfer","floor":5.0},{"not_picked":["hexamod:BacktrackSmack","hexamod:ShieldOfDarkness"],"picked":"hexamod:RetreatToShadows","floor":8.0},{"not_picked":["hexamod:GhostflameBarrier","hexamod:HeatCrush"],"picked":"hexamod:HeatMetal","floor":9.0},{"not_picked":["hexamod:FastForward","hexamod:NightmareGuise"],"picked":"hexamod:SixthSeal","floor":10.0},{"not_picked":["hexamod:Again","hexamod:InspiringFlames"],"picked":"hexamod:FastForward","floor":11.0},{"not_picked":["hexamod:GhostShield","hexamod:DynamicBlow"],"picked":"hexamod:AdvancingGuard","floor":12.0},{"not_picked":["hexamod:SoulSteal","hexamod:AdvancingGuard"],"picked":"hexamod:ThirdSeal","floor":14.0},{"not_picked":["hexamod:ParanormalForm","hexamod:FastForward"],"picked":"hexamod:Hexaguard","floor":15.0},{"not_picked":["hexamod:HeatMetal","hexamod:Firestarter"],"picked":"hexamod:RainOfEmbers","floor":15.0},{"not_picked":["hexamod:ParanormalForm","hexamod:TurnItUp"],"picked":"hexamod:FifthSeal","floor":16.0},{"not_picked":["hexamod:GhostflameInferno","hexamod:SixthSeal"],"picked":"hexamod:WildfireWeapon","floor":16.0},{"not_picked":["hexamod:SixthSeal","hexamod:ThirdSeal"],"picked":"hexamod:FourthSeal","floor":19.0},{"not_picked":["hexamod:HauntingEcho","hexamod:BurningTouch"],"picked":"hexamod:CatchUp","floor":19.0},{"not_picked":["hexamod:RainOfEmbers","hexamod:Firestarter"],"picked":"hexamod:FifthSeal","floor":19.0},{"not_picked":["hexamod:RainOfEmbers","hexamod:NightmareGuise"],"picked":"hexamod:AdvancingGuard+1","floor":20.0},{"not_picked":["hexamod:SixthSeal","hexamod:FourthSeal"],"picked":"hexamod:FirstSeal","floor":21.0},{"not_picked":["hexamod:SkipABeat","hexamod:NightmareStrike+1"],"picked":"hexamod:ShieldOfDarkness+1","floor":21.0},{"not_picked":["hexamod:NightmareStrike","hexamod:Incineration"],"picked":"hexamod:WildfireWeapon","floor":21.0},{"not_picked":["hexamod:FourthSeal","hexamod:FirstSeal","hexamod:SecondSeal"],"picked":"SKIP","floor":21.0},{"not_picked":["hexamod:HauntingEcho","hexamod:NightmareStrike","hexamod:NecessarySacrifice"],"picked":"SKIP","floor":22.0},{"not_picked":["hexamod:FourthSeal","hexamod:FirstSeal","hexamod:SixthSeal"],"picked":"SKIP","floor":22.0},{"not_picked":["hexamod:SecondSeal","hexamod:SixthSeal","hexamod:ThirdSeal"],"picked":"SKIP","floor":22.0},{"not_picked":["hexamod:BurningTouch+1","hexamod:SwordOfDarkness","hexamod:ThermalTransfer"],"picked":"SKIP","floor":22.0},{"not_picked":["hexamod:ThermalTransfer","hexamod:HeatShield"],"picked":"hexamod:SecondSeal","floor":23.0},{"not_picked":["hexamod:FourthSeal","hexamod:FirstSeal"],"picked":"hexamod:ThirdSeal","floor":25},{"not_picked":["hexamod:AdvancingGuard+1","hexamod:EmpoweredFlame","hexamod:SecondSeal"],"picked":"Singing Bowl","floor":25},{"not_picked":["hexamod:AdvancingGuard","hexamod:InspiringFlames","hexamod:NecessarySacrifice"],"picked":"Singing Bowl","floor":26},{"not_picked":["hexamod:Incineration+1","hexamod:AdvancingGuard","hexamod:FastForward+1"],"picked":"Singing Bowl","floor":26},{"not_picked":["hexamod:SixthSeal","hexamod:FourthSeal"],"picked":"hexamod:FirstSeal","floor":26},{"not_picked":["hexamod:EtherealExpedition","hexamod:EmpoweredFlame+1","hexamod:BacktrackSmack"],"picked":"Singing Bowl","floor":29},{"not_picked":["hexamod:WildfireWeapon","hexamod:HeatCrush+1","hexamod:FastForward"],"picked":"Singing Bowl","floor":29},{"not_picked":["hexamod:DynamicBlow","hexamod:NightmareStrike"],"picked":"hexamod:StepThrough","floor":31},{"not_picked":["hexamod:FirstSeal","hexamod:ThirdSeal"],"picked":"hexamod:FourthSeal","floor":31},{"not_picked":["hexamod:RainOfEmbers+1","hexamod:NightmareGuise+1","hexamod:SpectersWail"],"picked":"Singing Bowl","floor":31},{"not_picked":["hexamod:GhostLash+1","hexamod:RainOfEmbers","hexamod:ThermalTransfer"],"picked":"Singing Bowl","floor":34},{"not_picked":["hexamod:FastForward","hexamod:RainOfEmbers","hexamod:GhostLash"],"picked":"Singing Bowl","floor":34},{"not_picked":["hexamod:FirstSeal","hexamod:ThirdSeal"],"picked":"hexamod:SixthSeal","floor":35},{"not_picked":["hexamod:HexaLevel","hexamod:GhostflameInferno"],"picked":"hexamod:EmpoweringStance","floor":35},{"not_picked":["hexamod:TurnItUp","hexamod:ParanormalForm"],"picked":"hexamod:UnleashSpirits","floor":35},{"not_picked":["hexamod:ChargedBarrage+1","hexamod:GhostShield","hexamod:Hexaguard"],"picked":"Singing Bowl","floor":38},{"not_picked":["hexamod:RainOfEmbers","hexamod:GhostOfSpirePresent","hexamod:RadiantFlame+1"],"picked":"Singing Bowl","floor":39},{"not_picked":["hexamod:ChargedBarrage+1","hexamod:Firestarter+1","hexamod:NightmareStrike+1"],"picked":"Singing Bowl","floor":40},{"not_picked":["hexamod:HeatMetal+1","hexamod:FastForward+1","hexamod:RadiantFlame"],"picked":"Singing Bowl","floor":41},{"not_picked":["hexamod:GhostLash+1","hexamod:NecessarySacrifice"],"picked":"hexamod:CrushingStance","floor":44},{"not_picked":["hexamod:GhostLash+1","hexamod:ThermalTransfer+1","hexamod:Firestarter"],"picked":"Singing Bowl","floor":47},{"not_picked":["hexamod:HauntingEcho+1","hexamod:GhostOfSpirePast+1","hexamod:RainOfEmbers"],"picked":"Singing Bowl","floor":48},{"not_picked":["hexamod:NightmareStrike+1","hexamod:GhostShield","hexamod:NightmareGuise+1"],"picked":"Singing Bowl","floor":49},{"not_picked":["hexamod:BurningTouch","hexamod:GhostOfSpireFuture","hexamod:FirstSeal"],"picked":"Singing Bowl","floor":50},{"not_picked":["hexamod:BacktrackSmack+1","hexamod:GhostflameBarrier+1","hexamod:SwordOfDarkness+1"],"picked":"Singing Bowl","floor":51},{"not_picked":["hexamod:RadiantFlame+1","hexamod:EtherealExpedition"],"picked":"hexamod:TimeWarp","floor":54}],"player_experience":202684,"relics_obtained":[{"floor":7.0,"key":"Lantern"},{"floor":10.0,"key":"Shovel"},{"floor":11.0,"key":"wanderingMiniBosses:MasterThiefsPresence"},{"floor":14.0,"key":"Bottled Lightning"},{"floor":23.0,"key":"Vajra"},{"floor":24.0,"key":"Singing Bowl"},{"floor":32,"key":"War Paint"},{"floor":33,"key":"Ring of Hypnosis"},{"floor":37,"key":"ReplayTheSpireMod:TigerMarble"},{"floor":42,"key":"Nunchaku"},{"floor":45,"key":"Replay:Multitool"},{"floor":49,"key":"CCEMRelics:Pendulum"},{"floor":56,"key":"Pantograph"}],"event_choices":[{"damage_healed":0.0,"max_hp_gain":5.0,"max_hp_loss":0.0,"gold_gain":0.0,"event_name":"Big Fish","player_choice":"Donut","floor":13.0,"gold_loss":0.0,"damage_taken":0.0}],"is_beta":false,"boss_relics":[{"not_picked":["Astrolabe","Snecko Heart"],"picked":"Coffee Dripper"},{"not_picked":["ReplayTheSpireMod:DimensionalGlitch","Replay:Ancient Bell"],"picked":"Replay:Grab Bag"},{"not_picked":["ReplayTheSpireMod:Onyx Gauntlets","ChewingGum"],"picked":"Abe\u0027s Treasure"},{"not_picked":["Kintsugi","Runic Pyramid"],"picked":"Empty Cage"}],"items_purged_floors":[4,19,41,55],"is_endless":false,"potions_floor_spawned":[8,9,12,14,16,23,25,26,34,38,39,40,49],"ascension_level":0}}