{"host":"x4i48uok34n1rpsm","time":1608726658,"event":{"mods":["Aspiration","BaseMod","Better Third Choice","Colored Map","Downfall","Highlight Path","Minty Spire (QoL Compilation)","Permanent Neow","Replay The Spire","StSLib","The Mystic"],"gold_per_floor":[99,111,111,126,151,67,67,96,96,121,34,49,49,69,82,178,278,278,188,222,222,222,241,241,166,166,196,213,227,212,231,248,351,351,201,236,249,320,338,338,386,386,386,402,436,436,456,456,469,469,469,496,45,45,45,45,45],"floor_reached":55,"playtime":4902,"items_purged":["Slimebound:Strike_Slimebound"],"score":650,"play_id":"4a846a29-93b2-4d7a-a4a7-bb6e10cc0fd3","local_time":"20201223143058","is_ascension_mode":false,"campfire_choices":[{"data":"Slimebound:Split","floor":1.0,"key":"SMITH"},{"data":"Slimebound:LeadByExample","floor":9.0,"key":"SMITH"},{"floor":18.0,"key":"RECALL"},{"data":"Slimebound:SlimeBrawl","floor":21.0,"key":"SMITH"},{"data":"Slimebound:OozeBath","floor":25.0,"key":"SMITH"},{"data":"Slimebound:SelfFormingGoo","floor":43,"key":"SMITH"},{"data":"Slimebound:LeechEnergy","floor":46,"key":"SMITH"},{"data":"Slimebound:SlimeBarrage","floor":54,"key":"SMITH"}],"circlet_count":0,"master_deck":["Slimebound:Split+1","Slimebound:CorrosiveSpit","Slimebound:SplitBruiser+1","Slimebound:LeechEnergy+1","Slimebound:LevelUp","Slimebound:LeadByExample+1","Slimebound:SlimeBrawl+1","Slimebound:Gluttony","Slimebound:LevelUp","Slimebound:GoopSpray","Slimebound:RainOfGoop","Slimebound:OozeBath+1","Slimebound:SplitMire","Slimebound:LeechingTouch+1","Slimebound:OozeBath+1","Slimebound:LeechingTouch","Slimebound:LeechLife","Slimebound:Replication","Slimebound:SelfFormingGoo+1","Slimebound:FormOfPuddle","Slimebound:SplitMire","Slimebound:SlimeTap","Slimebound:SplitBruiser","Slimebound:LeechingTouch","Slimebound:FinishingTackle+1","Slimebound:RejuvenatingLick+1","Slimebound:LevelUp+1","Slimebound:SplitAcid+1","Slimebound:SlimeBarrage+1","Slimebound:SpikyOuterGoop+1"],"relics":["aspiration:AnachronicSnailShell","MealTicket","Mummified Hand","Odd Mushroom","Bag of Marbles","m_BurningSludge","Replay:Wanted Poster","Oddly Smooth Stone","downfall:HeartBlessingBlue","aspiration:FrozenJewel","Pandora\u0027s Box","downfall:HeartBlessingRed","downfall:HeartBlessingGreen","Replay:Baseball","Sling","Omamori","Lantern","Slimebound:AggressiveSlimeRelic","The Courier","Iron Hammer","ReplayTheSpireMod:TigerMarble","Membership Card","Anchor","Whetstone","aspiration:HummingbirdHeart"],"acts_visited":["TheEnding"],"potions_floor_usage":[44,47,52,55,55,55],"damage_taken":[{"damage":11.0,"enemies":"Cultist","floor":2.0,"turns":3.0},{"damage":15.0,"enemies":"Jaw Worm","floor":4.0,"turns":2.0},{"damage":18.0,"enemies":"Replay:BlueRogue","floor":5.0,"turns":5.0},{"damage":14.0,"enemies":"downfall:FleeingMerchant","floor":6.0,"turns":4.0},{"damage":15.0,"enemies":"The Mushroom Lair","floor":8.0,"turns":3.0},{"damage":19.0,"enemies":"3 Sentries","floor":10.0,"turns":3.0},{"damage":22.0,"enemies":"downfall:FleeingMerchant","floor":11.0,"turns":4.0},{"damage":15.0,"enemies":"Small Slimes","floor":12.0,"turns":3.0},{"damage":9.0,"enemies":"Red Slaver","floor":14.0,"turns":3.0},{"damage":4.0,"enemies":"2 Fungi Beasts","floor":15.0,"turns":2.0},{"damage":46.0,"enemies":"downfall:CharBossSilent","floor":16.0,"turns":5.0},{"damage":26.0,"enemies":"downfall:FleeingMerchant","floor":19.0,"turns":4.0},{"damage":31.0,"enemies":"Replay:Snechameleon","floor":20.0,"turns":5.0},{"damage":29.0,"enemies":"Shell Parasite","floor":23.0,"turns":3.0},{"damage":29.0,"enemies":"Book of Stabbing","floor":27.0,"turns":4.0},{"damage":16.0,"enemies":"Snecko","floor":28.0,"turns":4.0},{"damage":17.0,"enemies":"Chosen and Byrds","floor":29.0,"turns":4.0},{"damage":13.0,"enemies":"downfall:FleeingMerchant","floor":30.0,"turns":4.0},{"damage":13.0,"enemies":"3 Cultists","floor":31.0,"turns":4.0},{"damage":20.0,"enemies":"Snake Plant","floor":32.0,"turns":3.0},{"damage":27.0,"enemies":"downfall:CharBossDefect","floor":33.0,"turns":6.0},{"damage":50.0,"enemies":"Reptomancer","floor":36.0,"turns":6.0},{"damage":25.0,"enemies":"3 Shapes","floor":37.0,"turns":3.0},{"damage":4,"enemies":"downfall:FleeingMerchant","floor":38,"turns":1},{"damage":21,"enemies":"Orb Walker","floor":39,"turns":2},{"damage":16,"enemies":"Spire Growth","floor":44,"turns":3},{"damage":24,"enemies":"R_Hoarder","floor":45,"turns":4},{"damage":20,"enemies":"4 Shapes","floor":47,"turns":3},{"damage":25,"enemies":"Sphere and 2 Shapes","floor":49,"turns":3},{"damage":12,"enemies":"downfall:CharBossWatcher","floor":50,"turns":2},{"damage":85,"enemies":"downfall:CharBossMerchant","floor":52,"turns":6},{"damage":97,"enemies":"downfall:NeowBoss","floor":55,"turns":18}],"seed_played":"463297921974756678","potions_obtained":[{"floor":4.0,"key":"Regen Potion"},{"floor":5.0,"key":"ColorlessPotion"},{"floor":12.0,"key":"Milkshake"},{"floor":16.0,"key":"SpeedPotion"},{"floor":28.0,"key":"CultistPotion"},{"floor":29.0,"key":"LifebloodPotion"},{"floor":31.0,"key":"BlessingOfTheForge"},{"floor":36.0,"key":"AttackPotion"},{"floor":37.0,"key":"BlessingOfTheForge"},{"floor":39,"key":"ColorlessPotion"},{"floor":42,"key":"Swift Potion"},{"floor":42,"key":"EntropicBrew"},{"floor":44,"key":"SmokeBomb"},{"floor":52,"key":"Adrenaline Potion"}],"is_trial":false,"path_per_floor":["R","M","?","M","E","$","T","?","R","E","$","M","?","M","M","B",null,"R","$","E","R","?","M","T","R","?","E","M","M","$","M","M","B",null,"R_BF","E","M","$","M","T","T","?","R","M","E","R","M","?","M","B",null,"E","$","R","B"],"character_chosen":"SLIMEBOUND","items_purchased":["Slimebound:LeadByExample","Slimebound:LevelUp","Sling","Omamori","ReplayTheSpireMod:TigerMarble","Membership Card","Anchor","Whetstone","aspiration:HummingbirdHeart"],"campfire_rested":0,"item_purchase_floors":[6,11,38,38,53,53,53,53,53],"current_hp_per_floor":[42,47,47,48,54,60,60,57,57,50,54,51,51,57,59,31,60,60,52,39,39,39,32,32,42,42,31,33,56,69,70,68,70,70,70,58,70,70,70,70,70,70,70,70,64,64,64,64,70,70,70,50,65,65,0,0,0],"gold":45,"neow_bonus":"ONE_RARE_RELIC","is_daily":false,"chose_seed":false,"campfire_upgraded":7,"win_rate":0.0,"timestamp":1608726658,"path_taken":["R","M","?","?","E","?","T","?","R","E","$","M","?","M","M","BOSS","R","$","E","R","?","M","T","R","?","E","M","M","$","M","M","BOSS","R_BF","E","M","$","M","?","T","?","R","M","E","R","?","?","M","BOSS","E","$","R","BOSS"],"items_purchased_type":["Card","Card","Relic","Relic","Relic","Relic","Relic","Relic","Relic"],"build_version":"2020-12-22","purchased_purges":1,"victory":false,"max_hp_per_floor":[60,60,60,60,60,60,60,60,60,60,60,60,60,60,60,60,60,60,60,60,60,60,60,60,70,70,70,70,70,70,70,70,70,70,70,70,70,70,70,70,70,70,70,70,70,70,70,70,70,70,70,70,70,70,70,70,70],"card_choices":[{"not_picked":["Slimebound:ComboTackle","Slimebound:FinishingTackle"],"picked":"Slimebound:SplitBruiser","floor":2.0},{"not_picked":["Slimebound:Prepare","Slimebound:ProtectTheBoss"],"picked":"Slimebound:LeechEnergy","floor":4.0},{"not_picked":["Slimebound:DisruptingSlam","Slimebound:LeechingTouch"],"picked":"Slimebound:LevelUp","floor":5.0},{"not_picked":["Slimebound:RollThrough","Slimebound:SplitAcid"],"picked":"Slimebound:SlimeBrawl","floor":8.0},{"not_picked":["Slimebound:Nibble","Slimebound:LeechingTouch"],"picked":"Slimebound:Gluttony","floor":10.0},{"not_picked":["Slimebound:SamplingLick","Slimebound:LeechEnergy"],"picked":"Slimebound:GoopSpray","floor":12.0},{"not_picked":["Slimebound:SlimeSlap","Slimebound:ViciousTackle","Slimebound:AcidTongue"],"picked":"SKIP","floor":14.0},{"not_picked":["Slimebound:Grow","Slimebound:ViciousTackle"],"picked":"Slimebound:RainOfGoop","floor":15.0},{"not_picked":["Slimebound:MassFeed","Slimebound:MassRepurpose"],"picked":"Slimebound:OozeBath","floor":16.0},{"not_picked":["Slimebound:SpikyOuterGoop","Slimebound:LeadByExample"],"picked":"Slimebound:SplitMire","floor":20.0},{"not_picked":["Slimebound:TongueLash","Slimebound:FinishingTackle"],"picked":"Slimebound:LeechingTouch","floor":23.0},{"not_picked":["Slimebound:SplitMire","Slimebound:GoopSpray"],"picked":"Slimebound:LeechingTouch","floor":27.0},{"not_picked":["Slimebound:GrowthPunch","Slimebound:Nibble+1"],"picked":"Slimebound:LeechLife","floor":28.0},{"not_picked":["Slimebound:Grow","Slimebound:RollThrough","Slimebound:SplitMire"],"picked":"SKIP","floor":29.0},{"not_picked":["Slimebound:RollThrough","Slimebound:ViciousTackle+1","Slimebound:FinishingTackle+1"],"picked":"SKIP","floor":31.0},{"not_picked":["Slimebound:LevelUp","Slimebound:Schlurp"],"picked":"Slimebound:Replication","floor":32.0},{"not_picked":["Offering","Slimebound:OozeBath"],"picked":"Slimebound:SelfFormingGoo","floor":33.0},{"not_picked":["Slimebound:ViciousTackle","Slimebound:SplitAcid"],"picked":"Slimebound:RejuvenatingLick+1","floor":36.0},{"not_picked":["Slimebound:LeechEnergy+1","Slimebound:RejuvenatingLick"],"picked":"Slimebound:LevelUp+1","floor":37.0},{"not_picked":["Slimebound:ViciousTackle+1","Reaper"],"picked":"Slimebound:SplitAcid+1","floor":38},{"not_picked":["Slimebound:SlimeBrawl+1","Slimebound:FinishingTackle+1","Slimebound:SlimeSpikes+1"],"picked":"SKIP","floor":39},{"not_picked":["Slimebound:SplitBruiser+1","Slimebound:ComboTackle","Slimebound:PressTheAttack"],"picked":"SKIP","floor":44},{"not_picked":["Slimebound:MassFeed","Evolve+1","Slimebound:SamplingLick"],"picked":"SKIP","floor":45},{"not_picked":["Slimebound:Replication","Slimebound:FirmFortitude+1","Slimebound:LeechingTouch"],"picked":"SKIP","floor":47},{"not_picked":["Slimebound:SplitMire","Slimebound:Schlurp+1"],"picked":"Slimebound:SlimeBarrage","floor":49},{"not_picked":["Slimebound:SplitLeeching+1","Slimebound:Dissolve+1"],"picked":"Slimebound:SpikyOuterGoop+1","floor":52}],"player_experience":256102,"relics_obtained":[{"floor":5.0,"key":"MealTicket"},{"floor":7.0,"key":"Mummified Hand"},{"floor":8.0,"key":"Odd Mushroom"},{"floor":10.0,"key":"Bag of Marbles"},{"floor":20.0,"key":"Oddly Smooth Stone"},{"floor":27.0,"key":"aspiration:FrozenJewel"},{"floor":36.0,"key":"Replay:Baseball"},{"floor":40,"key":"Lantern"},{"floor":41,"key":"Slimebound:AggressiveSlimeRelic"},{"floor":45,"key":"The Courier"},{"floor":52,"key":"Iron Hammer"}],"event_choices":[{"damage_healed":0.0,"max_hp_gain":0.0,"max_hp_loss":0.0,"gold_gain":0.0,"event_name":"Upgrade Shrine","player_choice":"Upgraded","floor":3.0,"gold_loss":0.0,"damage_taken":0.0,"cards_upgraded":["Slimebound:SplitBruiser"]},{"damage_healed":0.0,"max_hp_gain":0.0,"max_hp_loss":0.0,"gold_gain":0.0,"event_name":"Mushrooms","player_choice":"Fought Mushrooms","floor":8.0,"gold_loss":0.0,"damage_taken":0.0},{"damage_healed":0.0,"max_hp_gain":0.0,"max_hp_loss":0.0,"gold_gain":0.0,"event_name":"Duplicator","player_choice":"Copied","floor":26.0,"gold_loss":0.0,"damage_taken":0.0,"cards_obtained":["Slimebound:OozeBath"]},{"damage_healed":0,"gold_gain":0,"player_choice":"Got Potions","damage_taken":0,"max_hp_gain":0,"max_hp_loss":0,"event_name":"Lab","floor":42,"gold_loss":0},{"cards_removed":["Slimebound:Tackle"],"damage_healed":0,"gold_gain":0,"player_choice":"Purged","damage_taken":0,"max_hp_gain":0,"max_hp_loss":0,"event_name":"Purifier","floor":48,"gold_loss":0}],"is_beta":false,"boss_relics":[{"not_picked":["Snecko Eye","aspiration:IroncladSkillbook"],"picked":"Replay:Wanted Poster"},{"not_picked":["aspiration:SilentSkillbook","Runic Dome"],"picked":"Pandora\u0027s Box"}],"items_purged_floors":[19],"is_endless":false,"potions_floor_spawned":[4,5,12,16,28,29,31,36,37,39,44,52],"killed_by":"downfall:NeowBoss","ascension_level":0}}