{"host":"mwsmbxdngw43p4je","time":1608767542,"event":{"mods":["BaseMod","Better Third Choice","Colored Map","Colored Powertips","DeckTracker","Downfall","Minty Spire (QoL Compilation)","Permanent Neow","Quick Restart","Relic Stats","Replay The Spire","StSLib"],"gold_per_floor":[99,99,117,117,132,132,182,210,222,252,252,268,279,279,290,395,395,395,414,426,444,544,544,569,594,594,235,235,275,289,16,36,132,132,132,145,145,145,159,159,182,182,207,207,42,57,57,57,74,74],"floor_reached":51,"playtime":7437,"items_purged":["Spreading Infection","hexamod:Strike","hexamod:Strike"],"score":894,"play_id":"60dcf66f-7240-4ec5-b86e-c7440367ed2b","local_time":"20201223175222","is_ascension_mode":true,"campfire_choices":[{"data":"hexamod:Sear","floor":1,"key":"SMITH"},{"data":"hexamod:ThermalTransfer","floor":6,"key":"SMITH"},{"floor":11,"key":"REST"},{"data":"hexamod:TimeWarp","floor":18,"key":"SMITH"},{"floor":26,"key":"REST"},{"floor":28,"key":"REST"},{"data":"expansioncontent:DefensiveStance","floor":35,"key":"SMITH"},{"floor":40,"key":"REST"},{"data":"Secret Technique","floor":42,"key":"SMITH"},{"floor":47,"key":"REST"}],"circlet_count":0,"master_deck":["hexamod:Strike","hexamod:Strike","hexamod:Defend","hexamod:Defend","hexamod:Defend","hexamod:Sear+1","hexamod:Float","hexamod:ThermalTransfer+1","hexamod:RainOfEmbers+1","hexamod:SwordOfDarkness","hexamod:PowerFromBeyond","hexamod:SearingWound","hexamod:Firestarter","hexamod:SpectersWail","hexamod:TimeWarp+1","hexamod:Firestarter","hexamod:HauntingEcho","hexamod:SpectersWail","hexamod:DynamicBlow+1","hexamod:UnleashSpirits+1","hexamod:GhostLash+1","Swift Strike+1","hexamod:RainOfEmbers+1","hexamod:NightmareStrike+1","Secret Technique+1","Replay:SS_fish_3+1","expansioncontent:DefensiveStance+1","hexamod:SpectersWail+1","hexamod:GhostLash+1","hexamod:Hexaguard","hexamod:WildfireWeapon","hexamod:RetreatToShadows+1","Mayhem","hexamod:SpectersWail+1","hexamod:ThermalTransfer+1"],"relics":["hexamod:SpiritBrand","Oddly Smooth Stone","Ring of Searing","Ring of Fury","Strawberry","Pet Ghost","Pen Nib","SlaversCollar","Prayer Wheel","hexamod:InflammatoryLetter","Replay:Mystery Machine","Molten Egg 2","Replay:Baseball","ReplayTheSpireMod:ShopPack","Simple Rune","ReplayTheSpireMod:DimensionalGlitch","Bag of Preparation","StoneCalendar"],"acts_visited":["Exordium","TheCity","TheBeyond"],"potions_floor_usage":[10,50,50,50],"damage_taken":[{"damage":10,"enemies":"Small Slimes","floor":3,"turns":3},{"damage":5,"enemies":"2 Louse","floor":5,"turns":2},{"damage":13,"enemies":"3 Sentries","floor":8,"turns":7},{"damage":1,"enemies":"Cultist","floor":9,"turns":3},{"damage":0,"enemies":"Gremlin Nob","floor":10,"turns":3},{"damage":5,"enemies":"Blue Slaver","floor":12,"turns":2},{"damage":10,"enemies":"3 Louse","floor":13,"turns":4},{"damage":0,"enemies":"2 Fungi Beasts","floor":15,"turns":2},{"damage":8,"enemies":"downfall:Defect","floor":16,"turns":4},{"damage":21,"enemies":"Spheric Guardian","floor":19,"turns":4},{"damage":13,"enemies":"3 Byrds","floor":20,"turns":3},{"damage":2,"enemies":"Snake Plant","floor":21,"turns":2},{"damage":6,"enemies":"downfall:Watcher","floor":22,"turns":4},{"damage":4,"enemies":"Book of Stabbing","floor":25,"turns":3},{"damage":2,"enemies":"downfall:FleeingMerchant","floor":27,"turns":4},{"damage":10,"enemies":"downfall:FleeingMerchant","floor":29,"turns":3},{"damage":15,"enemies":"3 Cultists","floor":30,"turns":4},{"damage":4,"enemies":"Chosen and Byrds","floor":32,"turns":3},{"damage":0,"enemies":"downfall:Silent","floor":33,"turns":2},{"damage":38,"enemies":"3 Shapes","floor":36,"turns":4},{"damage":0,"enemies":"Orb Walker","floor":39,"turns":1},{"damage":9,"enemies":"Giant Head","floor":43,"turns":4},{"damage":0,"enemies":"Jaw Worm Horde","floor":46,"turns":3},{"damage":24,"enemies":"Transient","floor":49,"turns":5},{"damage":0,"enemies":"downfall:Watcher","floor":50,"turns":3}],"seed_played":"7885539141041723307","potions_obtained":[{"floor":8,"key":"SteroidPotion"},{"floor":9,"key":"Strength Potion"},{"floor":12,"key":"Reflective Coating"},{"floor":16,"key":"PowerPotion"},{"floor":21,"key":"LiquidMemories"}],"is_trial":false,"path_per_floor":["R","?","M","?","M","R","T","E","M","E","R","M","M","?","M","B",null,"R","M","M","M","?","?","T","E","R","$","R","$","M","$","M","B",null,"R","M","?","?","M","R","T","R","E","?","$","M","R","?","M","B",null],"character_chosen":"THE_SPIRIT","items_purchased":["Replay:Baseball","hexamod:GhostLash+1","Swift Strike+1","hexamod:NightmareStrike+1","ReplayTheSpireMod:ShopPack","Simple Rune","Mayhem"],"campfire_rested":5,"item_purchase_floors":[27,27,27,29,29,31,45],"current_hp_per_floor":[70,70,60,60,55,55,62,49,48,48,71,66,56,56,56,48,77,77,56,43,41,35,35,35,31,54,52,75,65,50,50,46,46,77,77,39,39,39,39,62,62,62,53,53,53,53,76,76,52,52],"gold":74,"neow_bonus":"RANDOM_COMMON_RELIC","is_daily":false,"chose_seed":false,"campfire_upgraded":5,"win_rate":0.0,"timestamp":1608767542,"path_taken":["R","?","M","?","M","R","T","E","M","E","R","M","M","?","M","BOSS","R","M","?","M","?","?","T","E","R","$","R","$","M","?","M","BOSS","R","M","?","?","M","R","T","R","E","?","?","M","R","?","M","BOSS"],"items_purchased_type":["Relic","Card","Card","Card","Relic","Relic","Card"],"build_version":"2020-12-22","purchased_purges":3,"victory":true,"max_hp_per_floor":[70,70,70,70,70,70,77,77,77,77,77,77,77,77,77,77,77,77,77,77,77,77,77,77,77,77,77,77,77,77,77,77,77,77,77,77,77,77,77,77,77,77,77,77,77,77,77,77,77,77],"relic_stats":{"counters":[25,82],"Prayer Wheel":6,"StoneCalendar":[0],"Pen Nib":[15],"Bag of Preparation":[8],"obtain_stats":[{"Oddly Smooth Stone":0,"StoneCalendar":43,"Pen Nib":10,"hexamod:InflammatoryLetter":22,"Bag of Preparation":41,"Replay:Mystery Machine":24,"Pet Ghost":8,"Ring of Searing":2,"SlaversCollar":17,"Replay:Baseball":27,"Strawberry":7,"Ring of Fury":2,"Prayer Wheel":22,"Molten Egg 2":25,"Simple Rune":31,"ReplayTheSpireMod:DimensionalGlitch":34,"hexamod:SpiritBrand":0,"ReplayTheSpireMod:ShopPack":29},{"Oddly Smooth Stone":0,"StoneCalendar":22,"Pen Nib":5,"hexamod:InflammatoryLetter":13,"Bag of Preparation":21,"Replay:Mystery Machine":13,"Pet Ghost":3,"Ring of Searing":0,"SlaversCollar":9,"Replay:Baseball":15,"Strawberry":2,"Ring of Fury":0,"Prayer Wheel":13,"Molten Egg 2":14,"Simple Rune":17,"ReplayTheSpireMod:DimensionalGlitch":19,"hexamod:SpiritBrand":0,"ReplayTheSpireMod:ShopPack":16},{"Oddly Smooth Stone":0,"StoneCalendar":71,"Pen Nib":18,"hexamod:InflammatoryLetter":43,"Bag of Preparation":67,"Replay:Mystery Machine":43,"Pet Ghost":12,"Ring of Searing":0,"SlaversCollar":30,"Replay:Baseball":50,"Strawberry":5,"Ring of Fury":0,"Prayer Wheel":43,"Molten Egg 2":46,"Simple Rune":57,"ReplayTheSpireMod:DimensionalGlitch":62,"hexamod:SpiritBrand":0,"ReplayTheSpireMod:ShopPack":53}]},"card_choices":[{"not_picked":["hexamod:BacktrackSmack","hexamod:SkipABeat"],"picked":"hexamod:ThermalTransfer","floor":3},{"not_picked":["hexamod:HeatShield","hexamod:FourthSeal"],"picked":"hexamod:RainOfEmbers","floor":5},{"not_picked":["hexamod:FourthSeal","hexamod:BurningTouch","hexamod:PhantomCloak"],"picked":"SKIP","floor":8},{"not_picked":["hexamod:GhostShield","hexamod:FourthSeal"],"picked":"hexamod:SwordOfDarkness","floor":9},{"not_picked":["hexamod:BurningTouch","hexamod:GhostShield"],"picked":"hexamod:PowerFromBeyond","floor":10},{"not_picked":["hexamod:GhostflameBarrier","hexamod:NightmareGuise"],"picked":"hexamod:SearingWound","floor":12},{"not_picked":["hexamod:ShieldOfDarkness","hexamod:FourthSeal"],"picked":"hexamod:Firestarter","floor":13},{"not_picked":["hexamod:InspiringFlames","hexamod:AdvancingGuard"],"picked":"hexamod:SpectersWail","floor":15},{"not_picked":["hexamod:CrushingStance","hexamod:UnleashSpirits"],"picked":"hexamod:TimeWarp","floor":16},{"not_picked":["hexamod:SkipABeat","hexamod:PowerFromBeyond"],"picked":"hexamod:Firestarter","floor":19},{"not_picked":["hexamod:InspiringFlames","hexamod:Hexaguard+1"],"picked":"hexamod:HauntingEcho","floor":20},{"not_picked":["hexamod:FlamesFromBeyond","hexamod:SpectralAdrenaline"],"picked":"hexamod:SpectersWail","floor":21},{"not_picked":["hexamod:GhostOfSpirePresent+1","hexamod:BurningTouch"],"picked":"hexamod:DynamicBlow+1","floor":22},{"not_picked":["hexamod:NightmareGuise","hexamod:GhostShield","hexamod:RecurringNightmare+1"],"picked":"SKIP","floor":25},{"not_picked":["hexamod:GhostOfSpirePresent","hexamod:Firestarter+1"],"picked":"hexamod:UnleashSpirits+1","floor":27},{"not_picked":["hexamod:BurningTouch+1","hexamod:FirstSeal"],"picked":"hexamod:RainOfEmbers+1","floor":29},{"not_picked":["Chrysalis","Thinking Ahead"],"picked":"Secret Technique","floor":29},{"not_picked":["ReplayTheSpireMod:Trickstab","Forethought"],"picked":"Replay:SS_fish_3","floor":29},{"not_picked":["expansioncontent:TimeRipple","Deep Breath"],"picked":"expansioncontent:DefensiveStance","floor":29},{"not_picked":["hexamod:GhostOfSpirePast","hexamod:GhostShield"],"picked":"hexamod:SpectersWail+1","floor":30},{"not_picked":["hexamod:DynamicBlow+1","hexamod:HauntingEcho+1"],"picked":"hexamod:GhostLash+1","floor":30},{"not_picked":["hexamod:GhostLash+1","hexamod:GhostShield"],"picked":"hexamod:Hexaguard","floor":32},{"not_picked":["hexamod:GhostLash+1","hexamod:SkipABeat","hexamod:ThermalTransfer+1"],"picked":"SKIP","floor":32},{"not_picked":["hexamod:GiftsFromTheDead","hexamod:SixthSeal"],"picked":"hexamod:WildfireWeapon","floor":33},{"not_picked":["hexamod:BurningTouch+1","hexamod:RecurringNightmare+1","hexamod:ShieldOfDarkness"],"picked":"SKIP","floor":36},{"not_picked":["hexamod:NightmareStrike+1","hexamod:GhostShield+1","hexamod:AdvancingGuard+1"],"picked":"SKIP","floor":36},{"not_picked":["hexamod:DynamicBlow+1","hexamod:ShieldOfDarkness+1"],"picked":"hexamod:RetreatToShadows+1","floor":39},{"not_picked":["hexamod:HeatMetal+1","hexamod:ShieldOfDarkness+1","hexamod:Firestarter+1"],"picked":"SKIP","floor":39},{"not_picked":["hexamod:SpectralAdrenaline+1","hexamod:ParanormalForm","hexamod:RadiantFlame+1"],"picked":"SKIP","floor":43},{"not_picked":["hexamod:Again+1","hexamod:ThermalTransfer+1"],"picked":"hexamod:SpectersWail+1","floor":46},{"not_picked":["hexamod:RecurringNightmare","hexamod:HeatMetal+1","hexamod:SwordOfDarkness+1"],"picked":"SKIP","floor":46},{"not_picked":["hexamod:Hexaguard","hexamod:PhantomFireball+1"],"picked":"hexamod:ThermalTransfer+1","floor":49},{"not_picked":["hexamod:DynamicBlow+1","hexamod:ThermalTransfer+1","hexamod:HauntingEcho+1"],"picked":"SKIP","floor":49}],"player_experience":418837,"relics_obtained":[{"floor":2,"key":"Ring of Searing"},{"floor":2,"key":"Ring of Fury"},{"floor":7,"key":"Strawberry"},{"floor":8,"key":"Pet Ghost"},{"floor":10,"key":"Pen Nib"},{"floor":22,"key":"Prayer Wheel"},{"floor":22,"key":"hexamod:InflammatoryLetter"},{"floor":24,"key":"Replay:Mystery Machine"},{"floor":25,"key":"Molten Egg 2"},{"floor":41,"key":"Bag of Preparation"},{"floor":43,"key":"StoneCalendar"}],"event_choices":[{"damage_healed":0,"gold_gain":0,"player_choice":"Upgraded","damage_taken":0,"max_hp_gain":0,"max_hp_loss":0,"event_name":"Upgrade Shrine","floor":14,"gold_loss":0,"cards_upgraded":["hexamod:RainOfEmbers"]}],"is_beta":false,"boss_relics":[{"not_picked":["Runic Pyramid","Pandora\u0027s Box"],"picked":"SlaversCollar"},{"not_picked":["Tiny House","Kintsugi"],"picked":"ReplayTheSpireMod:DimensionalGlitch"}],"items_purged_floors":[27,29,31],"is_endless":false,"potions_floor_spawned":[8,9,12,16,21,22,32,33,36,39],"ascension_level":1}}