{"host":"byu8oejwd0fdcxn8","time":1608717231,"event":{"mods":["Act Like it!","Arknights The Spire","Aspiration","Astrologer","BaseMod","Colored Map","Lobotomy","LobotomyExtend","Minty Spire (QoL Compilation)","StSLib"],"gold_per_floor":[114,128,128,154,175,211,211,229,229,229,229,252,252,6,6,6,6],"floor_reached":16,"playtime":1031,"items_purged":[],"score":100,"play_id":"a630245f-8522-4dc5-963c-9c9e2da90781","local_time":"20201223185351","is_ascension_mode":false,"campfire_choices":[{"data":"astrologer:SolarFlare","floor":7,"key":"SMITH"},{"data":"astrologer:SolarFlare","floor":10,"key":"SMITH"},{"data":"astrologer:StarOfChange","floor":13,"key":"SMITH"},{"data":"astrologer:TheHangedMan","floor":15,"key":"SMITH"}],"circlet_count":0,"master_deck":["astrologer:Strike","astrologer:Strike","astrologer:Strike","astrologer:Strike","astrologer:Defend","astrologer:Defend","astrologer:Defend","astrologer:Defend+1","astrologer:NorthStar+1","astrologer:TheFool","astrologer:SpaceDust","astrologer:FrozenStar","astrologer:SolarFlare+1","astrologer:SolarFlare+1","astrologer:FrozenStar","Regret","astrologer:StarOfChange+1","astrologer:TheHangedMan+1","astrologer:Eclipse"],"relics":["astrologer:SkyMirror","War Paint","LetterFromLob","Golden Idol","Anchor","Lantern","Vajra","aspiration:SeaSaltIceCream","aspiration:Nostalgia","Ring of the Snake","TheAbacus"],"acts_visited":["Exordium"],"potions_floor_usage":[8,16,16],"damage_taken":[{"damage":0,"enemies":"Small Slimes","floor":1,"turns":4},{"damage":0,"enemies":"Jaw Worm","floor":2,"turns":4},{"damage":4,"enemies":"Cultist","floor":5,"turns":4},{"damage":25,"enemies":"3 Sentries","floor":6,"turns":15},{"damage":5,"enemies":"Looter","floor":8,"turns":4},{"damage":4,"enemies":"Large Slime","floor":12,"turns":7},{"damage":18,"enemies":"The Guardian","floor":16,"turns":11}],"seed_played":"-943517224268530252","potions_obtained":[{"floor":1,"key":"Fire Potion"},{"floor":8,"key":"Swift Potion"},{"floor":12,"key":"Energy Potion"}],"is_trial":false,"path_per_floor":["M","M","?","T","M","E","R","M","T","R","?","M","R","$","R","B"],"character_chosen":"ASTROLOGER","items_purchased":["TheAbacus","astrologer:TheHangedMan","astrologer:Eclipse"],"campfire_rested":0,"item_purchase_floors":[14,14,14],"current_hp_per_floor":[70,70,53,53,49,24,24,19,19,19,19,15,15,15,15,0,0],"gold":6,"neow_bonus":"RANDOM_COMMON_RELIC","is_daily":false,"chose_seed":false,"campfire_upgraded":4,"win_rate":0.0,"timestamp":1608717231,"path_taken":["M","M","?","?","?","E","R","M","T","R","?","M","R","$","R","BOSS"],"items_purchased_type":["Relic","Card","Card"],"build_version":"2020-12-22","purchased_purges":0,"victory":false,"max_hp_per_floor":[70,70,70,70,70,70,70,70,70,70,70,70,70,70,70,70,70],"card_choices":[{"not_picked":["astrologer:Stardust","astrologer:Divination"],"picked":"astrologer:SpaceDust","floor":1},{"not_picked":["astrologer:Eclipse","astrologer:Stardust"],"picked":"astrologer:FrozenStar","floor":2},{"not_picked":["astrologer:NeutronStar","astrologer:TheEmperor"],"picked":"astrologer:SolarFlare","floor":5},{"not_picked":["astrologer:Opposition","astrologer:StarOfCourage"],"picked":"astrologer:SolarFlare","floor":6},{"not_picked":["astrologer:Divination","astrologer:Eclipse"],"picked":"astrologer:FrozenStar","floor":8},{"not_picked":["astrologer:Premonition","astrologer:Conjunction"],"picked":"astrologer:StarOfChange","floor":12}],"player_experience":1067738,"relics_obtained":[{"floor":1,"key":"LetterFromLob"},{"floor":4,"key":"Anchor"},{"floor":6,"key":"Lantern"},{"floor":9,"key":"Vajra"}],"event_choices":[{"damage_healed":0,"gold_gain":0,"player_choice":"Take Damage","damage_taken":17,"relics_obtained":["Golden Idol"],"max_hp_gain":0,"max_hp_loss":0,"event_name":"Golden Idol","floor":3,"gold_loss":0},{"damage_healed":0,"gold_gain":0,"player_choice":"Box","damage_taken":0,"relics_obtained":["aspiration:SeaSaltIceCream"],"max_hp_gain":0,"max_hp_loss":0,"event_name":"Big Fish","floor":11,"gold_loss":0,"cards_obtained":["Regret"]}],"is_beta":false,"boss_relics":[],"items_purged_floors":[],"is_endless":false,"potions_floor_spawned":[1,8,12],"killed_by":"The Guardian","ascension_level":0}}