{"host":"fjaupvxe7fzqrf4j","time":1608698519,"event":{"mods":["BaseMod","Minty Spire (QoL Compilation)","StSLib"],"gold_per_floor":[119,44,44,64,64,94,94,128,155,183,214,253,340,352,364,451,463,485,497,509,521,563,604,641,688,700,742,780,803,847,959,971,1056,1068,1091,2102,1753,1766,1766,1794,1823,1849,1849,1877,1902,1545,1545,1142,1142,1142,1142,1142,1142,610,640,640],"floor_reached":57,"playtime":1656,"items_purged":["Backflip","Normality","Normality","Blade Dance","Backflip"],"score":4484,"play_id":"8ef4f8b2-f1b2-4566-a979-0ee814691edd","local_time":"20201223124159","daily_mods":["SealedDeck","Heirloom","Time Dilation","Flight","Elite Swarm"],"is_ascension_mode":true,"campfire_choices":[{"data":"Tactician","floor":7,"key":"SMITH"},{"data":"Acrobatics","floor":15,"key":"SMITH"},{"data":"Accuracy","floor":32,"key":"SMITH"},{"floor":49,"key":"RECALL"},{"data":"Blade Dance","floor":53,"key":"SMITH"}],"circlet_count":0,"master_deck":["AscendersBane","Acrobatics","Blade Dance+1","Backflip","Tactician+1","Acrobatics+1","Adrenaline","Terror","Accuracy+1","After Image","Accuracy","Well Laid Plans+1"],"relics":["Ring of the Snake","Thread and Needle","Smiling Mask","Anchor","Potion Belt","Boot","MawBank","Pantograph","WristBlade","Nilry\u0027s Codex","Red Mask","Akabeko","White Beast Statue","TungstenRod","Sundial","Lizard Tail","Orichalcum","Gremlin Horn","Tough Bandages","Meat on the Bone","HoveringKite","Membership Card","Question Card","Mummified Hand","StoneCalendar","Frozen Egg 2","InkBottle","Bird Faced Urn","Bottled Lightning","ClockworkSouvenir","Pen Nib","Paper Crane","Medical Kit","Letter Opener","Mercury Hourglass","CaptainsWheel","Blue Candle","Toolbox","The Specimen"],"acts_visited":["Exordium","TheCity","TheBeyond","TheEnding"],"potions_floor_usage":[56,56,56],"damage_taken":[{"damage":0,"enemies":"2 Louse","floor":1,"turns":1},{"damage":0,"enemies":"Cultist","floor":4,"turns":1},{"damage":0,"enemies":"Lagavulin","floor":6,"turns":2},{"damage":0,"enemies":"3 Sentries","floor":8,"turns":1},{"damage":0,"enemies":"Lagavulin","floor":10,"turns":1},{"damage":0,"enemies":"Gremlin Nob","floor":11,"turns":1},{"damage":0,"enemies":"3 Sentries","floor":12,"turns":1},{"damage":0,"enemies":"Slime Boss","floor":16,"turns":1},{"damage":0,"enemies":"2 Thieves","floor":18,"turns":1},{"damage":0,"enemies":"Masked Bandits","floor":22,"turns":1},{"damage":0,"enemies":"Gremlin Leader","floor":23,"turns":1},{"damage":0,"enemies":"Book of Stabbing","floor":24,"turns":1},{"damage":0,"enemies":"Gremlin Leader","floor":25,"turns":1},{"damage":0,"enemies":"Book of Stabbing","floor":27,"turns":1},{"damage":0,"enemies":"Slavers","floor":28,"turns":1},{"damage":0,"enemies":"Chosen","floor":29,"turns":1},{"damage":0,"enemies":"Book of Stabbing","floor":30,"turns":1},{"damage":0,"enemies":"Colosseum Slavers","floor":31,"turns":2},{"damage":0,"enemies":"Colosseum Nobs","floor":31,"turns":1},{"damage":0,"enemies":"Automaton","floor":33,"turns":1},{"damage":0,"enemies":"3 Darklings","floor":35,"turns":1},{"damage":0,"enemies":"Orb Walker","floor":38,"turns":2},{"damage":0,"enemies":"Reptomancer","floor":40,"turns":1},{"damage":0,"enemies":"Giant Head","floor":41,"turns":3},{"damage":0,"enemies":"Nemesis","floor":42,"turns":1},{"damage":0,"enemies":"Giant Head","floor":44,"turns":1},{"damage":0,"enemies":"Reptomancer","floor":45,"turns":1},{"damage":0,"enemies":"Awakened One","floor":50,"turns":2},{"damage":0,"enemies":"Donu and Deca","floor":51,"turns":1},{"damage":0,"enemies":"Shield and Spear","floor":55,"turns":1},{"damage":0,"enemies":"The Heart","floor":56,"turns":4}],"seed_played":"-9097210614572585928","potions_obtained":[{"floor":1,"key":"SteroidPotion"},{"floor":11,"key":"SteroidPotion"},{"floor":16,"key":"CultistPotion"},{"floor":22,"key":"FearPotion"},{"floor":25,"key":"Ancient Potion"},{"floor":27,"key":"ColorlessPotion"},{"floor":28,"key":"Ancient Potion"},{"floor":55,"key":"DuplicationPotion"}],"is_trial":true,"path_per_floor":["M","$","?","M","?","E","R","E","T","E","E","E","?","T","R","B",null,"M","?","$","$","?","E","E","E","T","E","E","M","E","?","R","B",null,"M","?","$","M","?","E","E","E","T","E","E","$","?","$","R","B","B",null,"R","$","E","B",null],"character_chosen":"THE_SILENT","items_purchased":["Membership Card","Question Card","ClockworkSouvenir","Pen Nib","Paper Crane","Medical Kit","Letter Opener","Mercury Hourglass","CaptainsWheel","Blue Candle","Well Laid Plans+1","Toolbox","GamblersBrew","Strength Potion"],"campfire_rested":0,"item_purchase_floors":[37,37,46,46,46,48,48,48,54,54,54,54,54,54],"current_hp_per_floor":[59,59,59,59,52,52,52,52,52,52,52,52,41,41,41,66,66,66,45,45,45,45,45,45,45,45,45,45,45,45,45,45,66,66,66,66,66,66,63,63,63,63,63,63,63,63,63,63,63,63,63,63,63,63,63,63],"gold":640,"neow_bonus":"","is_daily":false,"chose_seed":false,"campfire_upgraded":4,"win_rate":0.0,"timestamp":1608698519,"path_taken":["M","$","?","?","?","E","R","E","T","E","E","E","?","?","R","BOSS","M","?","$","$","?","E","E","E","T","E","E","?","E","?","R","BOSS","M","?","$","M","?","E","E","E","T","E","E","$","?","?","R","BOSS","BOSS","R","$","E","BOSS"],"items_purchased_type":["Relic","Relic","Relic","Relic","Relic","Relic","Relic","Relic","Relic","Relic","Card","Relic","Potion","Potion"],"build_version":"2020-12-13","purchased_purges":5,"victory":true,"max_hp_per_floor":[66,66,66,66,66,66,66,66,66,66,66,66,66,66,66,66,66,66,66,66,66,66,66,66,66,66,66,66,66,66,66,66,66,66,66,66,66,66,63,63,63,63,63,63,63,63,63,63,63,63,63,63,63,63,63,63],"card_choices":[{"not_picked":["Underhanded Strike","Dash"],"picked":"Acrobatics","floor":1},{"not_picked":["Dodge and Roll","Wraith Form v2","Poisoned Stab"],"picked":"SKIP","floor":4},{"not_picked":["Glass Knife","Corpse Explosion","Night Terror"],"picked":"SKIP","floor":6},{"not_picked":["Burst","Phantasmal Killer","Unload"],"picked":"SKIP","floor":8},{"not_picked":["A Thousand Cuts","Die Die Die"],"picked":"Adrenaline","floor":10},{"not_picked":["Storm of Steel","Burst","Bullet Time"],"picked":"SKIP","floor":11},{"not_picked":["Phantasmal Killer","Malaise","Venomology"],"picked":"SKIP","floor":12},{"not_picked":["Dagger Spray","Well Laid Plans"],"picked":"Terror","floor":18},{"not_picked":["Burst","Storm of Steel","Envenom"],"picked":"SKIP","floor":23},{"not_picked":["Bullet Time","Unload","Envenom"],"picked":"SKIP","floor":24},{"not_picked":["Die Die Die","Malaise","Glass Knife"],"picked":"SKIP","floor":25},{"not_picked":["Night Terror","Burst","Tools of the Trade"],"picked":"SKIP","floor":27},{"not_picked":["Venomology","Malaise","Burst"],"picked":"SKIP","floor":28},{"not_picked":["Predator","Catalyst"],"picked":"Accuracy","floor":29},{"not_picked":["Night Terror","Grand Finale"],"picked":"After Image","floor":30},{"not_picked":["Blade Dance","PiercingWail"],"picked":"Accuracy","floor":35},{"not_picked":["Setup","Acrobatics","Outmaneuver","Blade Dance+1"],"picked":"SKIP","floor":38},{"not_picked":["Bullet Time","Malaise","Adrenaline","After Image"],"picked":"SKIP","floor":40},{"not_picked":["Adrenaline","Night Terror","Tools of the Trade","Burst"],"picked":"SKIP","floor":41},{"not_picked":["Glass Knife","Storm of Steel","A Thousand Cuts+1","Venomology"],"picked":"SKIP","floor":42},{"not_picked":["Corpse Explosion","Bullet Time","Storm of Steel","Adrenaline"],"picked":"SKIP","floor":44},{"not_picked":["Malaise","Bullet Time","Phantasmal Killer","After Image+1"],"picked":"SKIP","floor":45},{"not_picked":["Corpse Explosion","Bullet Time","Burst","Unload"],"picked":"SKIP","floor":55}],"player_experience":246240,"relics_obtained":[{"floor":6,"key":"Smiling Mask"},{"floor":8,"key":"Anchor"},{"floor":9,"key":"Potion Belt"},{"floor":10,"key":"Boot"},{"floor":11,"key":"MawBank"},{"floor":12,"key":"Pantograph"},{"floor":19,"key":"Nilry\u0027s Codex"},{"floor":22,"key":"Red Mask"},{"floor":23,"key":"Akabeko"},{"floor":24,"key":"White Beast Statue"},{"floor":25,"key":"TungstenRod"},{"floor":26,"key":"Sundial"},{"floor":27,"key":"Lizard Tail"},{"floor":28,"key":"Orichalcum"},{"floor":30,"key":"Gremlin Horn"},{"floor":31,"key":"Tough Bandages"},{"floor":31,"key":"Meat on the Bone"},{"floor":40,"key":"Mummified Hand"},{"floor":41,"key":"StoneCalendar"},{"floor":42,"key":"Frozen Egg 2"},{"floor":43,"key":"InkBottle"},{"floor":44,"key":"Bird Faced Urn"},{"floor":45,"key":"Bottled Lightning"},{"floor":55,"key":"The Specimen"}],"event_choices":[{"cards_removed":["Masterful Stab"],"damage_healed":0,"gold_gain":0,"player_choice":"Card Removal","damage_taken":0,"max_hp_gain":0,"max_hp_loss":0,"event_name":"Wheel of Change","floor":3,"gold_loss":0},{"cards_removed":["Dagger Throw"],"damage_healed":0,"gold_gain":0,"player_choice":"Card Removal","damage_taken":7,"max_hp_gain":0,"max_hp_loss":0,"event_name":"Golden Wing","floor":5,"gold_loss":0},{"damage_healed":0,"gold_gain":75,"player_choice":"Gather Gold","damage_taken":11,"max_hp_gain":0,"max_hp_loss":0,"event_name":"World of Goop","floor":13,"gold_loss":0},{"damage_healed":0,"gold_gain":0,"player_choice":"Obtained Book","damage_taken":21,"max_hp_gain":0,"max_hp_loss":0,"event_name":"Cursed Tome","floor":19,"gold_loss":0},{"damage_healed":0,"gold_gain":0,"player_choice":"Fought Bandits","damage_taken":0,"max_hp_gain":0,"max_hp_loss":0,"event_name":"Masked Bandits","floor":22,"gold_loss":0},{"damage_healed":0,"gold_gain":0,"player_choice":"Fight","damage_taken":0,"max_hp_gain":0,"max_hp_loss":0,"event_name":"Colosseum","floor":31,"gold_loss":0},{"damage_healed":0,"gold_gain":0,"player_choice":"Fought Nobs","damage_taken":0,"max_hp_gain":0,"max_hp_loss":0,"event_name":"Colosseum","floor":31,"gold_loss":0},{"damage_healed":0,"gold_gain":999,"player_choice":"Gold","damage_taken":0,"max_hp_gain":0,"max_hp_loss":0,"event_name":"MindBloom","floor":36,"gold_loss":0,"cards_obtained":["Normality","Normality"]},{"damage_healed":0,"gold_gain":0,"player_choice":"Max HP","damage_taken":0,"max_hp_gain":0,"max_hp_loss":3,"event_name":"Winding Halls","floor":39,"gold_loss":0},{"cards_removed":["Escape Plan"],"damage_healed":0,"gold_gain":0,"player_choice":"Removed Skill","damage_taken":0,"max_hp_gain":0,"max_hp_loss":0,"event_name":"Falling","floor":47,"gold_loss":0}],"is_beta":false,"boss_relics":[{"not_picked":["Velvet Choker","SlaversCollar"],"picked":"WristBlade"},{"not_picked":["SacredBark","Empty Cage"],"picked":"HoveringKite"}],"items_purged_floors":[2,37,46,48,54],"is_endless":false,"potions_floor_spawned":[1,11,16,22,25,27,28,29,30,31,31,33,35,38,40,41,42,44,45,55],"ascension_level":20}}