{"host":"m6aaltr68g9tvoay","time":1608764202,"event":{"mods":["AchievementEnabler","BaseMod","Colored Map","Minty Spire (QoL Compilation)","StSLib"],"gold_per_floor":[111,111,122,172,188,188,205,230,230,230,240,240,46,65,65,143,143,161,47,57,57,57,57],"floor_reached":22,"playtime":694,"items_purged":[],"score":363,"play_id":"c3f1d61f-bea1-4435-9442-c35d0a70e395","local_time":"20201223145642","is_ascension_mode":true,"campfire_choices":[{"floor":6,"key":"REST"},{"data":"Static Discharge","floor":10,"key":"SMITH"},{"floor":12,"key":"REST"},{"floor":15,"key":"REST"}],"circlet_count":0,"master_deck":["AscendersBane","Strike_B","Strike_B","Defend_B","Defend_B","Defend_B","Zap","Dualcast","Genetic Algorithm","Melter","Lockon","FTL","Static Discharge+1","White Noise","Barrage","Conserve Battery","Thunder Strike","Ball Lightning+1","Steam+1","Darkness+1","Rebound","Defragment+1","Go for the Eyes"],"relics":["Cracked Core","Centennial Puzzle","Happy Flower","Frozen Egg 2","Regal Pillow","Nloth\u0027s Gift"],"acts_visited":["Exordium","TheCity"],"potions_floor_usage":[8],"damage_taken":[{"damage":1,"enemies":"Cultist","floor":1,"turns":3},{"damage":13,"enemies":"Jaw Worm","floor":3,"turns":4},{"damage":5,"enemies":"Small Slimes","floor":5,"turns":3},{"damage":6,"enemies":"Blue Slaver","floor":7,"turns":3},{"damage":20,"enemies":"3 Sentries","floor":8,"turns":7},{"damage":18,"enemies":"Exordium Thugs","floor":11,"turns":3},{"damage":0,"enemies":"Large Slime","floor":14,"turns":4},{"damage":39,"enemies":"The Guardian","floor":16,"turns":7},{"damage":30,"enemies":"2 Thieves","floor":18,"turns":4},{"damage":4,"enemies":"Chosen","floor":20,"turns":3},{"damage":28,"enemies":"Snecko","floor":22,"turns":4}],"seed_played":"-1964806101302138714","potions_obtained":[{"floor":3,"key":"Fire Potion"},{"floor":7,"key":"Ancient Potion"},{"floor":8,"key":"Energy Potion"}],"is_trial":false,"path_per_floor":["M","?","M","?","M","R","M","E","T","R","M","R","$","M","R","B",null,"M","$","M","?","M"],"character_chosen":"DEFECT","items_purchased":["Regal Pillow","Barrage","Defragment+1","Go for the Eyes"],"campfire_rested":3,"item_purchase_floors":[13,13,19,19],"current_hp_per_floor":[63,63,50,50,45,66,60,40,40,40,22,43,43,43,71,32,61,31,31,27,27,0,0],"gold":57,"neow_bonus":"RANDOM_COMMON_RELIC","is_daily":false,"chose_seed":false,"campfire_upgraded":1,"win_rate":0.0,"timestamp":1608764202,"path_taken":["M","?","M","?","M","R","M","E","T","R","M","R","$","M","R","BOSS","M","$","M","?","M"],"items_purchased_type":["Relic","Card","Card","Card"],"build_version":"2020-12-22","purchased_purges":0,"victory":false,"max_hp_per_floor":[71,71,71,71,71,71,71,71,71,71,71,71,71,71,71,71,71,71,71,71,71,71,71],"card_choices":[{"not_picked":["Leap","Stack"],"picked":"Genetic Algorithm","floor":1},{"not_picked":["Compile Driver","Barrage"],"picked":"Melter","floor":3},{"not_picked":["Steam","Doom and Gloom"],"picked":"Lockon","floor":5},{"not_picked":["Multi-Cast","Steam"],"picked":"FTL","floor":7},{"not_picked":["Stack","Turbo"],"picked":"Static Discharge","floor":8},{"not_picked":["Stack","Hologram"],"picked":"White Noise","floor":11},{"not_picked":["Go for the Eyes","Heatsinks+1"],"picked":"Conserve Battery","floor":14},{"not_picked":["Meteor Strike","Rainbow"],"picked":"Thunder Strike","floor":16},{"not_picked":["Steam","Sweeping Beam"],"picked":"Rebound","floor":18},{"not_picked":["Steam","Barrage","Blizzard"],"picked":"SKIP","floor":20}],"player_experience":1299856,"relics_obtained":[{"floor":8,"key":"Happy Flower"},{"floor":9,"key":"Frozen Egg 2"}],"event_choices":[{"damage_healed":0,"gold_gain":0,"player_choice":"Ignored","damage_taken":0,"max_hp_gain":0,"max_hp_loss":0,"event_name":"Shining Light","floor":2,"gold_loss":0},{"damage_healed":0,"gold_gain":50,"player_choice":"Pray","damage_taken":0,"max_hp_gain":0,"max_hp_loss":0,"event_name":"Golden Shrine","floor":4,"gold_loss":0},{"damage_healed":0,"gold_gain":0,"player_choice":"Traded Relic","damage_taken":0,"relics_obtained":["Nloth\u0027s Gift"],"max_hp_gain":0,"max_hp_loss":0,"event_name":"N\u0027loth","floor":21,"relics_lost":["Astrolabe"],"gold_loss":0}],"is_beta":false,"boss_relics":[{"not_picked":["Snecko Eye","Sozu"],"picked":"Astrolabe"}],"items_purged_floors":[],"is_endless":false,"potions_floor_spawned":[3,7,8,16,18,20],"killed_by":"Snecko","ascension_level":19}}