{"host":"ufl0k2so27eic2iy","time":1608739204,"event":{"mods":["BaseMod","Minty Spire (QoL Compilation)","StSLib","The Animator"],"gold_per_floor":[111,20,46,79,90,90,124,124,124,124,124,135,100,1,1,90,90,101,113,127,127,127],"floor_reached":21,"playtime":823,"items_purged":["animator:Strike"],"score":313,"play_id":"4b99519e-016c-4fa7-8ad7-2457ce1cf547","local_time":"20201223160004","is_ascension_mode":true,"campfire_choices":[{"data":"animator:YunYun","floor":6,"key":"SMITH"},{"data":"animator:KyokoSakura","floor":8,"key":"SMITH"},{"data":"animator:IrohaTamaki","floor":10,"key":"SMITH"},{"data":"animator:ElricEdward","floor":15,"key":"SMITH"}],"circlet_count":0,"master_deck":["AscendersBane","animator:Defend_MadokaMagica","animator:Strike","animator:Strike","animator:Defend","animator:Defend","animator:Defend","animator:IrohaTamaki+1","animator:YuiTsuruno","animator:Envy","animator:Gillette","animator:YunYun+1","animator:MarisaKirisame","animator:KyokoSakura+1","animator:YachiyoNanami","animator:Gillette","animator:ElricEdward+1","animator:MadokaKaname","CurseOfTheBell","animator:YuiTsuruno","animator:YuukaKazami"],"relics":["animator:LivingPicture","animator:TheMissingPiece","Dead Branch","Orichalcum","Red Skull","Calling Bell","Nunchaku","Pantograph","Charon\u0027s Ashes"],"acts_visited":["Exordium","TheCity"],"potions_floor_usage":[16],"damage_taken":[{"damage":2,"enemies":"Jaw Worm","floor":1,"turns":4},{"damage":0,"enemies":"Small Slimes","floor":3,"turns":3},{"damage":3,"enemies":"2 Louse","floor":5,"turns":2},{"damage":18,"enemies":"Lagavulin","floor":7,"turns":5},{"damage":0,"enemies":"2 Fungi Beasts","floor":12,"turns":2},{"damage":22,"enemies":"Slime Boss","floor":16,"turns":8},{"damage":19,"enemies":"Shell Parasite","floor":18,"turns":6},{"damage":11,"enemies":"2 Thieves","floor":19,"turns":3},{"damage":18,"enemies":"Snake Plant","floor":20,"turns":3},{"damage":8,"enemies":"Snecko","floor":21,"turns":2}],"seed_played":"659326717022373511","potions_obtained":[{"floor":7,"key":"DuplicationPotion"},{"floor":20,"key":"Explosive Potion"}],"is_trial":false,"path_per_floor":["M","$","M","?","M","R","E","R","T","R","?","M","?","$","R","B",null,"M","M","M","M"],"character_chosen":"THE_ANIMATOR","items_purchased":["animator:YunYun","animator:MarisaKirisame","animator:ElricEdward"],"campfire_rested":0,"item_purchase_floors":[2,2,14],"current_hp_per_floor":[52,52,52,52,49,49,32,32,32,32,14,14,29,29,29,7,48,29,21,3,0,0],"gold":127,"neow_bonus":"ONE_RANDOM_RARE_CARD","is_daily":false,"chose_seed":true,"campfire_upgraded":4,"win_rate":0.0,"timestamp":1608739204,"path_taken":["M","$","M","?","M","R","E","R","T","R","?","M","?","$","R","BOSS","M","M","M","M"],"items_purchased_type":["Card","Card","Card"],"build_version":"2020-12-22","purchased_purges":1,"victory":false,"max_hp_per_floor":[60,60,60,60,60,60,61,61,61,61,61,61,61,61,61,61,61,61,61,61,61,61],"card_choices":[{"not_picked":["animator:IrohaTamaki","animator:ElricAlphonse"],"picked":"animator:Gillette","floor":1},{"not_picked":["animator:Layla","animator:Chris"],"picked":"animator:KyokoSakura","floor":3},{"not_picked":["animator:KyokoSakura","animator:Vanir","animator:Clownpiece"],"picked":"SKIP","floor":5},{"not_picked":["animator:KyokoSakura","animator:YuiTsuruno"],"picked":"animator:YachiyoNanami","floor":7},{"not_picked":["animator:Tyuule","animator:Berserker"],"picked":"animator:Gillette","floor":12},{"not_picked":["animator:YukariYakumo","animator:Wiz"],"picked":"animator:MadokaKaname","floor":16},{"not_picked":["animator:ReimuHakurei","animator:ElricAlphonse","animator:Sloth"],"picked":"SKIP","floor":18},{"not_picked":["animator:Tyuule+1","animator:SanaeKochiya"],"picked":"animator:YuiTsuruno","floor":19},{"not_picked":["animator:MarisaKirisame","animator:KomachiOnozuka"],"picked":"animator:YuukaKazami","floor":20}],"player_experience":2356706,"relics_obtained":[{"floor":7,"key":"Dead Branch"},{"floor":9,"key":"Orichalcum"},{"floor":17,"key":"Nunchaku"},{"floor":17,"key":"Pantograph"},{"floor":17,"key":"Charon\u0027s Ashes"}],"event_choices":[{"damage_healed":0,"gold_gain":0,"player_choice":"Success","damage_taken":18,"relics_obtained":["Red Skull"],"max_hp_gain":0,"max_hp_loss":0,"event_name":"Scrap Ooze","floor":11,"gold_loss":0},{"damage_healed":15,"gold_gain":0,"player_choice":"Healed","damage_taken":0,"max_hp_gain":0,"max_hp_loss":0,"event_name":"The Cleric","floor":13,"gold_loss":35}],"is_beta":false,"boss_relics":[{"not_picked":["Tiny House","SlaversCollar"],"picked":"Calling Bell"}],"items_purged_floors":[14],"is_endless":false,"potions_floor_spawned":[7,20],"killed_by":"Snecko","ascension_level":15}}