{"host":"x565ttcahk6mfbvs","time":1608727784,"event":{"mods":["AchievementEnabler","BaseMod","BetterRewards","Downfall","Minty Spire (QoL Compilation)","Permanent Neow","Remove Card Discount Mod","StSLib"],"gold_per_floor":[99,199,46,46,46,46,46,6,6,32,32,49,49,49,63,63,63],"floor_reached":16,"playtime":534,"items_purged":["sneckomod:Strike"],"score":94,"play_id":"4c96db71-80bb-48d2-9691-4c7bb0679f18","local_time":"20201223064944","is_ascension_mode":false,"campfire_choices":[{"floor":1,"key":"RECALL"},{"data":"sneckomod:SnekBite","floor":6,"key":"SMITH"},{"data":"sneckomod:DiceCrush","floor":9,"key":"SMITH"},{"data":"sneckomod:UnlimitedRolls","floor":11,"key":"SMITH"},{"floor":13,"key":"REST"}],"circlet_count":0,"master_deck":["sneckomod:Strike","sneckomod:Strike","sneckomod:Defend","sneckomod:Defend","sneckomod:Defend","sneckomod:TailWhip","sneckomod:SnekBite+1","sneckomod:Unknown","sneckomod:Unknown","sneckomod:UnknownUncommonAttack","sneckomod:DiceCrush+1","sneckomod:UnknownCommonAttack","sneckomod:Unknown0Cost","sneckomod:RainOfDice","sneckomod:UnlimitedRolls+1","sneckomod:WideSting","sneckomod:DiceCrush"],"relics":["sneckomod:SneckoSoul","downfall:HeartsMalice","Juzu Bracelet","White Beast Statue","Toy Ornithopter","Happy Flower"],"acts_visited":["Exordium"],"potions_floor_usage":[10,15,15,16],"damage_taken":[{"damage":0,"enemies":"downfall:FleeingMerchant","floor":3,"turns":1},{"damage":0,"enemies":"2 Louse","floor":4,"turns":1},{"damage":0,"enemies":"Small Slimes","floor":5,"turns":1},{"damage":0,"enemies":"downfall:FleeingMerchant","floor":8,"turns":4},{"damage":65,"enemies":"3 Sentries","floor":10,"turns":9},{"damage":0,"enemies":"Jaw Worm","floor":12,"turns":2},{"damage":18,"enemies":"Gremlin Gang","floor":15,"turns":4},{"damage":56,"enemies":"downfall:Silent","floor":16,"turns":4}],"seed_played":"1986023763794716108","potions_obtained":[{"floor":8,"key":"PowerPotion"},{"floor":10,"key":"Guardian:BlockOnCardUsePotion"},{"floor":12,"key":"sneckomod:DiceRollPotion"},{"floor":15,"key":"Strength Potion"}],"is_trial":false,"path_per_floor":["R","?","$","M","M","R","T","$","R","E","R","M","R","?","M","B"],"character_chosen":"THE_SNECKO","items_purchased":["Juzu Bracelet","sneckomod:RainOfDice"],"campfire_rested":1,"item_purchase_floors":[3,8],"current_hp_per_floor":[90,90,91,91,92,92,92,93,93,28,28,28,55,55,47,0,0],"gold":63,"neow_bonus":"THREE_ENEMY_KILL","is_daily":false,"chose_seed":false,"campfire_upgraded":3,"win_rate":0.0,"timestamp":1608727784,"path_taken":["R","?","$","M","M","R","T","$","R","E","R","M","R","?","M","BOSS"],"items_purchased_type":["Relic","Card"],"build_version":"2020-12-22","purchased_purges":1,"victory":false,"max_hp_per_floor":[90,90,91,91,92,92,92,93,93,93,93,93,93,93,93,93,93],"card_choices":[{"not_picked":["sneckomod:SoulRoll","sneckomod:UnknownX"],"picked":"sneckomod:UnknownUncommonAttack","floor":3},{"not_picked":["sneckomod:DiceBlock","sneckomod:SoulCleanse"],"picked":"sneckomod:DiceCrush","floor":4},{"not_picked":["sneckomod:Unknown1Cost","sneckomod:IronFang"],"picked":"sneckomod:UnknownCommonAttack","floor":5},{"not_picked":["sneckomod:UnknownCommonSkill","sneckomod:Nope"],"picked":"sneckomod:Unknown0Cost","floor":8},{"not_picked":["sneckomod:SoulDraw","sneckomod:UnknownWeak"],"picked":"sneckomod:UnlimitedRolls","floor":10},{"not_picked":["sneckomod:UnknownVulnerable","sneckomod:UnknownUncommonAttack"],"picked":"sneckomod:WideSting","floor":12},{"not_picked":["sneckomod:QuickMove","sneckomod:UnknownCommonAttack"],"picked":"sneckomod:DiceCrush","floor":15}],"player_experience":276442,"relics_obtained":[{"floor":7,"key":"White Beast Statue"},{"floor":10,"key":"Toy Ornithopter"}],"event_choices":[],"is_beta":false,"boss_relics":[],"items_purged_floors":[3],"is_endless":false,"potions_floor_spawned":[8,10,12,15],"killed_by":"downfall:Silent","ascension_level":0}}