{"host":"qjr2x8lg4bxz99yh","time":1608759004,"event":{"mods":["Act Like it!","BaseMod","Colored Powertips","Downfall","Friendly Minions","Hallownest","Hermit","Minty Spire (QoL Compilation)","Replay The Spire","StSLib","The Bug Knight","The Cursed","The Disciple","The Hierophant","The Jungle","The Necromancer","The Runesmith","everything is the same but u backflip on backflip"],"gold_per_floor":[113,288,213,213,224,256,256,256,274,286,334,363,375,387,399,425,437,552,564,547,571,280,280,300,300,9,9,9,34,34,34,49,66,66,66,66],"floor_reached":35,"playtime":6319,"items_purged":[],"score":302,"play_id":"18f35790-b94c-43e2-bf06-3f4b99d2ed78","local_time":"20201223153004","is_ascension_mode":false,"campfire_choices":[{"data":"HollowMod:GrimmsGift","floor":15,"key":"SMITH"},{"floor":17,"key":"REST"},{"floor":25,"key":"REST"},{"floor":27,"key":"REST"},{"floor":31,"key":"REST"},{"floor":34,"key":"REST"}],"circlet_count":0,"master_deck":["HollowMod:NailStrikeStart","HollowMod:NailStrikeStart","HollowMod:NailStrikeStart","HollowMod:QuickDashStart","HollowMod:QuickDashStart","HollowMod:QuickDashStart","HollowMod:QuickDashStart","HollowMod:FocusHealStart","HollowMod:PogoStrike","HollowMod:HowlingWraiths","Iron Wave","HollowMod:ShapeofUnn","HollowMod:SoulEater","HollowMod:DoubleDash","HollowMod:ChannelNail","HollowMod:SoulShaman","HollowMod:GrimmsGift+1","HollowMod:DungDefenderAura","HollowMod:VoidDash","CurseOfTheBell","HollowMod:DesolateDive","HollowMod:SoulSplash+1","Apotheosis","HollowMod:DesolateDive","HollowMod:HeavyBlow","Slimebound:CheckThePlaybook","Slimebound:Icky","HollowMod:SiblingsSouls","HollowMod:MantisMark","HollowMod:MantisMark","HollowMod:BaldurShell","HollowMod:RecoilStrike","HollowMod:FallenFury","HollowMod:SoulMaster"],"relics":["HollowMod:VesselMask","NeowsBlessing","HollowMod:LumaflyLanternRelic","MawBank","Replay:Grab Bag","Replay:Fungal Core","Replay:Bronze Core","Calling Bell","Black Star","Juzu Bracelet","Kunai","Torii","Orichalcum","HollowMod:StagPassRelic","Replay:Wax Seal","Matryoshka","MealTicket","Darkstone Periapt"],"acts_visited":["Exordium","TheCity"],"potions_floor_usage":[18,18,21,21,33,35],"damage_taken":[{"damage":0,"enemies":"2 Louse","floor":1,"turns":1},{"damage":0,"enemies":"Small Slimes","floor":5,"turns":1},{"damage":0,"enemies":"Gremlin Nob","floor":6,"turns":1},{"damage":0,"enemies":"Cultist","floor":9,"turns":4},{"damage":7,"enemies":"Red Slaver","floor":10,"turns":4},{"damage":16,"enemies":"Blue Slaver","floor":12,"turns":5},{"damage":5,"enemies":"Looter","floor":16,"turns":3},{"damage":66,"enemies":"The Guardian","floor":18,"turns":20},{"damage":27,"enemies":"2 Thieves","floor":20,"turns":6},{"damage":22,"enemies":"HollowMod:HuskSentry","floor":21,"turns":14},{"damage":39,"enemies":"Shelled Parasite and Fungi","floor":24,"turns":10},{"damage":48,"enemies":"Slavers","floor":29,"turns":8},{"damage":32,"enemies":"Snake Plant","floor":32,"turns":6},{"damage":15,"enemies":"3 Cultists","floor":33,"turns":7},{"damage":59,"enemies":"Champ","floor":35,"turns":11}],"seed_played":"3513547174182426182","potions_obtained":[{"floor":5,"key":"Guardian:BlockOnCardUsePotion"},{"floor":6,"key":"Weak Potion"},{"floor":12,"key":"Regen Potion"},{"floor":20,"key":"Dexterity Potion"},{"floor":32,"key":"EssenceOfSteel"},{"floor":33,"key":"SkillPotion"}],"is_trial":false,"path_per_floor":["M","?","?","?","M","E","PTL","PTL","M","M","T","M","$","?","R","M","R","B",null,"M","M","$","?","M","R","$","R","T","E","T","R","M","M","R","B"],"character_chosen":"THE_BUGKNIGHT","items_purchased":["Apotheosis","HollowMod:DesolateDive","HollowMod:HeavyBlow","Orichalcum","HollowMod:MantisMark","HollowMod:BaldurShell"],"campfire_rested":5,"item_purchase_floors":[22,22,22,26,26,26],"current_hp_per_floor":[75,75,80,80,80,80,80,80,80,73,73,63,63,63,63,58,80,26,80,53,58,58,58,19,43,43,67,67,29,29,53,21,12,36,0,0],"gold":66,"neow_bonus":"THREE_ENEMY_KILL","is_daily":false,"chose_seed":false,"campfire_upgraded":1,"win_rate":0.0,"timestamp":1608759004,"path_taken":["M","?","?","?","M","E","PTL","PTL","?","M","T","M","?","?","R","M","R","BOSS","M","M","$","?","M","R","$","R","T","E","?","R","M","M","R","BOSS"],"items_purchased_type":["Card","Card","Card","Relic","Card","Card"],"build_version":"2020-12-22","purchased_purges":0,"victory":false,"max_hp_per_floor":[75,75,80,80,80,80,80,80,80,80,80,80,80,80,80,80,80,80,80,80,80,80,80,80,80,80,80,80,80,80,80,80,80,80,80,80],"card_choices":[{"not_picked":["HollowMod:SharpenedNail","HollowMod:WraithStrike"],"picked":"HollowMod:HowlingWraiths","floor":1},{"not_picked":["HollowMod:SoulShaman","HollowMod:CloakDash"],"picked":"HollowMod:ShapeofUnn","floor":5},{"not_picked":["HollowMod:ChannelNail","HollowMod:CoiledNail"],"picked":"HollowMod:SoulEater","floor":6},{"not_picked":["HollowMod:TaintedHusks","HollowMod:CycloneSlash"],"picked":"HollowMod:DoubleDash","floor":9},{"not_picked":["HollowMod:LifebloodCore","HollowMod:DescendingDark"],"picked":"HollowMod:ChannelNail","floor":10},{"not_picked":["HollowMod:SharpenedNail","HollowMod:ShapeofUnn"],"picked":"HollowMod:SoulShaman","floor":12},{"not_picked":["HollowMod:CrystalDash","HollowMod:SoulVessel"],"picked":"HollowMod:DungDefenderAura","floor":16},{"not_picked":["HollowMod:HornetsHelp","HollowMod:ElderbugsWisdom"],"picked":"HollowMod:VoidDash","floor":18},{"not_picked":["HollowMod:NewLittleFool","HollowMod:ShadowDash"],"picked":"HollowMod:DesolateDive","floor":20},{"not_picked":["HollowMod:HuntersJournal","HollowMod:NewJinnsSoul+1"],"picked":"HollowMod:SoulSplash+1","floor":21},{"not_picked":["HollowMod:ShadowDash","HollowMod:InfectionAssault"],"picked":"HollowMod:SiblingsSouls","floor":24},{"not_picked":["HollowMod:SoulShaman","HollowMod:ShadowDash"],"picked":"HollowMod:RecoilStrike","floor":29},{"not_picked":["HollowMod:Grubsong","HollowMod:NewJinnsSoul"],"picked":"HollowMod:FallenFury","floor":32},{"not_picked":["HollowMod:HeavyBlow","HollowMod:ChannelNail"],"picked":"HollowMod:SoulMaster","floor":33}],"player_experience":1406,"relics_obtained":[{"floor":6,"key":"HollowMod:LumaflyLanternRelic"},{"floor":11,"key":"MawBank"},{"floor":19,"key":"Juzu Bracelet"},{"floor":19,"key":"Kunai"},{"floor":19,"key":"Torii"},{"floor":28,"key":"HollowMod:StagPassRelic"},{"floor":29,"key":"Replay:Wax Seal"},{"floor":29,"key":"Matryoshka"},{"floor":30,"key":"MealTicket"},{"floor":30,"key":"Darkstone Periapt"}],"event_choices":[{"damage_healed":0,"gold_gain":175,"player_choice":"AGREE","damage_taken":0,"max_hp_gain":0,"max_hp_loss":0,"event_name":"Liars Game","floor":2,"gold_loss":0,"cards_obtained":["Doubt"]},{"cards_removed":["Doubt"],"damage_healed":0,"gold_gain":0,"player_choice":"Took Card","damage_taken":0,"max_hp_gain":0,"max_hp_loss":0,"event_name":"NoteForYourself","floor":4,"gold_loss":0,"cards_obtained":["Iron Wave"]},{"damage_healed":0,"gold_gain":0,"cards_transformed":["HollowMod:NailStrikeStart"],"player_choice":"Change","damage_taken":0,"max_hp_gain":0,"max_hp_loss":0,"event_name":"Living Wall","floor":14,"gold_loss":0,"cards_obtained":["HollowMod:GrimmsGift"]}],"is_beta":false,"boss_relics":[{"not_picked":["Cursed Key","Replay:Wanted Poster"],"picked":"Replay:Grab Bag"},{"not_picked":["Philosopher\u0027s Stone","ReplayTheSpireMod:DimensionalGlitch"],"picked":"Replay:Fungal Core"},{"not_picked":["ChewingGum","Fusion Hammer"],"picked":"Replay:Bronze Core"},{"not_picked":["Runic Pyramid","Kintsugi"],"picked":"Calling Bell"},{"not_picked":["Empty Cage","Snecko Eye"],"picked":"Black Star"}],"items_purged_floors":[],"is_endless":false,"potions_floor_spawned":[5,6,12,20,32,33],"killed_by":"Champ","ascension_level":0}}