{"host":"jgyoyy5iuhtvyvtg","time":1608711997,"event":{"mods":["2.2 Compatiblity","BaseMod","Challenge The Spire","Colored Map","Conspire","Downfall","Hermit","Highlight Path","Infinite Spire","Lobotomy","LobotomyExtend","Minty Spire (QoL Compilation)","Quick Restart","Replay The Spire","Spikes Relics","StSLib","The Construct","The Disciple","The Jungle","Yuri Mod"],"gold_per_floor":[110,121,133,121,121,121,121,121,144,144,161,24,351,370,370,370,370],"floor_reached":16,"playtime":657,"items_purged":[],"score":138,"play_id":"20beb618-ec2a-43fd-8482-82ccd107f73c","local_time":"20201223002637","is_ascension_mode":true,"campfire_choices":[{"data":"hermit:Manifest","floor":6,"key":"SMITH"},{"data":"hermit:Grudge","floor":8,"key":"SMITH"},{"floor":10,"key":"REST"},{"floor":15,"key":"REST"}],"circlet_count":0,"master_deck":["hermit:Strike_Hermit","hermit:Strike_Hermit","hermit:Strike_Hermit","hermit:Strike_Hermit","hermit:Defend_Hermit","hermit:Defend_Hermit","hermit:Defend_Hermit","hermit:Defend_Hermit","hermit:Snapshot","hermit:Covet","Replay:SS_hec_1+1","hermit:Manifest+1","hermit:Grudge+1","hermit:GoldenBullet","expansioncontent:AwakenDeath","hermit:Cheat","hermit:Horror"],"relics":["hermit:Momento","LetterFromLob","Replay:WaspNest","Oddly Smooth Stone","Old Coin"],"acts_visited":["Exordium"],"potions_floor_usage":[13,13,16,16],"damage_taken":[{"damage":6,"enemies":"Cultist","floor":1,"turns":4},{"damage":19,"enemies":"Small Slimes","floor":2,"turns":5},{"damage":2,"enemies":"Jaw Worm","floor":3,"turns":3},{"damage":6,"enemies":"Exordium Thugs","floor":4,"turns":4},{"damage":9,"enemies":"Blue Slaver","floor":11,"turns":4},{"damage":24,"enemies":"Lagavulin","floor":13,"turns":8},{"damage":11,"enemies":"3 Louse","floor":14,"turns":4},{"damage":64,"enemies":"Slime Boss","floor":16,"turns":9}],"seed_played":"3173108517085508933","potions_obtained":[{"floor":1,"key":"champ:CounterPotion"},{"floor":11,"key":"champ:CounterPotion"},{"floor":14,"key":"Reflective Coating"}],"is_trial":false,"path_per_floor":["M","M","M","M","T","R","?","R","T","R","M","$","E","M","R","B"],"character_chosen":"HERMIT","items_purchased":["expansioncontent:AwakenDeath","Block Potion"],"campfire_rested":2,"item_purchase_floors":[12,12],"current_hp_per_floor":[62,43,41,35,35,35,35,35,35,57,48,48,24,13,35,0,0],"gold":370,"neow_bonus":"RANDOM_COLORLESS","is_daily":false,"chose_seed":false,"campfire_upgraded":2,"win_rate":0.0,"timestamp":1608711997,"path_taken":["M","M","M","M","?","R","?","R","T","R","M","$","E","M","R","BOSS"],"items_purchased_type":["Card","Potion"],"build_version":"2020-12-22","purchased_purges":0,"victory":false,"max_hp_per_floor":[75,75,75,75,75,75,75,75,75,75,75,75,75,75,75,75,75],"card_choices":[{"not_picked":["Specialist","Forethought"],"picked":"Replay:SS_hec_1","floor":0},{"not_picked":["hermit:EyeOfTheStorm","hermit:LowProfile"],"picked":"hermit:Manifest","floor":1},{"not_picked":["hermit:Enervate","hermit:Headshot","hermit:GhostlyPresence"],"picked":"SKIP","floor":2},{"not_picked":["hermit:Dive","hermit:Feint"],"picked":"hermit:Grudge","floor":3},{"not_picked":["hermit:Feint","hermit:Coalescence","hermit:Headshot"],"picked":"SKIP","floor":4},{"not_picked":["hermit:Dive","hermit:Roulette"],"picked":"hermit:GoldenBullet","floor":11},{"not_picked":["hermit:LoneWolf","hermit:TakeCover"],"picked":"hermit:Cheat","floor":13},{"not_picked":["hermit:Snipe","hermit:Enervate"],"picked":"hermit:Horror","floor":14}],"player_experience":3179605,"relics_obtained":[{"floor":1,"key":"LetterFromLob"},{"floor":5,"key":"Replay:WaspNest"},{"floor":9,"key":"Oddly Smooth Stone"},{"floor":13,"key":"Old Coin"}],"event_choices":[{"damage_healed":0,"gold_gain":0,"player_choice":"Upgraded","damage_taken":0,"max_hp_gain":0,"max_hp_loss":0,"event_name":"Upgrade Shrine","floor":7,"gold_loss":0,"cards_upgraded":["Replay:SS_hec_1"]}],"is_beta":false,"boss_relics":[],"items_purged_floors":[],"is_endless":false,"potions_floor_spawned":[1,11,14],"killed_by":"Slime Boss","ascension_level":7}}