{"host":"3jpwrwmmgyabjceh","time":1608724827,"event":{"mods":["AchievementEnabler","BaseMod","Colored Map","Colored Powertips","Highlight Path","Minty Spire (QoL Compilation)","Quick Restart","StSLib"],"gold_per_floor":[109,122,122,47,68,68,112,133,133,156,156,169,183,45,45,168,168,188,188,63,78,78,78],"floor_reached":22,"playtime":607,"items_purged":["Strike_R","Strike_R","Defend_R"],"score":260,"play_id":"73a74033-1db8-4f92-bd8b-69095e938d54","local_time":"20201223150027","is_ascension_mode":true,"campfire_choices":[{"data":"Body Slam","floor":6,"key":"SMITH"},{"floor":11,"key":"REST"},{"data":"Inflame","floor":15,"key":"SMITH"}],"circlet_count":0,"master_deck":["Defend_R","Defend_R","Defend_R","Bash+1","Cleave","Body Slam+1","Body Slam","Armaments","Inflame+1","Limit Break","Armaments","Bite","Bite","Bite","Bite","Bite","Shrug It Off"],"relics":["Burning Blood","Golden Idol","Dream Catcher","Red Skull","Snecko Eye"],"acts_visited":["Exordium","TheCity"],"potions_floor_usage":[10,13,22],"damage_taken":[{"damage":1,"enemies":"Cultist","floor":1,"turns":4},{"damage":5,"enemies":"2 Louse","floor":2,"turns":4},{"damage":8,"enemies":"Small Slimes","floor":5,"turns":3},{"damage":31,"enemies":"Gremlin Nob","floor":7,"turns":4},{"damage":8,"enemies":"3 Louse","floor":8,"turns":3},{"damage":0,"enemies":"2 Fungi Beasts","floor":10,"turns":2},{"damage":1,"enemies":"Exordium Thugs","floor":12,"turns":4},{"damage":11,"enemies":"Blue Slaver","floor":13,"turns":3},{"damage":44,"enemies":"Hexaghost","floor":16,"turns":8},{"damage":7,"enemies":"Chosen","floor":18,"turns":3},{"damage":36,"enemies":"2 Thieves","floor":21,"turns":4},{"damage":59,"enemies":"Shelled Parasite and Fungi","floor":22,"turns":4}],"seed_played":"7544967521644692762","potions_obtained":[{"floor":1,"key":"FearPotion"},{"floor":8,"key":"Block Potion"},{"floor":10,"key":"Ancient Potion"},{"floor":12,"key":"AttackPotion"}],"is_trial":false,"path_per_floor":["M","M","?","$","M","R","E","M","T","M","R","M","M","$","R","B",null,"M","?","$","M","M"],"character_chosen":"IRONCLAD","items_purchased":["Inflame"],"campfire_rested":1,"item_purchase_floors":[14],"current_hp_per_floor":[80,80,60,60,58,58,33,31,31,37,61,66,61,61,61,23,66,65,56,56,39,0,0],"gold":78,"neow_bonus":"UPGRADE_CARD","is_daily":false,"chose_seed":false,"campfire_upgraded":2,"win_rate":0.0,"timestamp":1608724827,"path_taken":["M","M","?","$","M","R","E","M","T","M","R","M","M","$","R","BOSS","M","?","$","M","M"],"items_purchased_type":["Card"],"build_version":"2020-12-22","purchased_purges":3,"victory":false,"max_hp_per_floor":[80,80,80,80,80,80,80,80,80,80,80,80,80,80,80,80,80,80,56,56,56,56,56],"card_choices":[{"not_picked":["Second Wind","Sword Boomerang","True Grit"],"picked":"SKIP","floor":1},{"not_picked":["Twin Strike","Power Through"],"picked":"Cleave","floor":2},{"not_picked":["Flame Barrier","Warcry"],"picked":"Body Slam","floor":5},{"not_picked":["Flame Barrier","Power Through"],"picked":"Body Slam","floor":7},{"not_picked":["Infernal Blade","Rage","Dropkick"],"picked":"SKIP","floor":8},{"not_picked":["Havoc","True Grit","Wild Strike"],"picked":"SKIP","floor":10},{"not_picked":["Pommel Strike","Dark Embrace","Twin Strike"],"picked":"SKIP","floor":12},{"not_picked":["Sentinel","Intimidate"],"picked":"Armaments","floor":13},{"not_picked":["Fiend Fire","Feed"],"picked":"Limit Break","floor":16},{"not_picked":["Iron Wave+1","Havoc+1"],"picked":"Armaments","floor":18},{"not_picked":["Infernal Blade","Pummel"],"picked":"Shrug It Off","floor":21}],"player_experience":253837,"relics_obtained":[{"floor":7,"key":"Dream Catcher"},{"floor":9,"key":"Red Skull"}],"event_choices":[{"damage_healed":0,"gold_gain":0,"player_choice":"Take Damage","damage_taken":20,"relics_obtained":["Golden Idol"],"max_hp_gain":0,"max_hp_loss":0,"event_name":"Golden Idol","floor":3,"gold_loss":0},{"damage_healed":0,"gold_gain":0,"player_choice":"Became a vampire","damage_taken":0,"max_hp_gain":0,"max_hp_loss":24,"event_name":"Vampires","floor":19,"gold_loss":0,"cards_obtained":["Bite","Bite","Bite","Bite","Bite"]}],"is_beta":false,"boss_relics":[{"not_picked":["Pandora\u0027s Box","Coffee Dripper"],"picked":"Snecko Eye"}],"items_purged_floors":[4,14,20],"is_endless":false,"potions_floor_spawned":[1,8,10,12],"killed_by":"Shelled Parasite and Fungi","ascension_level":5}}