{"host":"3jjxuhjpio8e4zkv","time":1608752684,"event":{"mods":["BaseMod","Colored Map","Minty Spire (QoL Compilation)","Permanent Neow","Relic Stats","StSLib"],"gold_per_floor":[114,39,39,49,60,60,73,73,100,0,33,46,46,46,46,174,174,187,387,387,302,302,302,302,338,414,414,455,455,554,572,572,572,572],"floor_reached":33,"playtime":1857,"items_purged":["Doubt","Strike_B"],"score":321,"play_id":"f1d1c633-95fd-4c12-853f-7824d2899cdd","local_time":"20201223144444","is_ascension_mode":true,"campfire_choices":[{"data":"Zap","floor":6,"key":"SMITH"},{"data":"Dualcast","floor":8,"key":"SMITH"},{"floor":13,"key":"REST"},{"data":"All For One","floor":15,"key":"SMITH"},{"data":"Fission","floor":23,"key":"SMITH"},{"floor":27,"key":"REST"},{"floor":29,"key":"REST"},{"data":"Genetic Algorithm","floor":32,"key":"SMITH"}],"circlet_count":0,"master_deck":["Strike_B","Strike_B","Defend_B","Defend_B","Defend_B","Zap+1","Dualcast+1","All For One+1","Defragment","Defend_R","Gash","Genetic Algorithm+1","Gash","Conserve Battery","Fission+1","Tempest+1","Hello World","Streamline","Rebound+1"],"relics":["Cracked Core","Juzu Bracelet","Lantern","Golden Idol","Runic Dome","Mango","Singing Bowl","Mummified Hand","HornCleat"],"acts_visited":["Exordium","TheCity"],"potions_floor_usage":[16,16,28],"damage_taken":[{"damage":13,"enemies":"Jaw Worm","floor":1,"turns":5},{"damage":1,"enemies":"Cultist","floor":4,"turns":3},{"damage":3,"enemies":"Small Slimes","floor":5,"turns":2},{"damage":4,"enemies":"Red Slaver","floor":7,"turns":3},{"damage":25,"enemies":"Lagavulin","floor":11,"turns":5},{"damage":0,"enemies":"Large Slime","floor":12,"turns":2},{"damage":2,"enemies":"Slime Boss","floor":16,"turns":5},{"damage":16,"enemies":"Spheric Guardian","floor":18,"turns":4},{"damage":39,"enemies":"Gremlin Leader","floor":25,"turns":5},{"damage":31,"enemies":"Slavers","floor":28,"turns":8},{"damage":1,"enemies":"3 Byrds","floor":31,"turns":3},{"damage":86,"enemies":"Collector","floor":33,"turns":7}],"seed_played":"-3423653296624593984","potions_obtained":[{"floor":4,"key":"ColorlessPotion"},{"floor":11,"key":"Swift Potion"},{"floor":16,"key":"Dexterity Potion"},{"floor":25,"key":"FairyPotion"}],"is_trial":false,"path_per_floor":["M","$","?","M","M","R","M","R","T","$","E","M","R","?","R","B",null,"M","?","?","?","?","R","?","E","T","R","E","R","?","M","R","B"],"character_chosen":"DEFECT","items_purchased":[],"campfire_rested":3,"item_purchase_floors":[],"current_hp_per_floor":[62,62,62,61,58,58,54,54,54,54,29,29,51,51,51,49,69,53,53,53,67,67,67,67,28,28,52,21,45,45,44,44,0,0],"gold":572,"neow_bonus":"THREE_RARE_CARDS","is_daily":false,"chose_seed":false,"campfire_upgraded":5,"win_rate":0.0,"timestamp":1608752684,"path_taken":["M","$","?","M","M","R","M","R","T","$","E","M","R","?","R","BOSS","M","?","?","?","?","R","?","E","T","R","E","R","?","M","R","BOSS"],"items_purchased_type":[],"build_version":"2020-12-22","purchased_purges":2,"victory":false,"max_hp_per_floor":[75,75,75,75,75,75,75,75,75,75,75,75,75,69,69,69,69,69,69,69,83,83,83,83,83,83,83,83,83,83,83,83,83,83],"relic_stats":{"Singing Bowl":0,"counters":[12,52],"Golden Idol":48,"Mummified Hand":[6],"Juzu Bracelet":3,"obtain_stats":[{"Runic Dome":17,"Lantern":11,"HornCleat":28,"Singing Bowl":25,"Golden Idol":14,"Mummified Hand":26,"Mango":21,"Juzu Bracelet":9,"Cracked Core":0},{"Runic Dome":7,"Lantern":5,"HornCleat":10,"Singing Bowl":9,"Golden Idol":6,"Mummified Hand":9,"Mango":8,"Juzu Bracelet":4,"Cracked Core":0},{"Runic Dome":25,"Lantern":18,"HornCleat":42,"Singing Bowl":34,"Golden Idol":20,"Mummified Hand":34,"Mango":29,"Juzu Bracelet":13,"Cracked Core":0}]},"card_choices":[{"not_picked":["Machine Learning","Amplify"],"picked":"All For One","floor":0},{"not_picked":["Heatsinks","Consume"],"picked":"Defragment","floor":1},{"not_picked":["Cold Snap","Glacier"],"picked":"Gash","floor":4},{"not_picked":["Coolheaded","Stack"],"picked":"Genetic Algorithm","floor":5},{"not_picked":["Consume","Ball Lightning"],"picked":"Gash","floor":7},{"not_picked":["Meteor Strike","Sweeping Beam","Darkness"],"picked":"SKIP","floor":11},{"not_picked":["Sweeping Beam","Compile Driver"],"picked":"Conserve Battery","floor":12},{"not_picked":["Creative AI","Meteor Strike"],"picked":"Fission","floor":16},{"not_picked":["Chaos","Barrage"],"picked":"Tempest+1","floor":18},{"not_picked":["Self Repair","Cold Snap+1"],"picked":"Hello World","floor":25},{"not_picked":["Ball Lightning","Reprogram"],"picked":"Streamline","floor":28},{"not_picked":["Multi-Cast","Coolheaded"],"picked":"Rebound+1","floor":31}],"player_experience":1103318,"relics_obtained":[{"floor":9,"key":"Juzu Bracelet"},{"floor":11,"key":"Lantern"},{"floor":25,"key":"Singing Bowl"},{"floor":26,"key":"Mummified Hand"},{"floor":28,"key":"HornCleat"}],"event_choices":[{"cards_removed":["Defend_B"],"damage_healed":0,"gold_gain":0,"player_choice":"Took Card","damage_taken":0,"max_hp_gain":0,"max_hp_loss":0,"event_name":"NoteForYourself","floor":3,"gold_loss":0,"cards_obtained":["Defend_R"]},{"damage_healed":0,"gold_gain":0,"player_choice":"Lose Max HP","damage_taken":0,"relics_obtained":["Golden Idol"],"max_hp_gain":0,"max_hp_loss":6,"event_name":"Golden Idol","floor":14,"gold_loss":0},{"damage_healed":0,"gold_gain":250,"player_choice":"Bet on Owner","damage_taken":0,"max_hp_gain":0,"max_hp_loss":0,"event_name":"The Joust","floor":19,"gold_loss":50},{"damage_healed":0,"gold_gain":0,"player_choice":"Ignored","damage_taken":0,"max_hp_gain":0,"max_hp_loss":0,"event_name":"Cursed Tome","floor":20,"gold_loss":0},{"damage_healed":0,"gold_gain":0,"player_choice":"Obtained Relic","damage_taken":0,"relics_obtained":["Mango"],"max_hp_gain":0,"max_hp_loss":0,"event_name":"Addict","floor":21,"gold_loss":85},{"damage_healed":0,"gold_gain":0,"player_choice":"Ignored","damage_taken":0,"max_hp_gain":0,"max_hp_loss":0,"event_name":"The Mausoleum","floor":22,"gold_loss":0},{"cards_removed":["Strike_B"],"damage_healed":0,"gold_gain":0,"player_choice":"Offered Basic","damage_taken":0,"max_hp_gain":0,"max_hp_loss":0,"event_name":"Bonfire Elementals","floor":24,"gold_loss":0},{"damage_healed":0,"gold_gain":99,"player_choice":"Stole From Cult","damage_taken":0,"max_hp_gain":0,"max_hp_loss":0,"event_name":"Nest","floor":30,"gold_loss":0}],"is_beta":false,"boss_relics":[{"not_picked":["Snecko Eye","Ectoplasm"],"picked":"Runic Dome"}],"items_purged_floors":[2,10],"is_endless":false,"potions_floor_spawned":[4,11,16,25],"killed_by":"Collector","ascension_level":3}}