{"host":"7o30bgpqouqblh42","time":1608743588,"event":{"mods":["AchievementEnabler","Aspiration","BaseMod","Colored Map","Downfall","Highlight Path","Minty Spire (QoL Compilation)","StSLib","SuperFastMode"],"gold_per_floor":[118,133,308,318,318,318,318,330,330,216,216,216,216,246,246,341,341,358,131,146,3,16,16,42,56,124,124,124,24,44,44,44,139,189,208,7,7,7,27,27,52,52,120,139,157,168,43,75,75,75,75],"floor_reached":50,"playtime":3409,"items_purged":["Strike_G","Defend_G","Strike_G"],"score":650,"play_id":"d5bd1c0c-4d3e-46ac-9874-29bd79c1882a","local_time":"20201223121308","is_ascension_mode":true,"campfire_choices":[{"data":"Corpse Explosion","floor":6,"key":"SMITH"},{"floor":11,"key":"RECALL"},{"data":"Noxious Fumes","floor":13,"key":"SMITH"},{"data":"Bane","floor":15,"key":"SMITH"},{"data":"Poisoned Stab","floor":23,"key":"SMITH"},{"floor":27,"key":"REST"},{"data":"Reflex","floor":32,"key":"SMITH"},{"data":"Underhanded Strike","floor":40,"key":"SMITH"},{"data":"Tools of the Trade","floor":42,"key":"SMITH"},{"data":"Blur","floor":49,"key":"SMITH"}],"circlet_count":0,"master_deck":["Strike_G","Defend_G","Defend_G+1","Survivor+1","Neutralize","Corpse Explosion+1","Calculated Gamble+1","Backflip","Blur+1","Reflex+1","Prepared+1","Deadly Poison+1","Noxious Fumes+1","Bane+1","Night Terror+1","Prepared+1","Poisoned Stab+1","Distraction+1","Backflip+1","Outmaneuver+1","Bouncing Flask+1","Adrenaline+1","Outmaneuver+1","Underhanded Strike+1","Acrobatics+1","Calculated Gamble+1","Tools of the Trade+1","Tactician+1","Catalyst+1","Flechettes+1","Acrobatics+1"],"relics":["Ring of the Snake","Toxic Egg 2","Tough Bandages","Ginger","Cursed Key","War Paint","Omamori","Shuriken","Matryoshka","Tiny House","Anchor","Bottled Lightning","Pantograph","aspiration:ChemicalBlood"],"acts_visited":["Exordium","TheCity","TheBeyond"],"potions_floor_usage":[16,16,16,20,25,41,41,50,50],"damage_taken":[{"damage":0,"enemies":"Small Slimes","floor":1,"turns":3},{"damage":0,"enemies":"Jaw Worm","floor":2,"turns":5},{"damage":0,"enemies":"2 Louse","floor":4,"turns":2},{"damage":0,"enemies":"Gremlin Gang","floor":8,"turns":3},{"damage":9,"enemies":"3 Sentries","floor":14,"turns":4},{"damage":25,"enemies":"The Guardian","floor":16,"turns":7},{"damage":23,"enemies":"3 Byrds","floor":18,"turns":4},{"damage":0,"enemies":"Shell Parasite","floor":20,"turns":5},{"damage":2,"enemies":"Snecko","floor":22,"turns":6},{"damage":26,"enemies":"Book of Stabbing","floor":24,"turns":6},{"damage":0,"enemies":"Centurion and Healer","floor":25,"turns":2},{"damage":0,"enemies":"Chosen and Byrds","floor":30,"turns":3},{"damage":13,"enemies":"Collector","floor":33,"turns":6},{"damage":10,"enemies":"3 Shapes","floor":35,"turns":2},{"damage":0,"enemies":"3 Darklings","floor":39,"turns":3},{"damage":0,"enemies":"Giant Head","floor":41,"turns":5},{"damage":0,"enemies":"Maw","floor":44,"turns":5},{"damage":0,"enemies":"4 Shapes","floor":45,"turns":1},{"damage":0,"enemies":"Writhing Mass","floor":46,"turns":2},{"damage":7,"enemies":"Nemesis","floor":48,"turns":3},{"damage":69,"enemies":"Time Eater","floor":50,"turns":8}],"seed_played":"-5717304003471923021","potions_obtained":[{"floor":4,"key":"Weak Potion"},{"floor":7,"key":"CultistPotion"},{"floor":7,"key":"CultistPotion"},{"floor":7,"key":"ColorlessPotion"},{"floor":14,"key":"SkillPotion"},{"floor":16,"key":"BlessingOfTheForge"},{"floor":18,"key":"BlessingOfTheForge"},{"floor":24,"key":"Explosive Potion"},{"floor":25,"key":"AttackPotion"},{"floor":33,"key":"CunningPotion"},{"floor":41,"key":"Fire Potion"},{"floor":48,"key":"AttackPotion"},{"floor":50,"key":"Swift Potion"}],"is_trial":false,"path_per_floor":["M","M","?","M","?","R","?","M","T","$","R","?","R","E","R","B",null,"M","$","M","$","M","R","E","M","T","R","?","$","M","?","R","B",null,"M","$","?","?","M","R","E","R","T","M","M","M","$","E","R","B"],"character_chosen":"THE_SILENT","items_purchased":["Deadly Poison+1","Noxious Fumes","War Paint","Omamori","Anchor","Acrobatics+1"],"campfire_rested":1,"item_purchase_floors":[10,10,19,21,36,36],"current_hp_per_floor":[63,63,63,63,63,63,63,63,63,63,63,63,63,54,54,29,63,40,40,40,40,38,38,12,12,12,30,63,63,63,63,63,50,68,58,58,58,58,58,58,58,58,58,58,58,58,58,51,51,0,0],"gold":75,"neow_bonus":"TRANSFORM_TWO_CARDS","is_daily":false,"chose_seed":false,"campfire_upgraded":8,"win_rate":0.0,"timestamp":1608743588,"path_taken":["M","M","?","M","?","R","?","?","T","?","R","?","R","E","R","BOSS","M","?","M","$","M","R","E","?","T","R","?","?","M","?","R","BOSS","M","$","?","?","?","R","E","R","T","M","?","M","?","E","R","BOSS"],"items_purchased_type":["Card","Card","Relic","Relic","Relic","Card"],"build_version":"2020-12-22","purchased_purges":3,"victory":false,"max_hp_per_floor":[63,63,63,63,63,63,63,63,63,63,63,63,63,63,63,63,63,63,63,63,63,63,63,63,63,63,63,63,63,63,63,63,63,68,68,68,68,68,68,68,68,68,68,68,68,68,68,68,68,68,68],"card_choices":[{"not_picked":["Deflect","Escape Plan"],"picked":"Backflip","floor":1},{"not_picked":["Flying Knee","PiercingWail"],"picked":"Blur","floor":2},{"not_picked":["Choke","Riddle With Holes"],"picked":"Reflex","floor":4},{"not_picked":["Dodge and Roll+1","Choke"],"picked":"Prepared+1","floor":8},{"not_picked":["Acrobatics+1","Masterful Stab"],"picked":"Bane","floor":14},{"not_picked":["Unload","After Image"],"picked":"Night Terror+1","floor":16},{"not_picked":["Flying Knee","Cloak And Dagger+1"],"picked":"Prepared+1","floor":18},{"not_picked":["Underhanded Strike+1","Dagger Spray+1","Choke"],"picked":"SKIP","floor":20},{"not_picked":["Dash","Dagger Throw"],"picked":"Poisoned Stab","floor":22},{"not_picked":["Flechettes+1","Outmaneuver+1"],"picked":"Distraction+1","floor":24},{"not_picked":["Footwork","Choke"],"picked":"Backflip+1","floor":25},{"not_picked":["Blade Dance+1","Caltrops+1"],"picked":"Outmaneuver+1","floor":30},{"not_picked":["Venomology+1","Wraith Form v2"],"picked":"Adrenaline+1","floor":33},{"not_picked":["Heel Hook","Backflip+1"],"picked":"Outmaneuver+1","floor":34},{"not_picked":["Deflect+1","Sucker Punch+1"],"picked":"Underhanded Strike","floor":35},{"not_picked":["Poisoned Stab","Dodge and Roll+1"],"picked":"Calculated Gamble+1","floor":39},{"not_picked":["Slice+1","Riddle With Holes+1"],"picked":"Tools of the Trade","floor":41},{"not_picked":["Well Laid Plans","Bane+1"],"picked":"Tactician+1","floor":44},{"not_picked":["Dagger Throw+1","Outmaneuver+1"],"picked":"Catalyst+1","floor":45},{"not_picked":["Prepared+1","Dagger Spray"],"picked":"Flechettes+1","floor":46},{"not_picked":["Dagger Throw","Choke"],"picked":"Acrobatics+1","floor":48}],"player_experience":108471,"relics_obtained":[{"floor":9,"key":"Tough Bandages"},{"floor":14,"key":"Ginger"},{"floor":24,"key":"Shuriken"},{"floor":26,"key":"Matryoshka"},{"floor":41,"key":"Bottled Lightning"},{"floor":43,"key":"Pantograph"},{"floor":48,"key":"aspiration:ChemicalBlood"}],"event_choices":[{"damage_healed":0,"gold_gain":175,"player_choice":"AGREE","damage_taken":0,"max_hp_gain":0,"max_hp_loss":0,"event_name":"Liars Game","floor":3,"gold_loss":0,"cards_obtained":["Doubt"]},{"damage_healed":0,"gold_gain":0,"player_choice":"Got Potions","damage_taken":0,"max_hp_gain":0,"max_hp_loss":0,"event_name":"Lab","floor":7,"gold_loss":0},{"cards_removed":["Injury","Doubt"],"damage_healed":0,"gold_gain":0,"player_choice":"Removed Curses","damage_taken":0,"max_hp_gain":0,"max_hp_loss":0,"event_name":"Fountain of Cleansing","floor":12,"gold_loss":0},{"damage_healed":33,"gold_gain":0,"player_choice":"Full Heal","damage_taken":0,"max_hp_gain":0,"max_hp_loss":0,"event_name":"Wheel of Change","floor":28,"gold_loss":0},{"damage_healed":0,"gold_gain":0,"player_choice":"Read","damage_taken":0,"max_hp_gain":0,"max_hp_loss":0,"event_name":"The Library","floor":31,"gold_loss":0,"cards_obtained":["Bouncing Flask"]},{"cards_removed":["Strike_G"],"damage_healed":0,"gold_gain":0,"player_choice":"Removed Attack","damage_taken":0,"max_hp_gain":0,"max_hp_loss":0,"event_name":"Falling","floor":37,"gold_loss":0},{"cards_removed":["Defend_G"],"damage_healed":0,"gold_gain":0,"player_choice":"Purged","damage_taken":0,"max_hp_gain":0,"max_hp_loss":0,"event_name":"Purifier","floor":38,"gold_loss":0}],"is_beta":false,"boss_relics":[{"not_picked":["aspiration:RunicSpoon","Astrolabe"],"picked":"Cursed Key"},{"not_picked":["Black Star","Velvet Choker"],"picked":"Tiny House"}],"items_purged_floors":[19,29,47],"is_endless":false,"potions_floor_spawned":[4,14,16,18,24,25,33,39,41,48],"killed_by":"Time Eater","ascension_level":2}}