{"host":"lck2g1j0kcwr02ez","time":1608733158,"event":{"mods":["Act Like it!","BaseMod","CapriCore","Hallownest","Mari Mod (Legacy)","Mari\u0027s V1 Patch","Minty Spire (QoL Compilation)","Prisma Mod","Rare Cards Sparkle","StSLib","The Bug Knight","The Hierophant"],"gold_per_floor":[117,7999,7999,7999,7699,7734,7759,7759,7759,7807,7807,7093,7120,6661,6661,6758,6758,6758,6320,6320,6320,6320,6320,6320,6320,6320,6320,5980,5980,5730,5730,5730,5730,5730,5730,5730,5322,5322,5322,5322,5322,4996,4996,4656,4656,4656,4656,4656,4656,4656,4656,4656,4470,4470,4470],"floor_reached":56,"playtime":3132,"items_purged":["HollowMod:FallenFury"],"score":1518,"play_id":"95bf7ba7-1bce-4f4b-8ca5-25f708beaca8","local_time":"20201223221918","daily_mods":["SealedDeck","Heirloom","Time Dilation","Flight"],"is_ascension_mode":false,"campfire_choices":[{"data":"HollowMod:GrimmsGift","floor":8,"key":"SMITH"},{"data":"HollowMod:SoulEater","floor":15,"key":"SMITH"},{"floor":23,"key":"RECALL"},{"data":"HollowMod:PureVessel","floor":25,"key":"SMITH"},{"data":"HollowMod:MantisMark","floor":32,"key":"SMITH"},{"data":"Apotheosis","floor":45,"key":"SMITH"},{"data":"Hallownest:attackMasterCycloneSlash","floor":47,"key":"SMITH"},{"data":"HollowMod:MantisMark","floor":49,"key":"SMITH"},{"data":"HollowMod:NewLastStag","floor":52,"key":"SMITH"}],"circlet_count":0,"master_deck":["HollowMod:CloakDash","HollowMod:DashSlash","HollowMod:DoubleDash+1","HollowMod:SoulEater+1","HollowMod:HuntersJournal","HollowMod:SoulSplash+1","HollowMod:GrimmsGift+1","Sadistic Nature","HollowMod:DesolateDive","HollowMod:NewLastStag+1","HollowMod:SoulStrike","HollowMod:FastStrike","HollowMod:CoiledNail","HollowMod:CoiledNail","HollowMod:BaldurShell","HollowMod:PureVessel+1","HollowMod:SoulStrike","HollowMod:SoulEater","HollowMod:MantisMark+1","Hallownest:attackMasterCycloneSlash+1","HollowMod:CloakDash+1","HollowMod:RecoilStrike","HollowMod:DashSlash+1","HollowMod:CrystalDash+1","HollowMod:DashSlash","HollowMod:GoodIntentions","Apotheosis+1","HollowMod:MantisMark+1","HollowMod:MothsMistake","HollowMod:Weaversong"],"relics":["HollowMod:KingsSoulRelic","Mango","Sling","Juzu Bracelet","Happy Flower","Gremlin Horn","Ancient Tea Set","Art of War","Omamori","InkBottle","Cauldron","Mercury Hourglass","Medical Kit","Blood Vial","Ectoplasm","Membership Card","HollowMod:KingsBrand","War Paint","Hallownest:WatcherSealRelic","Red Mask","Akabeko","Pocketwatch","HollowMod:PaleOreRelic","PreservedInsect","Incense Burner","Chemical X","Hallownest:UnbreakableCardRelic","WarpedTongs","Hallownest:GodTamersBeastRelic","Unceasing Top","HornCleat","Frozen Eye","Hallownest:HeavyBlowRelic","MawBank","Letter Opener","Ornamental Fan","Strawberry","HollowMod:JonisBlessing","Boot","Oddly Smooth Stone","Centennial Puzzle","HandDrill","Gambling Chip","Hallownest:KingsIdolRelic","Bag of Marbles","Lantern","StrikeDummy"],"acts_visited":["Exordium","Hallownest:Greenpath","Hallownest:CityofTears","TheEnding"],"potions_floor_usage":[6,6,18,27,36,38,50,55,55,55,55,55],"damage_taken":[{"damage":6,"enemies":"2_ Uuma","floor":1,"turns":3},{"damage":7,"enemies":"Hallownest:eliteMossKnight","floor":6,"turns":3},{"damage":9,"enemies":"Hallownest:eliteVengeflyKing","floor":7,"turns":4},{"damage":0,"enemies":"Hallownest:monsterMarmu","floor":11,"turns":2},{"damage":0,"enemies":"Hallownest:eliteMossKnight","floor":13,"turns":2},{"damage":5,"enemies":"Hallownest:BossFalseKnight","floor":16,"turns":4},{"damage":0,"enemies":"Hallownest:2_Mistakes","floor":18,"turns":2},{"damage":0,"enemies":"Hallownest:Nosk","floor":24,"turns":3},{"damage":3,"enemies":"Hallownest:eliteWatcherKnight","floor":27,"turns":6},{"damage":9,"enemies":"Hallownest:BossSoulMaster","floor":33,"turns":4},{"damage":0,"enemies":"Hallownest:2_Littles","floor":35,"turns":1},{"damage":0,"enemies":"Hallownest:2_Littles","floor":36,"turns":1},{"damage":0,"enemies":"Hallownest:2_Littles","floor":36,"turns":2},{"damage":13,"enemies":"Hallownest:2_Littles","floor":36,"turns":2},{"damage":0,"enemies":"Hallownest:2_Littles","floor":36,"turns":2},{"damage":0,"enemies":"Hallownest:3_Siblings","floor":38,"turns":1},{"damage":0,"enemies":"Hallownest:StalkingDevout","floor":40,"turns":1},{"damage":0,"enemies":"Hallownest:eliteCollector","floor":46,"turns":2},{"damage":0,"enemies":"Hallownest:Radiance","floor":50,"turns":5},{"damage":0,"enemies":"Shield and Spear","floor":54,"turns":1},{"damage":25,"enemies":"The Heart","floor":55,"turns":4}],"seed_played":"-1812427849277381472","potions_obtained":[{"floor":6,"key":"SpeedPotion"},{"floor":12,"key":"DistilledChaos"},{"floor":12,"key":"Swift Potion"},{"floor":12,"key":"Ancient Potion"},{"floor":18,"key":"Strength Potion"},{"floor":27,"key":"LiquidMemories"},{"floor":35,"key":"DistilledChaos"},{"floor":38,"key":"Weak Potion"},{"floor":46,"key":"EntropicBrew"},{"floor":54,"key":"Ancient Potion"}],"is_trial":true,"path_per_floor":["M","$","?","?","?","E","E","R","T","T","?","$","E","$","R","B",null,"M","$","?","?","?","R","E","R","T","E","$","?","?","?","R","B",null,"M","?","$","M","?","E","T","$","T","$","R","E","R","?","R","B",null,"R","$","E","B",null],"character_chosen":"THE_BUGKNIGHT","items_purchased":["Strength Potion","DistilledChaos","SneckoOil","Sadistic Nature","Sling","Juzu Bracelet","Happy Flower","HollowMod:DesolateDive","Omamori","InkBottle","Cauldron","HollowMod:FastStrike","HollowMod:CoiledNail","Medical Kit","Blood Vial","HollowMod:CoiledNail","HollowMod:BaldurShell","Membership Card","HollowMod:KingsBrand","HollowMod:SoulEater","War Paint","Master of Strategy","PreservedInsect","Incense Burner","Chemical X","HollowMod:MantisMark","Unceasing Top","HornCleat","Frozen Eye","HollowMod:RecoilStrike","DuplicationPotion","Ornamental Fan","Strawberry","HollowMod:JonisBlessing","HollowMod:DashSlash","HollowMod:GoodIntentions","Oddly Smooth Stone","Centennial Puzzle","HandDrill","Apotheosis","HollowMod:MantisMark","Bag of Marbles","Lantern","HollowMod:MothsMistake"],"campfire_rested":0,"item_purchase_floors":[2,2,2,2,2,2,2,2,12,12,12,12,12,14,14,14,14,19,19,19,19,19,28,28,28,28,37,37,37,37,37,42,42,42,42,42,44,44,44,44,44,53,53,53],"current_hp_per_floor":[83,83,74,85,85,78,69,69,69,69,69,69,69,69,69,66,100,100,100,96,96,96,96,98,98,98,97,97,97,97,97,97,90,100,100,89,89,91,91,93,93,100,100,100,100,100,100,96,96,96,107,107,107,107,82],"gold":4470,"neow_bonus":"","is_daily":false,"chose_seed":false,"campfire_upgraded":8,"win_rate":0.0,"timestamp":1608733158,"path_taken":["M","$","?","?","?","E","E","R","T","?","?","$","E","?","R","BOSS","M","$","?","?","?","R","E","R","T","E","$","?","?","?","R","BOSS","M","?","$","M","?","E","?","$","T","$","R","E","R","?","R","BOSS","R","$","E","BOSS"],"items_purchased_type":["Potion","Potion","Potion","Card","Relic","Relic","Relic","Card","Relic","Relic","Relic","Card","Card","Relic","Relic","Card","Card","Relic","Relic","Card","Relic","Card","Relic","Relic","Relic","Card","Relic","Relic","Relic","Card","Potion","Relic","Relic","Relic","Card","Card","Relic","Relic","Relic","Card","Card","Relic","Relic","Card"],"build_version":"2020-12-22","purchased_purges":1,"victory":true,"max_hp_per_floor":[89,89,89,100,100,100,100,100,100,100,100,100,100,100,100,100,100,100,100,100,100,100,100,100,100,100,100,100,100,100,100,100,100,100,100,100,100,100,100,100,100,107,107,107,107,107,107,107,107,107,107,107,107,107,107],"card_choices":[{"not_picked":["HollowMod:DescendingDark","HollowMod:HeavyBlow","HollowMod:CornifersMapStart"],"picked":"SKIP","floor":1},{"not_picked":["HollowMod:LordofShades","HollowMod:MonomonsArchive","HollowMod:DreamGate"],"picked":"SKIP","floor":6},{"not_picked":["HollowMod:NewGlowingWomb","HollowMod:SoulVessel"],"picked":"HollowMod:SoulStrike","floor":7},{"not_picked":["HollowMod:InfectedCysts","HollowMod:DescendingDark","HollowMod:DoubleDash"],"picked":"SKIP","floor":13},{"not_picked":["HollowMod:ZotesMagnificence","HollowMod:ElderbugsWisdom"],"picked":"HollowMod:PureVessel","floor":16},{"not_picked":["HollowMod:ShadowDash+1","HollowMod:HeavyBlow"],"picked":"HollowMod:SoulStrike","floor":18},{"not_picked":["HollowMod:DescendingDark","HollowMod:NewJinnsSoul","HollowMod:SiblingsSouls"],"picked":"SKIP","floor":24},{"not_picked":["HollowMod:InfectedCysts","HollowMod:SoulSplash","HollowMod:VengefulVoid"],"picked":"SKIP","floor":27},{"not_picked":["HollowMod:VengefulVoid+1","HollowMod:HeavyBlow+1"],"picked":"HollowMod:CloakDash+1","floor":35},{"not_picked":["HollowMod:ChannelNail","HollowMod:VengefulVoid+1"],"picked":"HollowMod:DashSlash+1","floor":38},{"not_picked":["HollowMod:CrystalDash+1","HollowMod:SharpenedNail","HollowMod:Hiveblood"],"picked":"SKIP","floor":40},{"not_picked":["HollowMod:SharpenedNail","HollowMod:Hiveblood"],"picked":"HollowMod:CrystalDash+1","floor":40},{"not_picked":["HollowMod:VengefulVoid+1","HollowMod:PureVessel","HollowMod:DescendingDark+1"],"picked":"SKIP","floor":46},{"not_picked":["HollowMod:DreamGate","HollowMod:BlackTendrils"],"picked":"HollowMod:Weaversong","floor":54}],"player_experience":287689,"relics_obtained":[{"floor":6,"key":"Gremlin Horn"},{"floor":7,"key":"Ancient Tea Set"},{"floor":10,"key":"Art of War"},{"floor":13,"key":"Mercury Hourglass"},{"floor":24,"key":"Akabeko"},{"floor":26,"key":"Pocketwatch"},{"floor":27,"key":"HollowMod:PaleOreRelic"},{"floor":40,"key":"MawBank"},{"floor":41,"key":"Letter Opener"},{"floor":43,"key":"Boot"},{"floor":46,"key":"Gambling Chip"},{"floor":54,"key":"StrikeDummy"}],"event_choices":[],"is_beta":false,"boss_relics":[{"not_picked":["Cursed Key","Fusion Hammer"],"picked":"Ectoplasm"},{"not_picked":["Empty Cage","SacredBark"],"picked":"HollowMod:KingsSoulRelic"}],"items_purged_floors":[19],"is_endless":false,"potions_floor_spawned":[6,11,18,27,35,36,38,46,54],"ascension_level":0}}