{"host":"sdjng9zhqonqi3uc","time":1608741236,"event":{"mods":["2.2 Compatiblity","AchievementEnabler","BaseMod","BetterRewards","Colored Powertips","Hero for Fun","Minty Spire (QoL Compilation)","StSLib","Td1madao Mod","The Animator","The Cursed","The Servant 0.9.4"],"gold_per_floor":[122,122,141,316,330,330,341,423,423,442,442,471,471,498,498,603,603,626,5,17,53,85,85,107,113,113],"floor_reached":25,"playtime":1654,"items_purged":["animator:Defend"],"score":207,"play_id":"79f7eaf7-f503-4642-8b31-0ad16f676473","local_time":"20201223173356","is_ascension_mode":false,"campfire_choices":[{"data":"animator:Aqua","floor":6,"key":"SMITH"},{"data":"animator:YaoHaDucy","floor":11,"key":"SMITH"},{"data":"animator:Aqua","floor":13,"key":"SMITH"},{"data":"animator:KrulTepes","floor":15,"key":"SMITH"},{"data":"animator:Hans","floor":23,"key":"SMITH"}],"circlet_count":0,"master_deck":["animator:Strike_Konosuba+1","animator:Defend_Konosuba+1","animator:Strike","animator:Strike","animator:Strike","animator:Defend","animator:Defend","animator:Kazuma","animator:Aqua+1","animator:KrulTepes+1","animator:Millim+1","Doubt","animator:YaoHaDucy+1","animator:Aqua+1","animator:Shigure","animator:Hans+1","animator:ChaikaTrabant","animator:Yuuichirou","animator:Chris+1","animator:Megumin+3","animator:Yoichi","animator:Vanir","animator:AcuraShin","animator:Vanir"],"relics":["animator:LivingPicture","animator:TheMissingPiece","animator:PurgingStone","NeowsBlessing","Bottled Flame","White Beast Statue","Singing Bowl","Black Star","Gremlin Horn","Prayer Wheel"],"acts_visited":["Exordium","TheCity"],"potions_floor_usage":[10,12,12,16,16,20,20,20,21,21,21,22,24,25],"damage_taken":[{"damage":0,"enemies":"Jaw Worm","floor":1,"turns":1},{"damage":0,"enemies":"2 Louse","floor":3,"turns":1},{"damage":0,"enemies":"Cultist","floor":5,"turns":1},{"damage":15,"enemies":"3 Louse","floor":7,"turns":3},{"damage":1,"enemies":"2 Fungi Beasts","floor":10,"turns":2},{"damage":10,"enemies":"Gremlin Nob","floor":12,"turns":3},{"damage":2,"enemies":"Blue Slaver","floor":14,"turns":4},{"damage":37,"enemies":"The Guardian","floor":16,"turns":12},{"damage":0,"enemies":"Chosen","floor":18,"turns":5},{"damage":18,"enemies":"3 Byrds","floor":20,"turns":6},{"damage":19,"enemies":"3 Cultists","floor":21,"turns":6},{"damage":24,"enemies":"Centurion and Healer","floor":22,"turns":8},{"damage":9,"enemies":"Snake Plant","floor":24,"turns":4},{"damage":44,"enemies":"Slavers","floor":25,"turns":3}],"seed_played":"-8856730968873980696","potions_obtained":[{"floor":5,"key":"FearPotion"},{"floor":7,"key":"Explosive Potion"},{"floor":10,"key":"Strength Potion"},{"floor":12,"key":"Swift Potion"},{"floor":14,"key":"Fruit Juice"},{"floor":16,"key":"PowerPotion"},{"floor":18,"key":"EntropicBrew"},{"floor":20,"key":"SkillPotion"},{"floor":21,"key":"AttackPotion"},{"floor":22,"key":"ColorlessPotion"},{"floor":24,"key":"Weak Potion"}],"is_trial":false,"path_per_floor":["M","?","M","?","M","R","M","T","T","M","R","E","R","M","R","B",null,"M","$","M","M","M","R","M","E"],"character_chosen":"THE_ANIMATOR","items_purchased":["Gremlin Horn","Prayer Wheel"],"campfire_rested":0,"item_purchase_floors":[19,19],"current_hp_per_floor":[66,53,53,53,53,53,41,41,41,45,45,39,39,43,43,17,72,72,72,60,48,33,33,30,0,0],"gold":113,"neow_bonus":"THREE_ENEMY_KILL","is_daily":false,"chose_seed":false,"campfire_upgraded":5,"win_rate":0.0,"timestamp":1608741236,"path_taken":["M","?","M","?","M","R","M","?","T","?","R","E","R","M","R","BOSS","M","$","M","M","M","R","M","E"],"items_purchased_type":["Relic","Relic"],"build_version":"2020-12-22","purchased_purges":1,"victory":false,"max_hp_per_floor":[66,66,66,66,66,66,66,66,66,66,66,67,67,67,67,72,72,72,72,75,76,79,79,79,79,79],"card_choices":[{"not_picked":["animator:LeleiLaLalena","animator:TukaLunaMarceau"],"picked":"animator:KrulTepes","floor":1},{"not_picked":["animator:Kaijin","animator:Illya"],"picked":"animator:Millim","floor":3},{"not_picked":["animator:Mitsurugi","animator:TukaLunaMarceau"],"picked":"animator:YaoHaDucy","floor":5},{"not_picked":["animator:YunYun","animator:Darkness"],"picked":"animator:Aqua","floor":7},{"not_picked":["animator:Chung","animator:ChaikaBohdan"],"picked":"animator:Millim","floor":10},{"not_picked":["animator:Kazuma","animator:AcuraAkari"],"picked":"animator:Shigure","floor":12},{"not_picked":["animator:SakuraMatou","animator:Mikaela"],"picked":"animator:Hans","floor":14},{"not_picked":["animator:Saitama","animator:GoblinSlayer"],"picked":"animator:ChaikaTrabant","floor":16},{"not_picked":["animator:KrulTepes","animator:HiiragiShinya"],"picked":"animator:Yuuichirou","floor":18},{"not_picked":["animator:Guy","animator:SilverFang","animator:Raven"],"picked":"Singing Bowl","floor":20},{"not_picked":["animator:Kuribayashi","animator:Berserker"],"picked":"animator:Chris+1","floor":20},{"not_picked":["animator:Mitsurugi","animator:Hans"],"picked":"animator:Megumin+1","floor":21},{"not_picked":["animator:Shigure","animator:Genos+1"],"picked":"animator:Yoichi","floor":21},{"not_picked":["animator:Aqua","animator:HiiragiShinya"],"picked":"animator:Vanir","floor":22},{"not_picked":["animator:TukaLunaMarceau","animator:Raven","animator:Ara"],"picked":"Singing Bowl","floor":22},{"not_picked":["animator:KrulTepes","animator:Aisha+1"],"picked":"animator:AcuraShin","floor":24},{"not_picked":["animator:Chris","animator:YunYun"],"picked":"animator:Vanir","floor":24}],"player_experience":233641,"relics_obtained":[{"floor":8,"key":"Bottled Flame"},{"floor":9,"key":"White Beast Statue"},{"floor":12,"key":"Singing Bowl"}],"event_choices":[{"damage_healed":0,"gold_gain":0,"player_choice":"Entered Light","damage_taken":13,"max_hp_gain":0,"max_hp_loss":0,"event_name":"Shining Light","floor":2,"gold_loss":0,"cards_upgraded":["animator:Strike_Konosuba","animator:Defend_Konosuba"]},{"damage_healed":0,"gold_gain":175,"player_choice":"AGREE","damage_taken":0,"max_hp_gain":0,"max_hp_loss":0,"event_name":"Liars Game","floor":4,"gold_loss":0,"cards_obtained":["Doubt"]}],"is_beta":false,"boss_relics":[{"not_picked":["SlaversCollar","Mark of Pain"],"picked":"Black Star"}],"items_purged_floors":[19],"is_endless":false,"potions_floor_spawned":[5,7,10,12,14,16,18,20,21,22,24],"killed_by":"Slavers","ascension_level":0}}