{"host":"Melcetto","time":1608761271,"event":{"mods":["AlwaysNeverKeys","BaseMod","Better Vampires","Colored Map","Colored Powertips","DeckTracker","Emptier Cage","Minty Spire (QoL Compilation)","Permanent Neow","Quick Restart","Random Character Button","Rare Cards Sparkle","Relic Sorter","Relic Stats","StSLib","Transform Curses"],"gold_per_floor":[212,212,57,77,96,126,126,152,224,234,254,272,10,20,20,99,99,114,114,134,49,64,98,118,146,171,171,171],"floor_reached":27,"playtime":2364,"items_purged":["Strike_R","Strike_R"],"score":534,"play_id":"672014d0-2eef-4aa4-9f48-3d030017ef96","local_time":"20201223170751","is_ascension_mode":true,"campfire_choices":[{"data":"Immolate","floor":7.0,"key":"SMITH"},{"data":"Combust","floor":15,"key":"SMITH"}],"circlet_count":0,"master_deck":["AscendersBane","Defend_R","Defend_R","Defend_R","Defend_R","Bash","Combust+1","Immolate+1","Disarm","Feel No Pain","Shrug It Off","Barricade","Ghostly Armor","Cleave","Shrug It Off","Dark Embrace+1"],"relics":["Burning Blood","Gambling Chip","Oddly Smooth Stone","Meat on the Bone","Happy Flower","Fusion Hammer","Toy Ornithopter","Bag of Preparation","Potion Belt","Smiling Mask"],"acts_visited":["Exordium","TheCity"],"potions_floor_usage":[16,23,25,25,27],"damage_taken":[{"damage":9.0,"enemies":"Jaw Worm","floor":1.0,"turns":5.0},{"damage":0.0,"enemies":"Cultist","floor":4.0,"turns":2.0},{"damage":7.0,"enemies":"Small Slimes","floor":5.0,"turns":3.0},{"damage":20.0,"enemies":"3 Sentries","floor":6.0,"turns":5.0},{"damage":39.0,"enemies":"Lagavulin","floor":8.0,"turns":8.0},{"damage":11.0,"enemies":"Looter","floor":10.0,"turns":4.0},{"damage":14.0,"enemies":"Large Slime","floor":11.0,"turns":6.0},{"damage":0.0,"enemies":"Lots of Slimes","floor":12.0,"turns":2.0},{"damage":4,"enemies":"Exordium Wildlife","floor":14,"turns":3},{"damage":16,"enemies":"The Guardian","floor":16,"turns":9},{"damage":25,"enemies":"Chosen","floor":18,"turns":7},{"damage":24,"enemies":"Spheric Guardian","floor":20,"turns":4},{"damage":22,"enemies":"Snake Plant","floor":22,"turns":4},{"damage":53,"enemies":"Book of Stabbing","floor":23,"turns":8},{"damage":10,"enemies":"Centurion and Healer","floor":24,"turns":13},{"damage":12,"enemies":"Slavers","floor":25,"turns":2},{"damage":56,"enemies":"Book of Stabbing","floor":27,"turns":7}],"seed_played":"6229038014053506384","potions_obtained":[{"floor":1.0,"key":"Swift Potion"},{"floor":4.0,"key":"SteroidPotion"},{"floor":11.0,"key":"PowerPotion"},{"floor":18,"key":"BloodPotion"},{"floor":23,"key":"AttackPotion"},{"floor":25,"key":"FearPotion"}],"is_trial":false,"path_per_floor":["M","?","$","M","M","E","R","E","T","M","M","M","$","M","R","B",null,"M","?","M","?","M","E","M","E","T","E"],"character_chosen":"IRONCLAD","items_purchased":["Immolate","Happy Flower"],"campfire_rested":0,"item_purchase_floors":[3,13],"current_hp_per_floor":[65,65,65,71,70,56,56,23,23,30,34,52,52,54,54,44,67,48,48,42,42,38,23,31,47,47,0,0],"gold":171,"neow_bonus":"HUNDRED_GOLD","is_daily":false,"chose_seed":false,"campfire_upgraded":2,"win_rate":0.0,"timestamp":1608761271,"path_taken":["M","?","$","M","?","E","R","E","T","M","?","M","$","M","R","BOSS","M","?","M","?","M","E","M","E","T","E"],"items_purchased_type":["Card","Relic"],"build_version":"2020-12-18","purchased_purges":2,"victory":false,"max_hp_per_floor":[75,75,75,75,75,75,75,75,75,75,75,75,75,75,75,75,75,75,75,75,75,75,75,75,75,75,75,75],"relic_stats":{"Happy Flower":[19],"counters":[17,92],"Gambling Chip":[45],"Bag of Preparation":[6],"Smiling Mask":0,"obtain_stats":[{"Potion Belt":25,"Happy Flower":13,"Gambling Chip":6,"Oddly Smooth Stone":8,"Fusion Hammer":17,"Bag of Preparation":23,"Smiling Mask":26,"Burning Blood":0,"Toy Ornithopter":21,"Meat on the Bone":9},{"Potion Belt":16,"Happy Flower":8,"Gambling Chip":4,"Oddly Smooth Stone":5,"Fusion Hammer":10,"Bag of Preparation":14,"Smiling Mask":16,"Burning Blood":0,"Toy Ornithopter":12,"Meat on the Bone":5},{"Potion Belt":85,"Happy Flower":35,"Gambling Chip":15,"Oddly Smooth Stone":23,"Fusion Hammer":47,"Bag of Preparation":70,"Smiling Mask":85,"Burning Blood":0,"Toy Ornithopter":58,"Meat on the Bone":23}],"Burning Blood":96,"Toy Ornithopter":20,"Meat on the Bone":96},"card_choices":[{"not_picked":["Sword Boomerang","Iron Wave"],"picked":"Combust","floor":1.0},{"not_picked":["Havoc","Clash"],"picked":"Disarm","floor":4.0},{"not_picked":["Burning Pact","Clash"],"picked":"Feel No Pain","floor":5.0},{"not_picked":["Pommel Strike","Sever Soul"],"picked":"Shrug It Off","floor":6.0},{"not_picked":["Inflame","Dual Wield","Pommel Strike"],"picked":"SKIP","floor":8.0},{"not_picked":["Brutality","Armaments","Clothesline"],"picked":"SKIP","floor":10.0},{"not_picked":["Cleave","Dual Wield","Intimidate"],"picked":"SKIP","floor":11.0},{"not_picked":["Cleave","Dual Wield","Intimidate"],"picked":"SKIP","floor":11.0},{"not_picked":["Infernal Blade","Body Slam","Twin Strike"],"picked":"SKIP","floor":12.0},{"not_picked":["Clash","Headbutt","Heavy Blade"],"picked":"SKIP","floor":14},{"not_picked":["Immolate","Demon Form"],"picked":"Barricade","floor":16},{"not_picked":["Havoc","Carnage","Seeing Red"],"picked":"SKIP","floor":18},{"not_picked":["Twin Strike","Thunderclap","Blood for Blood"],"picked":"SKIP","floor":20},{"not_picked":["Rage","Clash+1","Twin Strike"],"picked":"SKIP","floor":22},{"not_picked":["Warcry","Intimidate","Infernal Blade"],"picked":"SKIP","floor":23},{"not_picked":["Seeing Red","Sever Soul"],"picked":"Shrug It Off","floor":24},{"not_picked":["Warcry","Havoc"],"picked":"Dark Embrace+1","floor":25}],"player_experience":18770262,"relics_obtained":[{"floor":6.0,"key":"Gambling Chip"},{"floor":8.0,"key":"Oddly Smooth Stone"},{"floor":9.0,"key":"Meat on the Bone"},{"floor":23,"key":"Bag of Preparation"},{"floor":25,"key":"Potion Belt"},{"floor":26,"key":"Smiling Mask"}],"event_choices":[{"cards_removed":["Strike_R"],"damage_healed":0.0,"max_hp_gain":0.0,"max_hp_loss":0.0,"gold_gain":0.0,"event_name":"Purifier","player_choice":"Purged","floor":2.0,"gold_loss":0.0,"damage_taken":0.0},{"damage_healed":0,"gold_gain":0,"cards_transformed":["Strike_R","Strike_R"],"player_choice":"Became Test Subject","damage_taken":0,"max_hp_gain":0,"max_hp_loss":0,"event_name":"Drug Dealer","floor":19,"gold_loss":0,"cards_obtained":["Ghostly Armor","Cleave"]},{"damage_healed":0,"gold_gain":0,"player_choice":"Obtained Relic","damage_taken":0,"relics_obtained":["Toy Ornithopter"],"max_hp_gain":0,"max_hp_loss":0,"event_name":"Addict","floor":21,"gold_loss":85}],"is_beta":true,"boss_relics":[{"not_picked":["Calling Bell","Pandora\u0027s Box"],"picked":"Fusion Hammer"}],"items_purged_floors":[3,13],"is_endless":false,"potions_floor_spawned":[1,4,6,8,11,12,18,23,24,25],"killed_by":"Book of Stabbing","ascension_level":20}}