{"host":"709gjpjg43u3i5a8","time":1608687640,"event":{"mods":["BaseMod","Colored Map","Colored Powertips","Downfall","Hermit","Hubris","Infinite Spire","Marisa????????","Minty Spire (QoL Compilation)","Remilia??????","StSLib","Td1madao Mod","The Animator","The Bug Knight","The Cursed","The Disciple","The Hierophant","The Jungle","The Servant 0.9.4"],"gold_per_floor":[119,119,137,137,137,169,169,188,261,261,271,271,286,311,311,413,413,384,384,384],"floor_reached":19,"playtime":1542,"items_purged":[],"score":177,"play_id":"26db0e4c-d1d4-450a-b80d-3df3a42e0453","local_time":"20201222184040","is_ascension_mode":false,"campfire_choices":[{"data":"HollowMod:LifebloodCocoon","floor":10,"key":"SMITH"},{"data":"HollowMod:NewGlowingWomb","floor":12,"key":"SMITH"},{"floor":15,"key":"REST"}],"circlet_count":0,"master_deck":["HollowMod:NailStrikeStart","HollowMod:NailStrikeStart","HollowMod:NailStrikeStart","HollowMod:NailStrikeStart","HollowMod:QuickDashStart","HollowMod:QuickDashStart","HollowMod:QuickDashStart","HollowMod:FocusHealStart+1","HollowMod:PogoStrike","HollowMod:LifebloodCocoon+1","HollowMod:CloakDash","HollowMod:SoulEater","HollowMod:SoulVessel","HollowMod:NewGlowingWomb+1","HollowMod:SoulEater","HollowMod:SlysStrikes","HollowMod:theNailsmith","HollowMod:MothsMistake"],"relics":["HollowMod:VesselMask","Blood Vial","hubris:ToyBattleship","Bottled Tornado","hubris:SlimyHat","Philosopher\u0027s Stone"],"acts_visited":["Exordium","TheCity"],"potions_floor_usage":[16,18,18],"damage_taken":[{"damage":5,"enemies":"Jaw Worm","floor":1,"turns":5},{"damage":2,"enemies":"2 Louse","floor":3,"turns":3},{"damage":14,"enemies":"HollowMod:MossKnight","floor":6,"turns":14},{"damage":14,"enemies":"Small Slimes","floor":8,"turns":4},{"damage":9,"enemies":"Exordium Wildlife","floor":11,"turns":7},{"damage":12,"enemies":"Looter","floor":13,"turns":4},{"damage":47,"enemies":"Lagavulin","floor":14,"turns":12},{"damage":54,"enemies":"The Guardian","floor":16,"turns":12},{"damage":55,"enemies":"2 Thieves","floor":18,"turns":5},{"damage":32,"enemies":"3 Byrds","floor":19,"turns":2}],"seed_played":"8329246916023827039","potions_obtained":[{"floor":8,"key":"GamblersBrew"},{"floor":11,"key":"infinitespire:BlackPotion"},{"floor":14,"key":"Dexterity Potion"},{"floor":16,"key":"Explosive Potion"},{"floor":18,"key":"FearPotion"}],"is_trial":false,"path_per_floor":["M","?","M","?","?","E","?","M","T","R","M","R","M","E","R","B",null,"M","M"],"character_chosen":"THE_BUGKNIGHT","items_purchased":[],"campfire_rested":1,"item_purchase_floors":[],"current_hp_per_floor":[75,75,73,73,73,71,64,62,62,62,61,61,61,26,48,8,75,30,0,0],"gold":384,"neow_bonus":"UPGRADE_CARD","is_daily":false,"chose_seed":false,"campfire_upgraded":2,"win_rate":0.0,"timestamp":1608687640,"path_taken":["M","?","M","?","?","E","?","M","T","R","M","R","M","E","R","BOSS","M","M"],"items_purchased_type":[],"build_version":"2020-12-13","purchased_purges":0,"victory":false,"max_hp_per_floor":[75,75,75,75,75,75,75,75,75,75,75,75,75,75,75,75,75,75,75,75],"card_choices":[{"not_picked":["HollowMod:SharpenedNail","HollowMod:NewJinnsSoul"],"picked":"HollowMod:LifebloodCocoon","floor":1},{"not_picked":["HollowMod:PerfectDash","HollowMod:SharpenedNail"],"picked":"HollowMod:CloakDash","floor":3},{"not_picked":["HollowMod:SoulSplash","HollowMod:Grubsong"],"picked":"HollowMod:SoulEater","floor":6},{"not_picked":["HollowMod:CornifersMapStart","HollowMod:CrystalDash"],"picked":"HollowMod:SoulVessel","floor":8},{"not_picked":["HollowMod:ShapeofUnn","HollowMod:MawleksShell"],"picked":"HollowMod:NewGlowingWomb","floor":11},{"not_picked":["HollowMod:MonarchWings","HollowMod:VengefulSpirit"],"picked":"HollowMod:SoulEater","floor":13},{"not_picked":["HollowMod:FastStrike","HollowMod:DashSlash"],"picked":"HollowMod:SlysStrikes","floor":14},{"not_picked":["HollowMod:Hiveblood","HollowMod:NewInfectedGuardian"],"picked":"HollowMod:theNailsmith","floor":16},{"not_picked":["HollowMod:FallenFury","HollowMod:WraithStrike"],"picked":"HollowMod:MothsMistake","floor":18}],"player_experience":382913,"relics_obtained":[{"floor":4,"key":"Blood Vial"},{"floor":6,"key":"hubris:ToyBattleship"},{"floor":9,"key":"Bottled Tornado"},{"floor":14,"key":"hubris:SlimyHat"}],"event_choices":[{"cards_removed":["HollowMod:QuickDashStart"],"damage_healed":0,"gold_gain":0,"player_choice":"Card Removal","damage_taken":7,"max_hp_gain":0,"max_hp_loss":0,"event_name":"Golden Wing","floor":7,"gold_loss":0}],"is_beta":false,"boss_relics":[{"not_picked":["Fusion Hammer","Sozu"],"picked":"Philosopher\u0027s Stone"}],"items_purged_floors":[],"is_endless":false,"potions_floor_spawned":[8,11,14,16,18],"killed_by":"3 Byrds","ascension_level":0}}