{"host":"2qv44oxt58ptq59r","time":1608753685,"event":{"mods":["AchievementEnabler","BaseMod","Colored Powertips","Highlight Path","Minty Spire (QoL Compilation)","Permanent Neow","StSLib"],"gold_per_floor":[119,119,4,4,4,4,4,4,56,96,396,414,438,454,454,575,575,594,613,613,523,547,547,563,587,587,587,587],"floor_reached":27,"playtime":3301,"items_purged":[],"score":213,"play_id":"feaf8704-4c50-422e-a02f-fed6ea746933","local_time":"20201223200125","is_ascension_mode":false,"campfire_choices":[{"floor":6.0,"key":"REST"},{"data":"Uppercut","floor":8.0,"key":"SMITH"},{"data":"Armaments","floor":15,"key":"SMITH"},{"data":"Inflame","floor":23,"key":"SMITH"}],"circlet_count":0,"master_deck":["Strike_R","Strike_R","Strike_R","Strike_R","Defend_R","Defend_R","Defend_R","Defend_R+1","Bash","Exhume","Headbutt+1","Uppercut+1","Flame Barrier+1","Warcry","Whirlwind","Armaments+1","Disarm","Demon Form","Cleave+1","Infernal Blade","Inflame+1","Sword Boomerang+1","Sentinel+1"],"relics":["Burning Blood","Golden Idol","White Beast Statue","Old Coin","SlaversCollar","StrikeDummy"],"acts_visited":["Exordium","TheCity"],"potions_floor_usage":[14,16,19,19,19,22,24,25,27],"damage_taken":[{"damage":6.0,"enemies":"Jaw Worm","floor":1.0,"turns":3.0},{"damage":37.0,"enemies":"3 Sentries","floor":10.0,"turns":10.0},{"damage":0,"enemies":"2 Louse","floor":12,"turns":3},{"damage":0,"enemies":"Small Slimes","floor":13,"turns":3},{"damage":0,"enemies":"2 Fungi Beasts","floor":14,"turns":4},{"damage":20,"enemies":"The Guardian","floor":16,"turns":18},{"damage":6,"enemies":"3 Byrds","floor":18,"turns":8},{"damage":8,"enemies":"Shell Parasite","floor":19,"turns":4},{"damage":12,"enemies":"Snecko","floor":22,"turns":5},{"damage":48,"enemies":"Cultist and Chosen","floor":24,"turns":8},{"damage":29,"enemies":"Shelled Parasite and Fungi","floor":25,"turns":11},{"damage":9,"enemies":"3 Cultists","floor":27,"turns":3}],"seed_played":"2257796912514303496","potions_obtained":[{"floor":10.0,"key":"BloodPotion"},{"floor":12,"key":"Block Potion"},{"floor":13,"key":"FearPotion"},{"floor":14,"key":"DuplicationPotion"},{"floor":16,"key":"SmokeBomb"},{"floor":18,"key":"BlessingOfTheForge"},{"floor":19,"key":"BlessingOfTheForge"},{"floor":22,"key":"BlessingOfTheForge"},{"floor":24,"key":"Block Potion"},{"floor":25,"key":"Block Potion"}],"is_trial":false,"path_per_floor":["M","?","$","?","$","R","$","R","T","E","?","M","M","M","R","B",null,"M","M","?","?","M","R","M","M","T","M"],"character_chosen":"IRONCLAD","items_purchased":["Uppercut","Flame Barrier"],"campfire_rested":1,"item_purchase_floors":[3,3],"current_hp_per_floor":[80,64,64,44,44,68,68,68,68,37,37,43,49,71,71,57,80,80,78,78,78,72,72,30,7,7,0,0],"gold":587,"neow_bonus":"ONE_RANDOM_RARE_CARD","is_daily":false,"chose_seed":false,"campfire_upgraded":3,"win_rate":0.0,"timestamp":1608753685,"path_taken":["M","?","$","?","$","R","$","R","T","E","?","M","M","M","R","BOSS","M","M","?","?","M","R","M","M","T","?"],"items_purchased_type":["Card","Card"],"build_version":"2020-12-22","purchased_purges":0,"victory":false,"max_hp_per_floor":[80,80,80,80,80,80,80,80,80,80,80,80,80,80,80,80,80,80,80,80,80,80,80,80,80,80,80,80],"card_choices":[{"not_picked":["Sentinel","Dark Embrace"],"picked":"Headbutt","floor":1.0},{"not_picked":["Wild Strike","Cleave"],"picked":"Warcry","floor":10.0},{"not_picked":["Sentinel","Iron Wave"],"picked":"Whirlwind","floor":12},{"not_picked":["Perfected Strike","Fire Breathing"],"picked":"Armaments","floor":13},{"not_picked":["Clothesline","Anger"],"picked":"Disarm","floor":14},{"not_picked":["Reaper","Barricade"],"picked":"Demon Form","floor":16},{"not_picked":["Rampage+1","True Grit"],"picked":"Cleave+1","floor":18},{"not_picked":["Havoc","Dual Wield"],"picked":"Infernal Blade","floor":19},{"not_picked":["Havoc+1","Impervious"],"picked":"Inflame","floor":22},{"not_picked":["Anger+1","Twin Strike"],"picked":"Sword Boomerang+1","floor":24},{"not_picked":["Cleave","Sword Boomerang"],"picked":"Sentinel+1","floor":25}],"player_experience":4997264,"relics_obtained":[{"floor":10.0,"key":"White Beast Statue"},{"floor":26,"key":"StrikeDummy"}],"event_choices":[{"damage_healed":0.0,"max_hp_gain":0.0,"max_hp_loss":0.0,"gold_gain":0.0,"event_name":"Shining Light","player_choice":"Entered Light","floor":2.0,"gold_loss":0.0,"damage_taken":16.0,"cards_upgraded":["Defend_R","Headbutt"]},{"damage_healed":0.0,"max_hp_gain":0.0,"max_hp_loss":0.0,"gold_gain":0.0,"event_name":"Golden Idol","player_choice":"Take Damage","floor":4.0,"gold_loss":0.0,"damage_taken":20.0,"relics_obtained":["Golden Idol"]},{"damage_healed":0.0,"max_hp_gain":0.0,"max_hp_loss":0.0,"gold_gain":0.0,"event_name":"Dead Adventurer","player_choice":"Searched \u00271\u0027 times","floor":11.0,"gold_loss":0.0,"damage_taken":0.0,"relics_obtained":["Old Coin"]},{"damage_healed":0,"gold_gain":0,"player_choice":"Ignored","damage_taken":0,"max_hp_gain":0,"max_hp_loss":0,"event_name":"Ghosts","floor":20,"gold_loss":0},{"cards_removed":["Strike_R"],"damage_healed":0,"gold_gain":0,"player_choice":"Upgrade and Remove","damage_taken":0,"max_hp_gain":0,"max_hp_loss":0,"event_name":"Designer","floor":21,"gold_loss":90,"cards_upgraded":["Flame Barrier"]}],"is_beta":false,"boss_relics":[{"not_picked":["Fusion Hammer","Sozu"],"picked":"SlaversCollar"}],"items_purged_floors":[],"is_endless":false,"potions_floor_spawned":[10,12,13,14,16,18,19,22,24,25],"killed_by":"3 Cultists","ascension_level":0}}