{"host":"uflv0e3ja7hvnij7","time":1608726246,"event":{"mods":["BaseMod","Conspire","Hubris","Minty Spire (QoL Compilation)","Replay The Spire","StSLib","The Bug Knight"],"gold_per_floor":[112,112,37,37,50,50,50,69,94,112,11,29,47,63,63,158,458,370,118,130,150,164,164,11,11,11,26,51,78,121,121,121,228,228,245,327,327,109,134,175,184,211,236,260,283,292,314,24,42,42],"floor_reached":51,"playtime":3627,"items_purged":["Strike_B","Regret"],"score":1028,"play_id":"113b3657-0ea1-46f9-9112-19e8700d2ecc","local_time":"20201223072406","is_ascension_mode":true,"campfire_choices":[{"floor":6,"key":"REST"},{"data":"hubris:DuctTapeCard","floor":15,"key":"SMITH"},{"data":"Phantasmal Killer","floor":23,"key":"SMITH"},{"data":"Blade Dance","floor":25,"key":"SMITH"},{"floor":49,"key":"REST"}],"circlet_count":0,"master_deck":["Strike_G","Strike_G","Strike_G","Defend_G","Defend_G","Survivor","Dagger Throw","Die Die Die","hubris:DuctTapeCard+2","Blade Dance","PiercingWail","Dash","Blade Dance+1","Finisher","Phantasmal Killer+1","Dagger Throw","hubris:DuctTapeCard+2","Cloak And Dagger","Backflip+1","Venomology","Cloak And Dagger","hubris:Sniper","Wraith Form v2","After Image","Adrenaline","Concentrate+1","Noxious Fumes","Expertise+1","Accuracy","conspire:PoisonWeapons","Deadly Poison+1","PiercingWail","Bullet Time","Prepared+1"],"relics":["Ring of the Snake","Replay:PocketPolymizer","Boot","hubris:DuctTape","Happy Flower","ReplayTheSpireMod:CursedCoin","Snack Pack","Replay:Ancient Bell","Omamori","hubris:MysteriousPyramids","Old Coin","DollysMirror","Membership Card","Chameleon Ring","hubris:BottledRain","Dream Catcher","CeramicFish","Fusion Hammer","hubris:Towel","hubris:CuriousFeather","TungstenRod","ReplayTheSpireMod:Lightbulb","Nunchaku","TwistedFunnel","Pear"],"acts_visited":["Exordium","TheCity","TheBeyond"],"potions_floor_usage":[16,16,16,21,21,28,28,33,33,33,40,42,44,45,47,50,50,50],"damage_taken":[{"damage":0,"enemies":"2 Louse","floor":1,"turns":3},{"damage":1,"enemies":"Jaw Worm","floor":5,"turns":5},{"damage":0,"enemies":"Cultist","floor":8,"turns":3},{"damage":3,"enemies":"3 Louse","floor":10,"turns":3},{"damage":0,"enemies":"Blue Slaver","floor":12,"turns":4},{"damage":9,"enemies":"2 Fungi Beasts","floor":13,"turns":3},{"damage":14,"enemies":"Exordium Wildlife","floor":14,"turns":4},{"damage":33,"enemies":"Hexaghost","floor":16,"turns":11},{"damage":0,"enemies":"Chosen","floor":18,"turns":3},{"damage":1,"enemies":"3 Byrds","floor":20,"turns":4},{"damage":0,"enemies":"Snake Plant","floor":21,"turns":1},{"damage":18,"enemies":"Shelled Parasite and Fungi","floor":22,"turns":4},{"damage":0,"enemies":"Snecko","floor":27,"turns":4},{"damage":24,"enemies":"Slavers","floor":28,"turns":3},{"damage":21,"enemies":"conspire:MimicChest","floor":30,"turns":7},{"damage":25,"enemies":"Pondfish","floor":33,"turns":9},{"damage":8,"enemies":"Orb Walker","floor":35,"turns":2},{"damage":0,"enemies":"3 Shapes","floor":39,"turns":2},{"damage":0,"enemies":"Nemesis","floor":40,"turns":6},{"damage":0,"enemies":"Jaw Worm Horde","floor":42,"turns":4},{"damage":0,"enemies":"4 Shapes","floor":44,"turns":2},{"damage":3,"enemies":"Sphere and 2 Shapes","floor":45,"turns":5},{"damage":23,"enemies":"Spire Growth","floor":47,"turns":4},{"damage":15,"enemies":"Awakened One","floor":50,"turns":9}],"seed_played":"-4132535770644623421","potions_obtained":[{"floor":10,"key":"Elixir"},{"floor":13,"key":"EntropicBrew"},{"floor":14,"key":"Reflective Coating"},{"floor":16,"key":"BlessingOfTheForge"},{"floor":30,"key":"Strength Potion"},{"floor":32,"key":"GamblersBrew"},{"floor":32,"key":"DistilledChaos"},{"floor":35,"key":"BlessingOfTheForge"},{"floor":39,"key":"Flashbang"},{"floor":41,"key":"Weak Potion"},{"floor":41,"key":"LifebloodPotion"},{"floor":46,"key":"Flashbang"},{"floor":46,"key":"Fire Potion"},{"floor":47,"key":"Poison Potion"}],"is_trial":false,"path_per_floor":["M","?","$","?","M","R","T","M","T","M","$","M","M","M","R","B",null,"M","$","M","M","M","R","$","R","T","M","E","T","?","$","R","B",null,"M","?","?","$","M","E","R","M","T","M","M","R","M","$","R","B",null],"character_chosen":"THE_SILENT","items_purchased":["ReplayTheSpireMod:CursedCoin","Snack Pack","DollysMirror","Membership Card","After Image","hubris:CuriousFeather","PiercingWail","Nunchaku","TwistedFunnel","Pear"],"campfire_rested":2,"item_purchase_floors":[11,11,19,24,38,38,48,48,48,48],"current_hp_per_floor":[70,52,52,45,44,65,65,65,65,62,62,66,59,51,51,34,70,70,70,70,70,56,56,56,56,56,64,46,46,37,37,37,24,70,64,36,36,36,42,54,54,58,58,66,70,70,51,61,80,73],"gold":42,"neow_bonus":"ONE_RARE_RELIC","is_daily":false,"chose_seed":false,"campfire_upgraded":3,"win_rate":0.0,"timestamp":1608726246,"path_taken":["M","?","$","?","M","R","?","M","T","M","?","M","M","M","R","BOSS","M","$","M","M","M","R","$","R","T","M","E","?","?","?","R","BOSS","M","?","?","$","M","E","R","M","T","M","M","R","M","$","R","BOSS"],"items_purchased_type":["Relic","Relic","Relic","Relic","Card","Relic","Card","Relic","Relic","Relic"],"build_version":"2020-12-22","purchased_purges":2,"victory":true,"max_hp_per_floor":[70,70,70,70,70,70,70,70,70,70,70,70,70,70,70,70,70,70,70,70,70,70,70,70,70,70,70,70,70,70,70,70,70,70,70,70,70,70,70,70,70,70,70,70,70,70,70,80,80,80],"card_choices":[{"not_picked":["Dagger Spray","Outmaneuver"],"picked":"Dagger Throw","floor":1},{"not_picked":["Outmaneuver","Dagger Spray"],"picked":"Sucker Punch","floor":5},{"not_picked":["Flying Knee","Escape Plan","Hidden Blade"],"picked":"SKIP","floor":8},{"not_picked":["Underhanded Strike","Hidden Blade"],"picked":"Blade Dance","floor":10},{"not_picked":["Dagger Spray","Deadly Poison"],"picked":"PiercingWail","floor":12},{"not_picked":["ReplayTheSpireMod:Scrap Shanks","hubris:SlightOfHand"],"picked":"Dash","floor":13},{"not_picked":["hubris:SlightOfHand","Dagger Spray"],"picked":"Blade Dance","floor":14},{"not_picked":["Tools of the Trade","Wraith Form v2"],"picked":"Phantasmal Killer","floor":16},{"not_picked":["ReplayTheSpireMod:Faulty Equipment","hubris:Envy"],"picked":"Languid","floor":17},{"not_picked":["Overencumbered","Amnesia"],"picked":"Spreading Infection","floor":17},{"not_picked":["hubris:Lust","ReplayTheSpireMod:IOU"],"picked":"Regret","floor":17},{"not_picked":["Slice","Bane"],"picked":"Dagger Throw","floor":18},{"not_picked":["Tactician+1","Poisoned Stab"],"picked":"Cloak And Dagger","floor":20},{"not_picked":["Sucker Punch","Poisoned Stab+1"],"picked":"Backflip+1","floor":21},{"not_picked":["Noxious Fumes","Bane+1"],"picked":"Venomology","floor":22},{"not_picked":["Blade Dance","Riddle With Holes","Cloak And Dagger"],"picked":"SKIP","floor":27},{"not_picked":["Infinite Blades","Tactician","Replay:Bag of Tricks"],"picked":"SKIP","floor":28},{"not_picked":["hubris:TrickCloak","Dagger Throw+1"],"picked":"hubris:Sniper","floor":30},{"not_picked":["Grand Finale","Glass Knife"],"picked":"Wraith Form v2","floor":33},{"not_picked":["Outmaneuver","Sucker Punch+1","Underhanded Strike+1"],"picked":"SKIP","floor":35},{"not_picked":["PiercingWail","hubris:SlightOfHand"],"picked":"Adrenaline","floor":39},{"not_picked":["Fluid Movement","Backstab"],"picked":"Concentrate+1","floor":40},{"not_picked":["Poisoned Stab","Sucker Punch+1"],"picked":"Expertise+1","floor":42},{"not_picked":["Dagger Spray","Noxious Fumes"],"picked":"Replay:Bag of Tricks","floor":44},{"not_picked":["Underhanded Strike+1","PiercingWail"],"picked":"Accuracy","floor":45},{"not_picked":["ReplayTheSpireMod:Shiv Toss","Dodge and Roll+1"],"picked":"Deadly Poison+1","floor":47},{"not_picked":["conspire:PoisonWeapons","Blade Dance+1"],"picked":"Prepared+1","floor":49}],"player_experience":296377,"relics_obtained":[{"floor":7,"key":"hubris:DuctTape"},{"floor":9,"key":"Happy Flower"},{"floor":26,"key":"Chameleon Ring"},{"floor":28,"key":"hubris:BottledRain"},{"floor":29,"key":"Dream Catcher"},{"floor":30,"key":"CeramicFish"},{"floor":40,"key":"TungstenRod"},{"floor":43,"key":"ReplayTheSpireMod:Lightbulb"}],"event_choices":[{"damage_healed":0,"gold_gain":0,"player_choice":"Success","damage_taken":18,"relics_obtained":["Boot"],"max_hp_gain":0,"max_hp_loss":0,"event_name":"Scrap Ooze","floor":2,"gold_loss":0},{"cards_removed":["Defend_G"],"damage_healed":0,"gold_gain":0,"player_choice":"Card Removal","damage_taken":7,"max_hp_gain":0,"max_hp_loss":0,"event_name":"Golden Wing","floor":4,"gold_loss":0}],"is_beta":false,"boss_relics":[{"not_picked":["Velvet Choker","Empty Cage"],"picked":"Replay:Ancient Bell"},{"not_picked":["ReplayFunnel","PreservedInsect"],"picked":"Omamori"},{"not_picked":["Ornamental Fan","Replay:Ringing Soul"],"picked":"hubris:MysteriousPyramids"},{"not_picked":["Replay:Multitool","Durian"],"picked":"Old Coin"},{"not_picked":["hubris:Stopwatch","Calling Bell"],"picked":"Fusion Hammer"}],"items_purged_floors":[3,19],"is_endless":false,"potions_floor_spawned":[10,13,14,16,18,30,35,39,42,47],"ascension_level":2}}