{"host":"njruw0b0uprlitpx","time":1608705261,"event":{"mods":["2.2 Compatiblity","Astrologer","BaseMod","Better Altar","Better Match","Better Note","Better Sensory Stone","Better Skull","Better Third Choice","BetterRewards","Block Reminder","Colored Map","Colored Powertips","Hermit","Jedi Mod","Keyboard Shortcuts","Minty Spire (QoL Compilation)","Quick Restart","Relic Stats","Replay The Spire","SacredBarkPlus","Spicy Shops","StSLib","SuperFastMode","The Construct","The Cursed","The Marked","The Mystic","The Necromancer","The Spell Scribe"],"gold_per_floor":[117,117,67,67,35,75,151,151,151,175,175,193,8,42,42,163,163,176,199,38,61,336,336,32,32,102,102,120,120,138,153,153,282,282,300,300,15,30,103,103,139,139,139,153,187,211,231,252,252,252],"floor_reached":51,"playtime":2880,"items_purged":["Overencumbered","Regret"],"score":890,"play_id":"24d00de3-bf81-43e4-b11e-56024c9d7bb9","local_time":"20201223003421","is_ascension_mode":false,"campfire_choices":[{"floor":8.0,"key":"REST"},{"floor":15.0,"key":"REST"},{"data":"theMarked:ThrowWeapon","floor":23.0,"key":"SMITH"},{"data":"ReplayUltimateDefense","floor":25,"key":"SMITH"},{"data":"theMarked:SummonStrength","floor":27,"key":"SMITH"},{"data":"theMarked:SoldierForm","floor":29,"key":"SMITH"},{"floor":32,"key":"REST"},{"data":"theMarked:TakeOffHeels","floor":40,"key":"SMITH"},{"floor":42,"key":"REST"},{"floor":49,"key":"REST"}],"circlet_count":0,"master_deck":["theMarked:Strike","theMarked:Strike","theMarked:Strike","theMarked:Strike","theMarked:Strike","theMarked:Defend","theMarked:Defend","theMarked:Defend","theMarked:Defend","theMarked:SoldierOfQuellstein+1","theMarked:ChainLightning","theMarked:ParalyzingBlade+1","theMarked:ReduceFriction+1","Pot Of Greed","Pot Of Greed","theMarked:Electrify+1","theMarked:ResourceFulStrike","theMarked:SwordAndMagic","theMarked:ContemptForTheProud","theMarked:SoldierForm+1","AbeCurse","theMarked:RepellingDischarge","theMarked:ThrowWeapon+1","theMarked:SelfDefenseTraining","theMarked:SwordAndMagic","Pot Of Greed","theMarked:SummonStrength+1","theMarked:TunnelVision","ReplayUltimateDefense+1","theMarked:Overcharge+1","theMarked:CreepingChasm","theMarked:Electrocute","theMarked:TakeOffHeels+1","theMarked:EnhanceMovement","theMarked:StartUp","theMarked:EmpowerWeapon","theMarked:Overcharge+1","Pot Of Greed+1","theMarked:SwordAndMagic+1","theMarked:SelfDefenseTraining+1","theMarked:Generate+1","theMarked:ChannelForce+1","theMarked:RepellingDischarge+1"],"relics":["theMarked:ArtifactOfAir","ReplayTheSpireMod:DimensionalGlitch","Golden Idol","StrikeDummy","Chameleon Ring","Grinning Jar","Onion Ring","Guide Book","theMarked:Gun","Abe\u0027s Treasure","BargainBundle","theMarked:VonisonLock","Kunai","theMarked:SpiritSword","Toxic Egg 2","theMarked:NailFile","Bottled Tornado","ReplayTheSpireMod:TigerMarble"],"acts_visited":["Exordium","TheCity","TheBeyond"],"potions_floor_usage":[33,45,50],"damage_taken":[{"damage":0.0,"enemies":"Small Slimes","floor":1.0,"turns":3.0},{"damage":0.0,"enemies":"Lagavulin","floor":6.0,"turns":6.0},{"damage":23.0,"enemies":"Lagavulin Event","floor":7.0,"turns":5.0},{"damage":2.0,"enemies":"2 Louse","floor":10.0,"turns":2.0},{"damage":0.0,"enemies":"Jaw Worm","floor":12.0,"turns":1.0},{"damage":0.0,"enemies":"Gremlin Nob","floor":14.0,"turns":2.0},{"damage":23.0,"enemies":"Hexaghost","floor":16.0,"turns":4.0},{"damage":0.0,"enemies":"Spheric Guardian","floor":18.0,"turns":1.0},{"damage":0.0,"enemies":"Chosen","floor":19.0,"turns":3.0},{"damage":11.0,"enemies":"Centurion and Healer","floor":21.0,"turns":3.0},{"damage":0,"enemies":"Snake Plant","floor":28,"turns":1},{"damage":0,"enemies":"Snecko","floor":30,"turns":3},{"damage":12,"enemies":"Centurion and Healer","floor":31,"turns":3},{"damage":0,"enemies":"Collector","floor":33,"turns":6},{"damage":0,"enemies":"Orb Walker","floor":35,"turns":2},{"damage":9,"enemies":"3 Shapes","floor":38,"turns":2},{"damage":13,"enemies":"Giant Head","floor":41,"turns":6},{"damage":0,"enemies":"Writhing Mass","floor":44,"turns":2},{"damage":0,"enemies":"Reptomancer","floor":45,"turns":3},{"damage":15,"enemies":"Maw","floor":46,"turns":4},{"damage":17,"enemies":"3 Darklings","floor":47,"turns":2},{"damage":14,"enemies":"Sphere and 2 Shapes","floor":48,"turns":3},{"damage":41,"enemies":"Time Eater","floor":50,"turns":8}],"seed_played":"-7459203371438080550","potions_obtained":[{"floor":1.0,"key":"SkillPotion"},{"floor":7.0,"key":"Ancient Potion"},{"floor":12.0,"key":"Explosive Potion"}],"is_trial":false,"path_per_floor":["M","?","?","?","$","E","?","R","T","M","T","M","$","E","R","B",null,"M","M","$","M","?","R","$","R","T","R","M","R","M","M","R","B",null,"M","?","$","M","T","R","E","R","T","M","E","M","M","M","R","B",null],"character_chosen":"THE_DEFAULT","items_purchased":["theMarked:ParalyzingBlade+1","theMarked:SwordAndMagic","Guide Book","theMarked:ChargePotion","theMarked:ThrowWeapon","theMarked:SelfDefenseTraining","BargainBundle","theMarked:SummonStrength","theMarked:TunnelVision","theMarked:VonisonLock","ReplayUltimateDefense","DuplicationPotion","theMarked:StartUp","Adrenaline Potion"],"campfire_rested":5,"item_purchase_floors":[5,13,13,13,20,20,24,24,24,24,24,24,37,37],"current_hp_per_floor":[70,53,53,53,53,53,30,51,51,49,49,49,49,49,70,47,70,70,70,70,59,59,59,59,59,59,59,59,59,59,47,68,68,70,70,70,70,61,61,61,48,69,69,69,69,55,38,24,45,4],"gold":252,"neow_bonus":"CURSED_BOSS_RELIC","is_daily":false,"chose_seed":false,"campfire_upgraded":5,"win_rate":0.0,"timestamp":1608705261,"path_taken":["M","?","?","?","$","E","?","R","T","M","?","?","?","E","R","BOSS","M","?","$","?","?","R","$","R","T","R","M","R","M","M","R","BOSS","M","?","$","M","?","R","E","R","T","M","E","?","M","M","R","BOSS"],"items_purchased_type":["Card","Card","Relic","Potion","Card","Card","Relic","Card","Card","Relic","Card","Potion","Card","Potion"],"build_version":"2020-12-22","purchased_purges":2,"victory":true,"max_hp_per_floor":[70,70,70,70,70,70,70,70,70,70,70,70,70,70,70,70,70,70,70,70,70,70,70,70,70,70,70,70,70,70,70,70,70,70,70,70,70,70,70,70,70,70,70,70,70,70,70,70,70,70],"relic_stats":{"counters":[23,75],"Golden Idol":184,"Kunai":[29],"obtain_stats":[{"theMarked:NailFile":41,"BargainBundle":24,"theMarked:Gun":14,"Golden Idol":2,"Guide Book":13,"theMarked:SpiritSword":34,"Bottled Tornado":43,"theMarked:ArtifactOfAir":0,"Chameleon Ring":7,"Onion Ring":11,"theMarked:VonisonLock":24,"ReplayTheSpireMod:TigerMarble":45,"Kunai":26,"Grinning Jar":9,"Toxic Egg 2":39,"ReplayTheSpireMod:DimensionalGlitch":0,"StrikeDummy":6,"Abe\u0027s Treasure":17},{"theMarked:NailFile":17,"BargainBundle":10,"theMarked:Gun":6,"Golden Idol":1,"Guide Book":5,"theMarked:SpiritSword":14,"Bottled Tornado":17,"theMarked:ArtifactOfAir":0,"Chameleon Ring":3,"Onion Ring":4,"theMarked:VonisonLock":10,"ReplayTheSpireMod:TigerMarble":19,"Kunai":10,"Grinning Jar":3,"Toxic Egg 2":16,"ReplayTheSpireMod:DimensionalGlitch":0,"StrikeDummy":2,"Abe\u0027s Treasure":7},{"theMarked:NailFile":53,"BargainBundle":30,"theMarked:Gun":19,"Golden Idol":3,"Guide Book":17,"theMarked:SpiritSword":43,"Bottled Tornado":53,"theMarked:ArtifactOfAir":0,"Chameleon Ring":14,"Onion Ring":16,"theMarked:VonisonLock":30,"ReplayTheSpireMod:TigerMarble":58,"Kunai":30,"Grinning Jar":14,"Toxic Egg 2":47,"ReplayTheSpireMod:DimensionalGlitch":0,"StrikeDummy":9,"Abe\u0027s Treasure":23}]},"card_choices":[{"not_picked":["theMarked:WastefulAttack","theMarked:SwordAndMagic"],"picked":"theMarked:ChainLightning","floor":1.0},{"not_picked":["theMarked:Seal","theMarked:WardOff"],"picked":"theMarked:Aftermath","floor":6.0},{"not_picked":["theMarked:WastefulAttack","theMarked:HeritageOfTheMarked"],"picked":"theMarked:ReduceFriction","floor":7.0},{"not_picked":["theMarked:ChainLightning","theMarked:HeightenedSenses"],"picked":"theMarked:Electrify","floor":10.0},{"not_picked":["theMarked:WastefulAttack","theMarked:Parkour"],"picked":"theMarked:ResourceFulStrike","floor":12.0},{"not_picked":["theMarked:Seal","theMarked:ShockingTouch"],"picked":"theMarked:ContemptForTheProud","floor":14.0},{"not_picked":["theMarked:UnarmedFury","theMarked:DispelDoubt"],"picked":"theMarked:SoldierForm","floor":16.0},{"not_picked":["theMarked:Frustration","theMarked:Static"],"picked":"theMarked:RepellingDischarge","floor":18.0},{"not_picked":["theMarked:Electrify+1","theMarked:ElectricStrings","theMarked:WastefulAttack+1"],"picked":"SKIP","floor":19.0},{"not_picked":["theMarked:GodGivenPower","theMarked:ResourceFulStrike"],"picked":"theMarked:SwordAndMagic","floor":21.0},{"not_picked":["theMarked:ElectricStrings","theMarked:WastefulDefense+1"],"picked":"theMarked:Overcharge+1","floor":28},{"not_picked":["theMarked:TwofoldDefense","theMarked:TunnelVision"],"picked":"theMarked:CreepingChasm","floor":30},{"not_picked":["theMarked:Panic","theMarked:ChainLightning+1"],"picked":"theMarked:Electrocute","floor":31},{"not_picked":["theMarked:Levitate","theMarked:Defy"],"picked":"theMarked:TakeOffHeels","floor":33},{"not_picked":["theMarked:Reabsorb+1","theMarked:Improvise+1"],"picked":"theMarked:EnhanceMovement","floor":35},{"not_picked":["theMarked:Overthink+1","theMarked:Aftermath+1"],"picked":"theMarked:EmpowerWeapon","floor":38},{"not_picked":["theMarked:Frustration","theMarked:ResourceFulStrike"],"picked":"theMarked:Overcharge+1","floor":41},{"not_picked":["theMarked:Aftermath+1","theMarked:RogueSparks"],"picked":"theMarked:SwordAndMagic+1","floor":44},{"not_picked":["theMarked:Improvise+1","theMarked:Opportunist"],"picked":"theMarked:SelfDefenseTraining+1","floor":45},{"not_picked":["theMarked:Improvise+1","theMarked:Generate+1","theMarked:EnhancedHearing+1"],"picked":"SKIP","floor":46},{"not_picked":["theMarked:Improvise+1","theMarked:EnhancedHearing+1"],"picked":"theMarked:Generate+1","floor":46},{"not_picked":["theMarked:ElectricStrings","theMarked:WardOff+1"],"picked":"theMarked:ChannelForce+1","floor":47},{"not_picked":["theMarked:ChainLightning+1","theMarked:ElectricStrings"],"picked":"theMarked:RepellingDischarge+1","floor":48}],"player_experience":1607083,"relics_obtained":[{"floor":6.0,"key":"StrikeDummy"},{"floor":7.0,"key":"Chameleon Ring"},{"floor":9.0,"key":"Grinning Jar"},{"floor":11.0,"key":"Onion Ring"},{"floor":14.0,"key":"theMarked:Gun"},{"floor":26,"key":"Kunai"},{"floor":39,"key":"Toxic Egg 2"},{"floor":41,"key":"theMarked:NailFile"},{"floor":43,"key":"Bottled Tornado"},{"floor":45,"key":"ReplayTheSpireMod:TigerMarble"}],"event_choices":[{"damage_healed":0.0,"max_hp_gain":0.0,"max_hp_loss":0.0,"gold_gain":0.0,"event_name":"Golden Idol","player_choice":"Take Damage","floor":2.0,"gold_loss":0.0,"damage_taken":17.0,"relics_obtained":["Golden Idol"]},{"cards_removed":["jedi:frostbite"],"damage_healed":0.0,"max_hp_gain":0.0,"max_hp_loss":0.0,"gold_gain":0.0,"event_name":"The Cleric","player_choice":"Card Removal","floor":3.0,"gold_loss":50.0,"damage_taken":0.0},{"damage_healed":0.0,"max_hp_gain":0.0,"max_hp_loss":0.0,"gold_gain":0.0,"event_name":"Living Wall","player_choice":"Grow","floor":4.0,"gold_loss":0.0,"damage_taken":0.0,"cards_upgraded":["theMarked:SoldierOfQuellstein"]},{"damage_healed":0.0,"max_hp_gain":0.0,"max_hp_loss":0.0,"gold_gain":0.0,"event_name":"Dead Adventurer","player_choice":"Searched \u00271\u0027 times","floor":7.0,"gold_loss":0.0,"damage_taken":0.0},{"damage_healed":0.0,"max_hp_gain":0.0,"max_hp_loss":0.0,"gold_gain":275.0,"event_name":"Golden Shrine","player_choice":"Desecrate","floor":22.0,"gold_loss":0.0,"damage_taken":0.0,"cards_obtained":["Regret"]},{"cards_removed":["theMarked:Aftermath"],"damage_healed":0,"gold_gain":0,"player_choice":"Removed Skill","damage_taken":0,"max_hp_gain":0,"max_hp_loss":0,"event_name":"Falling","floor":36,"gold_loss":0}],"is_beta":false,"boss_relics":[{"not_picked":["Philosopher\u0027s Stone","Busted Crown"],"picked":"Abe\u0027s Treasure"},{"not_picked":["Astrolabe","Replay:Wanted Poster"],"picked":"theMarked:SpiritSword"}],"items_purged_floors":[5,24],"is_endless":false,"potions_floor_spawned":[1,7,12,18,28,30,38,44],"ascension_level":0}}