{"host":"qmmd8zc7eqgl2j9h","time":1608709877,"event":{"mods":["AchievementEnabler","Aspiration","BaseMod","Better Altar","Better Note","Better Sensory Stone","Better Skull","BetterRewards","Colored Map","Conspire","Googly Eyes","Hermit","Highlight Path","Infinite Spire","Marisa????????","Minty Spire (QoL Compilation)","Permanent Neow","Replay The Spire","StSLib","The Hierophant","The Necromancer","The Servant 0.9.4","Unceasing Turn Reminder","everything is the same but u backflip on backflip","slay the spire mod where everything is the same but ironclad has a cowboy hat"],"gold_per_floor":[109,119,119,139,158,158,158,158],"floor_reached":7,"playtime":497,"items_purged":[],"score":43,"play_id":"542570f1-5324-454a-bd95-1042cf62e0e0","local_time":"20201222235117","is_ascension_mode":false,"campfire_choices":[{"floor":6,"key":"REST"}],"circlet_count":0,"master_deck":["hermit:Strike_Hermit","hermit:Strike_Hermit","hermit:Strike_Hermit","hermit:Strike_Hermit","hermit:Defend_Hermit","hermit:Defend_Hermit","hermit:Defend_Hermit","hermit:Defend_Hermit","hermit:Snapshot","hermit:Covet","Replay:Sluggish","Apotheosis","hermit:Dive","hermit:Combo","hermit:Snipe","hermit:Midnight"],"relics":["hermit:Momento","Strawberry"],"acts_visited":["Exordium"],"potions_floor_usage":[7],"damage_taken":[{"damage":12,"enemies":"Small Slimes","floor":1,"turns":4},{"damage":0,"enemies":"Cultist","floor":2,"turns":7},{"damage":7,"enemies":"Jaw Worm","floor":4,"turns":5},{"damage":29,"enemies":"3 Louse","floor":5,"turns":6},{"damage":75,"enemies":"Gremlin Nob","floor":7,"turns":5}],"seed_played":"7371385241956563568","potions_obtained":[{"floor":2,"key":"Swift Potion"}],"is_trial":false,"path_per_floor":["M","M","?","M","M","R","E"],"character_chosen":"HERMIT","items_purchased":[],"campfire_rested":1,"item_purchase_floors":[],"current_hp_per_floor":[63,63,70,63,34,58,0,0],"gold":158,"neow_bonus":"RANDOM_COLORLESS_2","is_daily":false,"chose_seed":false,"campfire_upgraded":0,"win_rate":0.0,"timestamp":1608709877,"path_taken":["M","M","?","?","M","R","E"],"items_purchased_type":[],"build_version":"2020-12-13","purchased_purges":0,"victory":false,"max_hp_per_floor":[75,75,82,82,82,82,82,82],"card_choices":[{"not_picked":["Panache","ReplayTheSpireMod:Brewmster"],"picked":"Apotheosis","floor":0},{"not_picked":["hermit:CursedWeapon","hermit:WideOpen"],"picked":"hermit:Dive","floor":1},{"not_picked":["hermit:CalledShot","hermit:WideOpen"],"picked":"hermit:Combo","floor":2},{"not_picked":["hermit:DeadMansHand","hermit:Feint"],"picked":"hermit:Snipe","floor":4},{"not_picked":["hermit:Vantage","hermit:BodyArmor"],"picked":"hermit:Midnight","floor":5}],"player_experience":206969,"relics_obtained":[{"floor":3,"key":"Strawberry"}],"event_choices":[{"damage_healed":0,"gold_gain":0,"player_choice":"Relic","damage_taken":0,"max_hp_gain":0,"max_hp_loss":0,"event_name":"Wheel of Change","floor":3,"gold_loss":0}],"is_beta":false,"boss_relics":[],"items_purged_floors":[],"is_endless":false,"potions_floor_spawned":[2],"killed_by":"Gremlin Nob","ascension_level":0}}