{"host":"3c27c697js19kaoo","time":1608694469,"event":{"mods":["ATMod(阿瑾Mod)","Aspiration","BaseMod","CapriCore","Dota2Spire","Hermit","Minty Spire (QoL Compilation)","Quick Restart","Remilia（蕾米莉亚）","Replay The Spire","Robot Space Explorer","RumiaBox-露米娅的神秘盒子","Spicy Shops","StSLib","The Alterego","The Cursed","The Runesmith","The Servant 0.9.4","vexMod","【功能Mod】混沌之环修复补丁","【遗物卡牌】REMEMod"],"gold_per_floor":[119,219,232,232,207,207,232,264,290,290,316,332,332,367,367,472,472,472,472],"floor_reached":18,"playtime":686,"items_purged":[],"score":241,"play_id":"e9573c09-9c49-49fd-9dc4-88917d66886d","local_time":"20201223113429","is_ascension_mode":true,"campfire_choices":[{"data":"AT_DrawKnifeCut","floor":6,"key":"SMITH"},{"floor":13,"key":"REST"},{"floor":15,"key":"REST"}],"circlet_count":0,"master_deck":["TheCursedMod:Strike_TheCursed","TheCursedMod:Strike_TheCursed","TheCursedMod:Strike_TheCursed","TheCursedMod:Strike_TheCursed","TheCursedMod:Defend_TheCursed","TheCursedMod:Defend_TheCursed","TheCursedMod:Defend_TheCursed","TheCursedMod:Defend_TheCursed","TheCursedMod:CursedWand","TheCursedMod:CleanUpWorkshop","TheCursedMod:Dregs","AT_DrawKnifeCut+1","Seek","TheCursedMod:CursedBoomerang","TheCursedMod:Wield","TheCursedMod:CircleOfCorruption"],"relics":["TheCursedMod:BlackMagic101","REME_ComplimentaryCards","AT_ATBox","NeowsBlessing","AddBug","SecretRecord"],"acts_visited":["Exordium","TheCity"],"potions_floor_usage":[16],"damage_taken":[{"damage":0,"enemies":"Jaw Worm","floor":1,"turns":1},{"damage":0,"enemies":"Cultist","floor":3,"turns":1},{"damage":0,"enemies":"Lagavulin","floor":8,"turns":1},{"damage":28,"enemies":"Replay:BlueRogue","floor":11,"turns":4},{"damage":4,"enemies":"2 Louse","floor":12,"turns":2},{"damage":27,"enemies":"Lagavulin","floor":14,"turns":5},{"damage":41,"enemies":"Slime Boss","floor":16,"turns":12},{"damage":0,"enemies":"Chosen","floor":18,"turns":1}],"seed_played":"7105280287183537561","potions_obtained":[{"floor":3,"key":"SpeedPotion"},{"floor":8,"key":"Explosive Potion"},{"floor":11,"key":"Weak Potion"}],"is_trial":false,"path_per_floor":["M","?","M","?","?","R","T","E","T","$","E","M","R","E","R","B",null,"M"],"character_chosen":"THE_CURSED","items_purchased":[],"campfire_rested":2,"item_purchase_floors":[],"current_hp_per_floor":[75,75,75,57,57,57,57,57,57,57,29,25,47,20,42,1,75,75,75],"gold":472,"neow_bonus":"THREE_ENEMY_KILL","is_daily":false,"chose_seed":false,"campfire_upgraded":1,"win_rate":0.0,"timestamp":1608694469,"path_taken":["M","?","?","?","?","R","?","E","T","$","E","?","R","E","R","BOSS","M"],"items_purchased_type":[],"build_version":"2020-12-13","purchased_purges":0,"victory":false,"max_hp_per_floor":[75,75,75,75,75,75,75,75,75,75,75,75,75,75,75,75,75,75,75],"card_choices":[{"not_picked":["TheCursedMod:TacticalStrike","TheCursedMod:Stigma"],"picked":"TheCursedMod:CursedBoomerang","floor":1},{"not_picked":["TheCursedMod:SaltUponWound","TheCursedMod:CursedMace"],"picked":"TheCursedMod:Wield","floor":3},{"not_picked":["TheCursedMod:FleshFromBone","TheCursedMod:CursedBlade","TheCursedMod:BloodBarrier"],"picked":"SKIP","floor":8},{"not_picked":["TheCursedMod:FleshFromBone","TheCursedMod:Stretching","TheCursedMod:CursedStaff"],"picked":"SKIP","floor":11},{"not_picked":["TheCursedMod:Grudge","TheCursedMod:Obscuration","TheCursedMod:SmokeScreen"],"picked":"SKIP","floor":12},{"not_picked":["TheCursedMod:CursedBlade","TheCursedMod:CursedSpellbook"],"picked":"TheCursedMod:CircleOfCorruption","floor":14}],"player_experience":172972,"relics_obtained":[{"floor":1,"key":"AddBug"},{"floor":7,"key":"Orichalcum"},{"floor":8,"key":"Matryoshka"},{"floor":9,"key":"Dota2Spire:MaskOfMadness"},{"floor":11,"key":"ScarletDevilRocket"},{"floor":14,"key":"MagicDraw2"}],"event_choices":[{"damage_healed":0,"gold_gain":100,"player_choice":"Pray","damage_taken":0,"max_hp_gain":0,"max_hp_loss":0,"event_name":"Golden Shrine","floor":2,"gold_loss":0},{"damage_healed":0,"gold_gain":0,"player_choice":"Take Damage","damage_taken":18,"relics_obtained":["Golden Idol"],"max_hp_gain":0,"max_hp_loss":0,"event_name":"Golden Idol","floor":4,"gold_loss":0}],"is_beta":false,"boss_relics":[{"not_picked":["Astrolabe","TheCursedMod:OminousMark"],"picked":"aspiration:MobileForge"}],"items_purged_floors":[],"is_endless":false,"potions_floor_spawned":[3,8,11],"killed_by":"Chosen","ascension_level":4}}