{"host":"dcj2yvrgcvh5dl2s","time":1608715043,"event":{"mods":["BaseMod","Better Note","Block Reminder","Colored Powertips","DeckTracker","Minty Spire (QoL Compilation)","Quick Restart","Rare Cards Sparkle","Relic Stats","StSLib"],"gold_per_floor":[366,366,386,386,407,441,441,482,536,536,611,611,625,650,650,746,746,769,789,808,255,255,255,255],"floor_reached":23,"playtime":783,"items_purged":["Clumsy"],"score":342,"play_id":"950553f2-4c59-4c12-b234-afe672696284","local_time":"20201223191723","is_ascension_mode":true,"campfire_choices":[{"floor":7,"key":"REST"},{"floor":10,"key":"REST"},{"floor":12,"key":"REST"},{"data":"Uppercut","floor":15,"key":"SMITH"}],"circlet_count":0,"master_deck":["AscendersBane","Strike_R","Strike_R","Strike_R","Strike_R","Strike_R+1","Defend_R","Defend_R+1","Defend_R","Defend_R","Bash","Perfected Strike","Cleave","Disarm","Uppercut+1","Heavy Blade","Pommel Strike","Perfected Strike","Reaper","Pommel Strike","Feel No Pain","Feel No Pain"],"relics":["Burning Blood","Golden Idol","Matryoshka","Oddly Smooth Stone","Bottled Flame","Smiling Mask","Velvet Choker","Ornamental Fan","InkBottle"],"acts_visited":["Exordium","TheCity"],"potions_floor_usage":[6,8,16,23],"damage_taken":[{"damage":12,"enemies":"Jaw Worm","floor":1,"turns":3},{"damage":7,"enemies":"Small Slimes","floor":3,"turns":4},{"damage":6,"enemies":"Cultist","floor":5,"turns":3},{"damage":32,"enemies":"Gremlin Nob","floor":6,"turns":4},{"damage":32,"enemies":"3 Sentries","floor":8,"turns":7},{"damage":4,"enemies":"2 Fungi Beasts","floor":13,"turns":3},{"damage":0,"enemies":"3 Louse","floor":14,"turns":2},{"damage":46,"enemies":"Hexaghost","floor":16,"turns":11},{"damage":8,"enemies":"Chosen","floor":18,"turns":4},{"damage":23,"enemies":"2 Thieves","floor":19,"turns":4},{"damage":21,"enemies":"Shelled Parasite and Fungi","floor":20,"turns":8},{"damage":64,"enemies":"Gremlin Leader","floor":23,"turns":8}],"seed_played":"-4023830581451304871","potions_obtained":[{"floor":1,"key":"Block Potion"},{"floor":3,"key":"AttackPotion"},{"floor":8,"key":"Energy Potion"},{"floor":18,"key":"Fire Potion"}],"is_trial":false,"path_per_floor":["M","?","M","?","M","E","R","E","T","R","?","R","M","M","R","B",null,"M","M","M","$","?","E"],"character_chosen":"IRONCLAD","items_purchased":["Ornamental Fan","InkBottle"],"campfire_rested":3,"item_purchase_floors":[21,21],"current_hp_per_floor":[62,62,61,47,47,21,41,15,15,35,24,44,46,52,52,12,55,59,52,43,43,43,0,0],"gold":255,"neow_bonus":"TWO_FIFTY_GOLD","is_daily":false,"chose_seed":false,"campfire_upgraded":1,"win_rate":0.0,"timestamp":1608715043,"path_taken":["M","?","M","?","M","E","R","E","T","R","?","R","M","M","R","BOSS","M","M","M","$","?","E"],"items_purchased_type":["Relic","Relic"],"build_version":"2020-12-22","purchased_purges":1,"victory":false,"max_hp_per_floor":[75,69,69,69,69,69,69,69,69,69,69,69,69,69,69,69,69,69,69,69,69,69,69,69],"relic_stats":{"counters":[12,61],"Golden Idol":63,"Ornamental Fan":[12],"Smiling Mask":25,"obtain_stats":[{"Bottled Flame":9,"Matryoshka":6,"Golden Idol":2,"Ornamental Fan":21,"Oddly Smooth Stone":8,"Velvet Choker":17,"Smiling Mask":9,"Burning Blood":0,"InkBottle":21},{"Bottled Flame":5,"Matryoshka":4,"Golden Idol":1,"Ornamental Fan":11,"Oddly Smooth Stone":5,"Velvet Choker":8,"Smiling Mask":5,"Burning Blood":0,"InkBottle":11},{"Bottled Flame":21,"Matryoshka":14,"Golden Idol":3,"Ornamental Fan":53,"Oddly Smooth Stone":21,"Velvet Choker":37,"Smiling Mask":21,"Burning Blood":0,"InkBottle":53}],"Burning Blood":66,"InkBottle":[2]},"card_choices":[{"not_picked":["Armaments","Anger"],"picked":"Perfected Strike","floor":1},{"not_picked":["Bloodletting","Clothesline"],"picked":"Cleave","floor":3},{"not_picked":["Dropkick","True Grit"],"picked":"Disarm","floor":5},{"not_picked":["Body Slam","Thunderclap"],"picked":"Uppercut","floor":6},{"not_picked":["Carnage","Headbutt"],"picked":"Heavy Blade","floor":8},{"not_picked":["Anger","Searing Blow"],"picked":"Pommel Strike","floor":13},{"not_picked":["Sever Soul","Body Slam"],"picked":"Perfected Strike","floor":14},{"not_picked":["Fiend Fire","Juggernaut"],"picked":"Reaper","floor":16},{"not_picked":["Havoc","Wild Strike"],"picked":"Pommel Strike","floor":18},{"not_picked":["Rupture","Ghostly Armor"],"picked":"Feel No Pain","floor":19},{"not_picked":["Spot Weakness","Anger"],"picked":"Feel No Pain","floor":20}],"player_experience":2017222,"relics_obtained":[{"floor":6,"key":"Matryoshka"},{"floor":8,"key":"Oddly Smooth Stone"},{"floor":9,"key":"Bottled Flame"},{"floor":9,"key":"Smiling Mask"}],"event_choices":[{"damage_healed":0,"gold_gain":0,"player_choice":"Lose Max HP","damage_taken":0,"relics_obtained":["Golden Idol"],"max_hp_gain":0,"max_hp_loss":6,"event_name":"Golden Idol","floor":2,"gold_loss":0},{"damage_healed":0,"gold_gain":0,"player_choice":"Entered Light","damage_taken":14,"max_hp_gain":0,"max_hp_loss":0,"event_name":"Shining Light","floor":4,"gold_loss":0,"cards_upgraded":["Strike_R","Defend_R"]},{"damage_healed":0,"gold_gain":75,"player_choice":"Gather Gold","damage_taken":11,"max_hp_gain":0,"max_hp_loss":0,"event_name":"World of Goop","floor":11,"gold_loss":0},{"damage_healed":0,"gold_gain":0,"player_choice":"Ignored","damage_taken":0,"max_hp_gain":0,"max_hp_loss":0,"event_name":"Ghosts","floor":22,"gold_loss":0}],"is_beta":false,"boss_relics":[{"not_picked":["Pandora\u0027s Box","Runic Pyramid"],"picked":"Velvet Choker"}],"items_purged_floors":[21],"is_endless":false,"potions_floor_spawned":[1,3,8,18],"killed_by":"Gremlin Leader","ascension_level":14}}