{"host":"uflv0e3ja7hvnij7","time":1608732037,"event":{"mods":["BaseMod","Conspire","Hubris","Minty Spire (QoL Compilation)","Replay The Spire","StSLib","The Bug Knight"],"gold_per_floor":[118,136,136,86,105,105,105,105,179,34,60,60,60,73,73,174,174,193,213,213,213,213,213,230,230,230,103,28,55,88,116,116,126,126],"floor_reached":33,"playtime":2600,"items_purged":["conspire:Blindness"],"score":302,"play_id":"72045f9e-7c28-46dc-b968-11b063e8986a","local_time":"20201223090037","is_ascension_mode":true,"campfire_choices":[{"data":"Shrug It Off","floor":6,"key":"SMITH"},{"data":"Shrug It Off","floor":8,"key":"SMITH"},{"data":"Bash","floor":13,"key":"SMITH"},{"data":"conspire:Banana","floor":23,"key":"SMITH"},{"data":"RitualDagger","floor":25,"key":"SMITH"},{"floor":32,"key":"REST"}],"circlet_count":0,"master_deck":["Strike_R","Strike_R","Strike_R","Strike_R","Strike_R","Defend_R","Defend_R","Bash+1","hubris:ReadiedAction","Shrug It Off+1","Shrug It Off+1","HollowMod:HornetsHelp","conspire:Banana+1","RitualDagger+1","Flying Knee","Conserve Battery+1","Flame Barrier","Flame Barrier"],"relics":["Burning Blood","Orichalcum","HornCleat","PrismaticShard","Strawberry","HollowMod:QueensCombRelic","Cursed Key","hubris:Towel","Replay:Bandana","hubris:Spice"],"acts_visited":["Exordium","TheCity"],"potions_floor_usage":[16,16,16,29,33],"damage_taken":[{"damage":0,"enemies":"Cultist","floor":1,"turns":3},{"damage":1,"enemies":"2 Louse","floor":2,"turns":3},{"damage":5,"enemies":"Jaw Worm","floor":5,"turns":3},{"damage":26,"enemies":"3 Sentries","floor":11,"turns":13},{"damage":4,"enemies":"Large Slime","floor":14,"turns":7},{"damage":42,"enemies":"Fading Forest","floor":16,"turns":11},{"damage":16,"enemies":"2 Thieves","floor":18,"turns":5},{"damage":3,"enemies":"Chosen","floor":19,"turns":5},{"damage":30,"enemies":"Sentry and Sphere","floor":24,"turns":10},{"damage":13,"enemies":"Centurion and Healer","floor":29,"turns":10},{"damage":42,"enemies":"Book of Stabbing","floor":30,"turns":9},{"damage":10,"enemies":"3 Cultists","floor":31,"turns":8},{"damage":76,"enemies":"conspire:MysteriousRune","floor":33,"turns":16}],"seed_played":"5848862191565715883","potions_obtained":[{"floor":2,"key":"SmokeBomb"},{"floor":14,"key":"PowerPotion"},{"floor":15,"key":"Adrenaline Potion"},{"floor":15,"key":"Venom Potion"},{"floor":24,"key":"LifebloodPotion"},{"floor":30,"key":"Milkshake"},{"floor":31,"key":"LiquidBronze"}],"is_trial":false,"path_per_floor":["M","M","$","?","M","R","?","R","T","$","E","?","R","M","R","B",null,"M","M","?","?","?","R","M","R","T","$","?","M","E","M","R","B"],"character_chosen":"IRONCLAD","items_purchased":["PrismaticShard","Flame Barrier"],"campfire_rested":1,"item_purchase_floors":[10,27],"current_hp_per_floor":[80,80,80,80,80,80,80,80,80,80,67,58,58,58,58,48,58,48,59,53,53,53,53,37,37,37,37,37,52,30,44,66,0,0],"gold":126,"neow_bonus":"RANDOM_COMMON_RELIC","is_daily":false,"chose_seed":false,"campfire_upgraded":5,"win_rate":0.0,"timestamp":1608732037,"path_taken":["M","?","$","?","M","R","?","R","T","$","E","?","R","M","R","BOSS","M","?","?","?","?","R","M","R","T","$","?","?","E","M","R","BOSS"],"items_purchased_type":["Relic","Card"],"build_version":"2020-12-22","purchased_purges":1,"victory":false,"max_hp_per_floor":[80,80,80,80,80,80,80,80,80,80,87,58,58,58,58,58,58,58,59,59,59,59,59,61,61,61,61,61,63,73,75,75,77,77],"card_choices":[{"not_picked":["Armaments","Power Through"],"picked":"hubris:ReadiedAction","floor":1},{"not_picked":["Hemokinesis","Armaments"],"picked":"Shrug It Off","floor":2},{"not_picked":["Iron Wave","Armaments"],"picked":"Shrug It Off","floor":5},{"not_picked":["Slice","FollowUp","Hologram"],"picked":"SKIP","floor":11},{"not_picked":["Replay:AtTheReady","Fission","Beam Cell"],"picked":"SKIP","floor":14},{"not_picked":["Replay:Bag of Tricks","Secret Technique"],"picked":"HollowMod:HornetsHelp","floor":16},{"not_picked":["Run Through+1","HollowMod:SiblingsSouls+1"],"picked":"conspire:Banana","floor":18},{"not_picked":["ThirdEye","HollowMod:WraithStrike+1","Outmaneuver"],"picked":"SKIP","floor":19},{"not_picked":["HollowMod:BrokenVessel","conspire:Charge"],"picked":"Conserve Battery+1","floor":24},{"not_picked":["Static Discharge","Worship","Crescendo"],"picked":"SKIP","floor":29},{"not_picked":["HollowMod:NewLittleFool","Spot Weakness","ClearTheMind"],"picked":"SKIP","floor":30},{"not_picked":["Cold Snap","Shrug It Off","HollowMod:SharpenedNail+1"],"picked":"SKIP","floor":31}],"player_experience":303123,"relics_obtained":[{"floor":9,"key":"HornCleat"},{"floor":11,"key":"Strawberry"},{"floor":26,"key":"Replay:Bandana"},{"floor":30,"key":"hubris:Spice"}],"event_choices":[{"cards_removed":["Defend_R"],"damage_healed":0,"gold_gain":0,"player_choice":"Card Removal","damage_taken":0,"max_hp_gain":0,"max_hp_loss":0,"event_name":"The Cleric","floor":4,"gold_loss":50},{"damage_healed":0,"gold_gain":0,"player_choice":"Gave Potion","damage_taken":0,"relics_obtained":["HollowMod:QueensCombRelic"],"max_hp_gain":0,"max_hp_loss":0,"event_name":"WeMeetAgain","floor":12,"gold_loss":0},{"damage_healed":0,"gold_gain":0,"player_choice":"Joined the Cult","damage_taken":6,"max_hp_gain":0,"max_hp_loss":0,"event_name":"Nest","floor":20,"gold_loss":0,"cards_obtained":["RitualDagger"]},{"damage_healed":0,"gold_gain":0,"player_choice":"Read","damage_taken":0,"max_hp_gain":0,"max_hp_loss":0,"event_name":"The Library","floor":21,"gold_loss":0,"cards_obtained":["Flying Knee"]},{"cards_removed":["Defend_R"],"damage_healed":0,"gold_gain":0,"player_choice":"Gave Gold","damage_taken":0,"max_hp_gain":0,"max_hp_loss":0,"event_name":"Beggar","floor":28,"gold_loss":75}],"is_beta":false,"boss_relics":[{"not_picked":["Honey Jar","Sozu"],"picked":"Cursed Key"}],"items_purged_floors":[27],"is_endless":false,"potions_floor_spawned":[2,14,24,30,31],"killed_by":"conspire:MysteriousRune","ascension_level":3}}