{"host":"x4x6fw95e6eqd4n0","time":1608684505,"event":{"mods":["AchievementEnabler","BaseMod","Colored Map","Colored Powertips","DeckTracker","Minty Spire (QoL Compilation)"],"gold_per_floor":[111,36,36,111,125,125,144,154,202,202,214,226,238,269,281,396,408,432,470,495,432,456,468,490,502,539,651,687,711,27,43,43,145,145,157,157,32,48,102,102,102,102],"floor_reached":41,"playtime":1823,"items_purged":["Strike_G","Strike_G","Strike_G"],"score":431,"play_id":"010b26c8-40b6-48bf-8ef5-ccf1bbe0ae0e","local_time":"20201223024825","is_ascension_mode":false,"campfire_choices":[{"data":"Envenom","floor":6,"key":"SMITH"},{"floor":11,"key":"REST"},{"data":"Bane","floor":15,"key":"SMITH"},{"data":"Glass Knife","floor":23,"key":"SMITH"},{"data":"Choke","floor":25,"key":"SMITH"},{"floor":32,"key":"REST"},{"data":"Apotheosis","floor":40,"key":"SMITH"}],"circlet_count":0,"master_deck":["Defend_G","Defend_G","Defend_G","Defend_G","Defend_G+1","Survivor+1","Neutralize","Dagger Throw+1","Envenom+1","Choke+1","Expertise","Infinite Blades","Bane+1","Glass Knife+1","Bouncing Flask+1","Distraction","Skewer","Predator","Deadly Poison","Deflect+1","Die Die Die","Sucker Punch","Unload","Prepared","Apotheosis+1","Distraction+1","Injury"],"relics":["Ring of the Snake","Tiny Chest","MawBank","Busted Crown","Strawberry","Orichalcum","Pocketwatch","Blue Candle","Snake Skull","PreservedInsect","Toy Ornithopter","ClockworkSouvenir","Cursed Key","Ancient Tea Set"],"acts_visited":["Exordium","TheCity","TheBeyond"],"potions_floor_usage":[14,20,27,27,29,29,33],"damage_taken":[{"damage":7,"enemies":"Cultist","floor":1,"turns":7},{"damage":5,"enemies":"Jaw Worm","floor":5,"turns":7},{"damage":0,"enemies":"2 Louse","floor":7,"turns":2},{"damage":12,"enemies":"Blue Slaver","floor":8,"turns":4},{"damage":1,"enemies":"Exordium Wildlife","floor":14,"turns":6},{"damage":28,"enemies":"Hexaghost","floor":16,"turns":10},{"damage":5,"enemies":"Shell Parasite","floor":18,"turns":4},{"damage":7,"enemies":"2 Thieves","floor":20,"turns":3},{"damage":24,"enemies":"Chosen and Byrds","floor":22,"turns":7},{"damage":9,"enemies":"3 Cultists","floor":24,"turns":5},{"damage":3,"enemies":"Colosseum Slavers","floor":27,"turns":3},{"damage":14,"enemies":"Colosseum Nobs","floor":27,"turns":4},{"damage":10,"enemies":"Snake Plant","floor":29,"turns":3},{"damage":0,"enemies":"Chosen and Byrds","floor":31,"turns":4},{"damage":26,"enemies":"Collector","floor":33,"turns":8},{"damage":22,"enemies":"3 Shapes","floor":35,"turns":3},{"damage":3,"enemies":"Orb Walker","floor":38,"turns":3},{"damage":74,"enemies":"Writhing Mass","floor":41,"turns":4}],"seed_played":"3618202065506725353","potions_obtained":[{"floor":5,"key":"Explosive Potion"},{"floor":7,"key":"FearPotion"},{"floor":8,"key":"SpeedPotion"},{"floor":18,"key":"Poison Potion"},{"floor":20,"key":"Fire Potion"},{"floor":27,"key":"SpeedPotion"},{"floor":31,"key":"ColorlessPotion"},{"floor":38,"key":"Strength Potion"}],"is_trial":false,"path_per_floor":["M","$","?","?","M","R","M","M","T","?","R","?","$","M","R","B",null,"M","T","M","?","M","R","M","R","T","?","T","M","$","M","R","B",null,"M","?","$","M","T","R","M"],"character_chosen":"THE_SILENT","items_purchased":["PreservedInsect","Toy Ornithopter","ClockworkSouvenir","Die Die Die"],"campfire_rested":2,"item_purchase_floors":[30,30,30,30],"current_hp_per_floor":[63,63,63,52,47,47,47,35,35,28,49,35,35,34,34,6,70,65,72,65,65,41,41,32,32,32,15,15,5,5,5,28,7,77,55,55,55,52,52,52,0,0],"gold":102,"neow_bonus":"UPGRADE_CARD","is_daily":false,"chose_seed":false,"campfire_upgraded":5,"win_rate":0.0,"timestamp":1608684505,"path_taken":["M","?","?","?","?","R","M","M","T","?","R","?","?","M","R","BOSS","M","?","?","?","M","R","M","R","T","?","?","?","?","M","R","BOSS","M","?","$","M","?","R","?"],"items_purchased_type":["Relic","Relic","Relic","Card"],"build_version":"2020-12-13","purchased_purges":3,"victory":false,"max_hp_per_floor":[70,70,70,70,70,70,70,70,70,70,70,70,70,70,70,70,70,70,77,77,77,77,77,77,77,77,77,77,77,77,77,77,77,77,77,77,77,77,77,77,77,77],"card_choices":[{"not_picked":["Flying Knee","Deadly Poison"],"picked":"Dagger Throw","floor":1},{"not_picked":["Deflect","Dodge and Roll"],"picked":"Choke","floor":5},{"not_picked":["Prepared","Outmaneuver"],"picked":"Expertise","floor":7},{"not_picked":["Riddle With Holes","Finisher"],"picked":"Infinite Blades","floor":8},{"not_picked":["Deadly Poison","Acrobatics"],"picked":"Bane","floor":14},{"not_picked":["Wraith Form v2","Malaise"],"picked":"Glass Knife","floor":16},{"not_picked":[],"picked":"Bouncing Flask+1","floor":18},{"not_picked":[],"picked":"Distraction","floor":20},{"not_picked":[],"picked":"Skewer","floor":22},{"not_picked":[],"picked":"Predator","floor":24},{"not_picked":[],"picked":"Deadly Poison","floor":27},{"not_picked":[],"picked":"Deflect+1","floor":29},{"not_picked":[],"picked":"Sucker Punch","floor":31},{"not_picked":[],"picked":"Unload","floor":33},{"not_picked":[],"picked":"Prepared","floor":35},{"not_picked":[],"picked":"Apotheosis","floor":36},{"not_picked":[],"picked":"Distraction+1","floor":38}],"player_experience":26654,"relics_obtained":[{"floor":9,"key":"Tiny Chest"},{"floor":19,"key":"Strawberry"},{"floor":26,"key":"Orichalcum"},{"floor":27,"key":"Pocketwatch"},{"floor":27,"key":"Blue Candle"},{"floor":28,"key":"Snake Skull"},{"floor":39,"key":"Ancient Tea Set"}],"event_choices":[{"damage_healed":0,"gold_gain":0,"cards_transformed":["Strike_G"],"player_choice":"Change","damage_taken":0,"max_hp_gain":0,"max_hp_loss":0,"event_name":"Living Wall","floor":3,"gold_loss":0,"cards_obtained":["Envenom"]},{"damage_healed":0,"gold_gain":75,"player_choice":"Gather Gold","damage_taken":11,"max_hp_gain":0,"max_hp_loss":0,"event_name":"World of Goop","floor":4,"gold_loss":0},{"damage_healed":0,"gold_gain":0,"player_choice":"Success","damage_taken":7,"relics_obtained":["MawBank"],"max_hp_gain":0,"max_hp_loss":0,"event_name":"Scrap Ooze","floor":10,"gold_loss":0},{"damage_healed":0,"gold_gain":0,"player_choice":"Entered Light","damage_taken":14,"max_hp_gain":0,"max_hp_loss":0,"event_name":"Shining Light","floor":12,"gold_loss":0,"cards_upgraded":["Defend_G","Dagger Throw"]},{"cards_removed":["Strike_G"],"damage_healed":0,"gold_gain":0,"player_choice":"Gave Gold","damage_taken":0,"max_hp_gain":0,"max_hp_loss":0,"event_name":"Beggar","floor":21,"gold_loss":75},{"damage_healed":0,"gold_gain":0,"player_choice":"Fight","damage_taken":0,"max_hp_gain":0,"max_hp_loss":0,"event_name":"Colosseum","floor":27,"gold_loss":0},{"damage_healed":0,"gold_gain":0,"player_choice":"Fought Nobs","damage_taken":0,"max_hp_gain":0,"max_hp_loss":0,"event_name":"Colosseum","floor":27,"gold_loss":0},{"damage_healed":0,"gold_gain":0,"player_choice":"Memory 1","damage_taken":0,"max_hp_gain":0,"max_hp_loss":0,"event_name":"SensoryStone","floor":36,"gold_loss":0}],"is_beta":false,"boss_relics":[{"not_picked":["Ectoplasm","SacredBark"],"picked":"Busted Crown"},{"not_picked":["Philosopher\u0027s Stone","Coffee Dripper"],"picked":"Cursed Key"}],"items_purged_floors":[2,30,37],"is_endless":false,"potions_floor_spawned":[5,7,8,18,20,22,27,31,38],"killed_by":"Writhing Mass","ascension_level":0}}