{"host":"2lo6hma6kymb0g9i","time":1608706232,"event":{"mods":["BaseMod","Colored Map","DeckTracker","Minty Spire (QoL Compilation)"],"gold_per_floor":[117,117,135,135,135,161,161,171,171,183,197,216,241,258,258,258,258],"floor_reached":16,"playtime":1181,"items_purged":[],"score":271,"play_id":"dd8e03ac-fdd6-41ac-8e62-1025cfd12350","local_time":"20201223155032","is_ascension_mode":true,"campfire_choices":[{"data":"Die Die Die","floor":7,"key":"SMITH"},{"floor":15,"key":"REST"}],"circlet_count":0,"master_deck":["AscendersBane","Strike_G","Strike_G","Strike_G","Strike_G","Defend_G","Defend_G","Defend_G","Defend_G","Defend_G","Survivor","Neutralize","Cloak And Dagger","Quick Slash","Die Die Die+1","Calculated Gamble","Footwork","Storm of Steel","Dagger Throw"],"relics":["Ring of the Snake","NeowsBlessing","Mummified Hand","Ninja Scroll","Anchor","Dream Catcher"],"acts_visited":["Exordium"],"potions_floor_usage":[11,16,16],"damage_taken":[{"damage":0,"enemies":"Jaw Worm","floor":1,"turns":1},{"damage":0,"enemies":"Cultist","floor":3,"turns":1},{"damage":0,"enemies":"Gremlin Nob","floor":6,"turns":1},{"damage":0,"enemies":"2 Louse","floor":8,"turns":1},{"damage":0,"enemies":"Exordium Wildlife","floor":10,"turns":2},{"damage":0,"enemies":"3 Louse","floor":11,"turns":2},{"damage":0,"enemies":"Gremlin Gang","floor":12,"turns":1},{"damage":3,"enemies":"3 Sentries","floor":13,"turns":7},{"damage":0,"enemies":"Looter","floor":14,"turns":2},{"damage":74,"enemies":"Slime Boss","floor":16,"turns":9}],"seed_played":"7907795792327410155","potions_obtained":[{"floor":2,"key":"Strength Potion"},{"floor":2,"key":"Explosive Potion"},{"floor":12,"key":"AttackPotion"}],"is_trial":false,"path_per_floor":["M","?","M","T","?","E","R","M","T","M","M","M","E","M","R","B"],"character_chosen":"THE_SILENT","items_purchased":[],"campfire_rested":1,"item_purchase_floors":[],"current_hp_per_floor":[59,59,59,59,52,52,52,52,52,52,52,52,49,49,66,0,0],"gold":258,"neow_bonus":"THREE_ENEMY_KILL","is_daily":false,"chose_seed":false,"campfire_upgraded":1,"win_rate":0.0,"timestamp":1608706232,"path_taken":["M","?","?","?","?","E","R","M","T","M","M","M","E","M","R","BOSS"],"items_purchased_type":[],"build_version":"2020-12-22","purchased_purges":0,"victory":false,"max_hp_per_floor":[66,66,66,66,66,66,66,66,66,66,66,66,66,66,66,66,66],"card_choices":[{"not_picked":["Prepared","Flying Knee"],"picked":"Cloak And Dagger","floor":1},{"not_picked":["Prepared","Acrobatics"],"picked":"Quick Slash","floor":3},{"not_picked":["Terror","Accuracy"],"picked":"Die Die Die","floor":6},{"not_picked":["Distraction","Poisoned Stab"],"picked":"Calculated Gamble","floor":8},{"not_picked":["Riddle With Holes","Underhanded Strike"],"picked":"Footwork","floor":10},{"not_picked":["Dodge and Roll","Flechettes","Dagger Spray"],"picked":"SKIP","floor":11},{"not_picked":["Slice","Flying Knee","Flechettes"],"picked":"SKIP","floor":12},{"not_picked":["Underhanded Strike","All Out Attack"],"picked":"Storm of Steel","floor":13},{"not_picked":["Underhanded Strike","Leg Sweep"],"picked":"Dagger Throw","floor":14}],"player_experience":862452,"relics_obtained":[{"floor":4,"key":"Mummified Hand"},{"floor":6,"key":"Ninja Scroll"},{"floor":9,"key":"Anchor"},{"floor":13,"key":"Dream Catcher"}],"event_choices":[{"damage_healed":0,"gold_gain":0,"player_choice":"Got Potions","damage_taken":0,"max_hp_gain":0,"max_hp_loss":0,"event_name":"Lab","floor":2,"gold_loss":0},{"cards_removed":["Strike_G"],"damage_healed":0,"gold_gain":0,"player_choice":"Card Removal","damage_taken":7,"max_hp_gain":0,"max_hp_loss":0,"event_name":"Golden Wing","floor":5,"gold_loss":0}],"is_beta":false,"boss_relics":[],"items_purged_floors":[],"is_endless":false,"potions_floor_spawned":[3,6,10,12,14],"killed_by":"Slime Boss","ascension_level":19}}