{"host":"sa7ebub27cgn5wai","time":1608721899,"event":{"mods":["BaseMod","Colored Map","Minty Spire (QoL Compilation)","SuperFastMode"],"gold_per_floor":[115,130,146,221,221,251,265,265,265,265,24,41,41,57,57,155,155,175,188,208,225,150,150,170,27,27,27,47,47,82,92,92,196,196,216,73,92,102,49,49,0,0,0,0,30,45,45,45,45],"floor_reached":48,"playtime":1377,"items_purged":["Strike_P"],"score":534,"play_id":"ca387956-e7d1-47ed-ab4e-bcf4b90107c4","local_time":"20201223201139","is_ascension_mode":false,"campfire_choices":[{"data":"PathToVictory","floor":8,"key":"SMITH"},{"data":"PathToVictory","floor":10,"key":"SMITH"},{"data":"TalkToTheHand","floor":13,"key":"SMITH"},{"data":"TalkToTheHand","floor":15,"key":"SMITH"},{"data":"Ragnarok","floor":23,"key":"SMITH"},{"data":"DevaForm","floor":27,"key":"SMITH"},{"data":"InnerPeace","floor":32,"key":"SMITH"},{"data":"PathToVictory","floor":40,"key":"SMITH"},{"data":"DeusExMachina","floor":42,"key":"SMITH"},{"data":"Vigilance","floor":44,"key":"SMITH"}],"circlet_count":0,"master_deck":["Strike_P+1","Strike_P","Defend_P","Defend_P","Defend_P","Defend_P","Eruption","Vigilance+1","FlurryOfBlows+1","PathToVictory+1","TalkToTheHand+1","PathToVictory+1","FollowUp","TalkToTheHand+1","Ragnarok+1","Sanctity+1","LikeWater+1","DevaForm+1","InnerPeace+1","DeusExMachina+1","CurseOfTheBell","PathToVictory+1","Evaluate+1"],"relics":["PureWater","NeowsBlessing","Shuriken","Singing Bowl","Matryoshka","Sozu","Orrery","Orichalcum","Anchor","Whetstone","Calling Bell","Oddly Smooth Stone","Pear","Unceasing Top","Vajra","Red Mask","Damaru","Turnip","Molten Egg 2","Nunchaku"],"acts_visited":["Exordium","TheCity","TheBeyond"],"potions_floor_usage":[5,6,6,6,6,12,16,16,18,33],"damage_taken":[{"damage":0,"enemies":"2 Louse","floor":1,"turns":1},{"damage":0,"enemies":"Jaw Worm","floor":2,"turns":1},{"damage":0,"enemies":"Cultist","floor":3,"turns":1},{"damage":8,"enemies":"3 Sentries","floor":6,"turns":5},{"damage":8,"enemies":"Red Slaver","floor":7,"turns":2},{"damage":0,"enemies":"Lots of Slimes","floor":12,"turns":3},{"damage":1,"enemies":"Looter","floor":14,"turns":2},{"damage":39,"enemies":"Hexaghost","floor":16,"turns":6},{"damage":2,"enemies":"3 Byrds","floor":18,"turns":3},{"damage":5,"enemies":"Spheric Guardian","floor":19,"turns":3},{"damage":0,"enemies":"Chosen and Byrds","floor":20,"turns":5},{"damage":5,"enemies":"Centurion and Healer","floor":21,"turns":4},{"damage":0,"enemies":"3 Cultists","floor":24,"turns":4},{"damage":4,"enemies":"Cultist and Chosen","floor":28,"turns":5},{"damage":11,"enemies":"Book of Stabbing","floor":30,"turns":6},{"damage":5,"enemies":"Centurion and Healer","floor":31,"turns":5},{"damage":39,"enemies":"Champ","floor":33,"turns":9},{"damage":20,"enemies":"3 Darklings","floor":35,"turns":6},{"damage":0,"enemies":"3 Shapes","floor":37,"turns":5},{"damage":9,"enemies":"3 Darklings","floor":38,"turns":6},{"damage":69,"enemies":"Reptomancer","floor":45,"turns":4},{"damage":14,"enemies":"Jaw Worm Horde","floor":46,"turns":3},{"damage":6,"enemies":"Maw","floor":48,"turns":6}],"seed_played":"5155450351509024940","potions_obtained":[{"floor":2,"key":"LiquidBronze"},{"floor":5,"key":"Fruit Juice"},{"floor":5,"key":"Fire Potion"},{"floor":5,"key":"EntropicBrew"},{"floor":7,"key":"Fire Potion"},{"floor":12,"key":"Weak Potion"},{"floor":16,"key":"Fire Potion"}],"is_trial":false,"path_per_floor":["M","M","M","?","?","E","M","R","T","R","$","M","R","M","R","B",null,"M","M","M","M","$","R","M","$","T","R","M","?","E","M","R","B",null,"M","$","M","M","$","R","?","R","T","R","E","M","T","M"],"character_chosen":"WATCHER","items_purchased":["Matryoshka","Orrery","Vajra","PathToVictory"],"campfire_rested":0,"item_purchase_floors":[11,25,36,39],"current_hp_per_floor":[72,72,72,61,66,58,50,50,50,50,50,50,50,51,51,12,79,79,76,78,75,75,75,77,79,79,79,77,77,68,65,65,26,107,89,89,91,84,84,84,84,84,84,84,15,3,3,0,0],"gold":45,"neow_bonus":"THREE_ENEMY_KILL","is_daily":false,"chose_seed":false,"campfire_upgraded":10,"win_rate":0.0,"timestamp":1608721899,"path_taken":["M","M","M","?","?","E","?","R","T","R","?","M","R","M","R","BOSS","M","M","M","?","$","R","M","$","T","R","M","?","E","M","R","BOSS","M","$","M","M","$","R","?","R","T","R","E","M","?","?"],"items_purchased_type":["Relic","Relic","Relic","Card"],"build_version":"2020-12-22","purchased_purges":1,"victory":false,"max_hp_per_floor":[72,72,72,72,77,77,77,77,77,77,77,77,77,79,79,79,79,81,83,85,87,87,87,89,91,91,91,93,93,95,97,97,97,107,109,109,111,113,113,113,113,113,113,113,113,115,115,115,115],"card_choices":[{"not_picked":["FlyingSleeves","PathToVictory"],"picked":"FlurryOfBlows","floor":1},{"not_picked":["SashWhip","Perseverance"],"picked":"PathToVictory","floor":2},{"not_picked":["Wallop","CutThroughFate"],"picked":"TalkToTheHand","floor":3},{"not_picked":["Evaluate","Scrawl"],"picked":"PathToVictory","floor":6},{"not_picked":["FlurryOfBlows","Prostrate"],"picked":"FollowUp","floor":7},{"not_picked":["Vengeance","ConjureBlade"],"picked":"TalkToTheHand","floor":12},{"not_picked":["Collect","Vengeance","DeceiveReality"],"picked":"Singing Bowl","floor":14},{"not_picked":["Scrawl","DevaForm"],"picked":"Ragnarok","floor":16},{"not_picked":["Worship+1","WindmillStrike+1","CutThroughFate+1"],"picked":"Singing Bowl","floor":18},{"not_picked":["MentalFortress","Crescendo","FlyingSleeves"],"picked":"Singing Bowl","floor":19},{"not_picked":["InnerPeace","EmptyFist","Evaluate"],"picked":"Singing Bowl","floor":20},{"not_picked":["FollowUp","Consecrate","EmptyFist"],"picked":"Singing Bowl","floor":21},{"not_picked":["Prostrate+1","DeceiveReality","CutThroughFate"],"picked":"Singing Bowl","floor":24},{"not_picked":["DevaForm","CutThroughFate+1"],"picked":"Sanctity+1","floor":25},{"not_picked":["JustLucky","CutThroughFate"],"picked":"LikeWater+1","floor":25},{"not_picked":["JustLucky","Crescendo"],"picked":"DevaForm","floor":25},{"not_picked":["MentalFortress","Consecrate"],"picked":"InnerPeace","floor":25},{"not_picked":["SashWhip","Crescendo","Protect"],"picked":"Singing Bowl","floor":25},{"not_picked":["BattleHymn","Wireheading","EmptyBody"],"picked":"Singing Bowl","floor":28},{"not_picked":["ThirdEye","Wish","Consecrate"],"picked":"Singing Bowl","floor":30},{"not_picked":["Evaluate","CrushJoints","Sanctity"],"picked":"Singing Bowl","floor":31},{"not_picked":["DevaForm","Omniscience"],"picked":"DeusExMachina","floor":33},{"not_picked":["ThirdEye+1","EmptyFist+1","Prostrate+1"],"picked":"Singing Bowl","floor":35},{"not_picked":["Consecrate+1","JustLucky+1","SashWhip"],"picked":"Singing Bowl","floor":37},{"not_picked":["BowlingBash+1","Crescendo+1","DeusExMachina"],"picked":"Singing Bowl","floor":38},{"not_picked":["Wireheading+1","DeusExMachina"],"picked":"Evaluate+1","floor":45},{"not_picked":["JustLucky+1","BowlingBash+1","ForeignInfluence"],"picked":"Singing Bowl","floor":46}],"player_experience":266296,"relics_obtained":[{"floor":6,"key":"Shuriken"},{"floor":9,"key":"Singing Bowl"},{"floor":26,"key":"Orichalcum"},{"floor":26,"key":"Anchor"},{"floor":30,"key":"Whetstone"},{"floor":34,"key":"Oddly Smooth Stone"},{"floor":34,"key":"Pear"},{"floor":34,"key":"Unceasing Top"},{"floor":43,"key":"Damaru"},{"floor":43,"key":"Turnip"},{"floor":45,"key":"Molten Egg 2"},{"floor":47,"key":"Nunchaku"}],"event_choices":[{"damage_healed":0,"gold_gain":75,"player_choice":"Gather Gold","damage_taken":11,"max_hp_gain":0,"max_hp_loss":0,"event_name":"World of Goop","floor":4,"gold_loss":0},{"damage_healed":0,"gold_gain":0,"player_choice":"Got Potions","damage_taken":0,"max_hp_gain":0,"max_hp_loss":0,"event_name":"Lab","floor":5,"gold_loss":0},{"cards_removed":["Strike_P"],"damage_healed":0,"gold_gain":0,"player_choice":"Purged","damage_taken":0,"max_hp_gain":0,"max_hp_loss":0,"event_name":"Purifier","floor":29,"gold_loss":0},{"damage_healed":0,"gold_gain":0,"player_choice":"Paid","damage_taken":0,"relics_obtained":["Red Mask"],"max_hp_gain":0,"max_hp_loss":0,"event_name":"Tomb of Lord Red Mask","floor":41,"gold_loss":49}],"is_beta":false,"boss_relics":[{"not_picked":["Runic Dome","Tiny House"],"picked":"Sozu"},{"not_picked":["Black Star","Pandora\u0027s Box"],"picked":"Calling Bell"}],"items_purged_floors":[22],"is_endless":false,"potions_floor_spawned":[2,7,12,16,19,20,24,28,33,37,38],"killed_by":"Maw","ascension_level":0}}