{"host":"25hwxgnshg5vqzox","time":1608750620,"event":{"mods":["BaseMod","Colored Map","Downfall","Googly Eyes","Highlight Path","Minty Spire (QoL Compilation)","Replay The Spire","StSLib","The Servant 0.9.4"],"gold_per_floor":[112,112,112,112,132,132,151,6,31,56,56,56,56,70,70,70,70],"floor_reached":16,"playtime":1012,"items_purged":[],"score":98,"play_id":"b1ae679e-ddd4-4ba7-b0b5-0c43b4cc9f2f","local_time":"20201223191020","is_ascension_mode":false,"campfire_choices":[{"data":"ReturningBlade","floor":6,"key":"SMITH"},{"data":"InstantArmor","floor":11,"key":"SMITH"}],"circlet_count":0,"master_deck":["Strike_S","Strike_S","Strike_S","Strike_S","Defend_S","Defend_S","Defend_S","Defend_S","KidneyShot","Exchange","Read+1","ReturningBlade+1","SpecialFormula+1","InstantArmor+1","Looming Evil","Revamp"],"relics":["Uniform","NeowsBlessing","ReplayTheSpireMod:TigerMarble","Anchor","Shuriken","ReplayTheSpireMod:Ring of Addiction","Toy Ornithopter","White Beast Statue"],"acts_visited":["Exordium"],"potions_floor_usage":[14,16],"damage_taken":[{"damage":0,"enemies":"Jaw Worm","floor":1,"turns":1},{"damage":0,"enemies":"Small Slimes","floor":5,"turns":1},{"damage":0,"enemies":"Cultist","floor":7,"turns":1},{"damage":18,"enemies":"3 Sentries","floor":10,"turns":7},{"damage":0,"enemies":"Red Slaver","floor":14,"turns":1},{"damage":89,"enemies":"Fading Forest","floor":16,"turns":11}],"seed_played":"-7881375296587502270","potions_obtained":[{"floor":1,"key":"Elixir"},{"floor":7,"key":"hexamod:EctoCoolerPotion"},{"floor":10,"key":"Fire Potion"},{"floor":12,"key":"Toxic Potion"},{"floor":14,"key":"champ:CounterPotion"}],"is_trial":false,"path_per_floor":["M","?","?","?","M","R","M","$","T","E","R","?","$","M","R_BF","B"],"character_chosen":"THE_SERVANT","items_purchased":["ReplayTheSpireMod:TigerMarble"],"campfire_rested":0,"item_purchase_floors":[8],"current_hp_per_floor":[65,70,70,70,70,70,70,70,70,57,57,57,57,62,62,0,0],"gold":70,"neow_bonus":"THREE_ENEMY_KILL","is_daily":false,"chose_seed":false,"campfire_upgraded":2,"win_rate":0.0,"timestamp":1608750620,"path_taken":["M","?","?","?","?","R","M","?","T","E","R","?","$","M","R_BF","BOSS"],"items_purchased_type":["Relic"],"build_version":"2020-12-22","purchased_purges":0,"victory":false,"max_hp_per_floor":[65,70,70,70,70,70,70,70,70,70,70,70,70,70,70,70,70],"card_choices":[{"not_picked":["Barrier","TimeWarp"],"picked":"Read","floor":1},{"not_picked":["Misdirection","Replace"],"picked":"ReturningBlade","floor":5},{"not_picked":["DoubleEdge","Spin"],"picked":"SpecialFormula","floor":7},{"not_picked":["Revamp","WasteNot"],"picked":"InstantArmor","floor":10},{"not_picked":["Alleviate","Starlight"],"picked":"Revamp","floor":14}],"player_experience":50650,"relics_obtained":[{"floor":9,"key":"Anchor"},{"floor":10,"key":"Shuriken"},{"floor":12,"key":"ReplayTheSpireMod:Ring of Addiction"},{"floor":12,"key":"Toy Ornithopter"},{"floor":12,"key":"White Beast Statue"}],"event_choices":[{"damage_healed":0,"gold_gain":0,"player_choice":"Donut","damage_taken":0,"max_hp_gain":5,"max_hp_loss":0,"event_name":"Big Fish","floor":2,"gold_loss":0},{"damage_healed":0,"gold_gain":0,"player_choice":"Ignored","damage_taken":0,"max_hp_gain":0,"max_hp_loss":0,"event_name":"Liars Game","floor":3,"gold_loss":0},{"damage_healed":0,"gold_gain":0,"player_choice":"Upgraded","damage_taken":0,"max_hp_gain":0,"max_hp_loss":0,"event_name":"Upgrade Shrine","floor":4,"gold_loss":0,"cards_upgraded":["Read"]},{"damage_healed":0,"gold_gain":0,"player_choice":"Grow","damage_taken":0,"max_hp_gain":0,"max_hp_loss":0,"event_name":"Living Wall","floor":15,"gold_loss":0,"cards_upgraded":["SpecialFormula"]}],"is_beta":false,"boss_relics":[],"items_purged_floors":[],"is_endless":false,"potions_floor_spawned":[1,7,10,14],"killed_by":"Fading Forest","ascension_level":0}}