{"host":"sdjng9zhqonqi3uc","time":1608739567,"event":{"mods":["2.2 Compatiblity","AchievementEnabler","BaseMod","BetterRewards","Colored Powertips","Hero for Fun","Minty Spire (QoL Compilation)","StSLib","Td1madao Mod","The Animator","The Cursed","The Servant 0.9.4"],"gold_per_floor":[122,72,120,132,142,184,184,41,41,41,51,51,51],"floor_reached":12,"playtime":621,"items_purged":[],"score":78,"play_id":"78f9e915-582b-4fca-9b7c-e56a643f3c85","local_time":"20201223170607","is_ascension_mode":false,"campfire_choices":[{"data":"animator:Bozes","floor":7,"key":"SMITH"}],"circlet_count":0,"master_deck":["animator:Strike_Katanagatari","animator:Strike","animator:Strike","animator:Strike","animator:Defend","animator:Defend","animator:Azekura","animator:Emonzaemon","animator:Bozes+1","animator:NagisaMomoe","animator:TsurugaMeisai","animator:Nanami"],"relics":["animator:LivingPicture","animator:TheMissingPiece","animator:PurgingStone","NeowsBlessing","Lantern","ClockworkSouvenir","StoneCalendar","NlothsMask"],"acts_visited":["Exordium"],"potions_floor_usage":[12],"damage_taken":[{"damage":0,"enemies":"Jaw Worm","floor":1,"turns":1},{"damage":0,"enemies":"2 Louse","floor":4,"turns":1},{"damage":0,"enemies":"Cultist","floor":5,"turns":1},{"damage":38,"enemies":"Gremlin Nob","floor":6,"turns":6},{"damage":16,"enemies":"Blue Slaver","floor":11,"turns":4},{"damage":13,"enemies":"Lagavulin","floor":12,"turns":2}],"seed_played":"-5305442508693235170","potions_obtained":[{"floor":1,"key":"Swift Potion"},{"floor":6,"key":"Dexterity Potion"},{"floor":11,"key":"SkillPotion"}],"is_trial":false,"path_per_floor":["M","?","?","M","M","E","R","$","T","?","M","E"],"character_chosen":"THE_ANIMATOR","items_purchased":["ClockworkSouvenir"],"campfire_rested":0,"item_purchase_floors":[8],"current_hp_per_floor":[66,66,66,66,66,28,28,28,28,28,13,0,0],"gold":51,"neow_bonus":"THREE_ENEMY_KILL","is_daily":false,"chose_seed":false,"campfire_upgraded":1,"win_rate":0.0,"timestamp":1608739567,"path_taken":["M","?","?","M","M","E","R","$","T","?","?","E"],"items_purchased_type":["Relic"],"build_version":"2020-12-22","purchased_purges":0,"victory":false,"max_hp_per_floor":[66,66,66,66,66,66,66,66,66,66,67,67,67],"card_choices":[{"not_picked":["animator:Caster","animator:Priestess"],"picked":"animator:Bozes","floor":1},{"not_picked":["animator:Alexander","animator:Konayuki","animator:Arpeggio"],"picked":"SKIP","floor":4},{"not_picked":["animator:Gillette","animator:TukaLunaMarceau"],"picked":"animator:NagisaMomoe","floor":5},{"not_picked":["animator:Azekura","animator:ZankiKiguchi"],"picked":"animator:TsurugaMeisai","floor":6},{"not_picked":["animator:YunYun","animator:Sonic"],"picked":"animator:Nanami","floor":11}],"player_experience":233020,"relics_obtained":[{"floor":6,"key":"Lantern"},{"floor":9,"key":"StoneCalendar"}],"event_choices":[{"cards_removed":["animator:Defend"],"damage_healed":0,"gold_gain":0,"player_choice":"Card Removal","damage_taken":0,"max_hp_gain":0,"max_hp_loss":0,"event_name":"The Cleric","floor":2,"gold_loss":50},{"damage_healed":0,"gold_gain":0,"player_choice":"Trade","damage_taken":0,"relics_obtained":["NlothsMask"],"max_hp_gain":0,"max_hp_loss":0,"event_name":"FaceTrader","floor":10,"gold_loss":0}],"is_beta":false,"boss_relics":[],"items_purged_floors":[],"is_endless":false,"potions_floor_spawned":[1,6,11],"killed_by":"Lagavulin","ascension_level":0}}