{"host":"pecumnp00ic55u1k","time":1608710083,"event":{"mods":["Act Like it!","BaseMod","Colored Map","Colored Powertips","Downfall","Hallownest","Hermit","Hubris","Minty Spire (QoL Compilation)","Quick Restart","StSLib","The Blue Laboratory","The Bug Knight","The Cursed"],"gold_per_floor":[99,99,99,99,114,132,132,145,156,156,176,193,193,221,221,322,322,335,165,165,180,19,38,65,65,65],"floor_reached":25,"playtime":1641,"items_purged":["hermit:Defend_Hermit"],"score":203,"play_id":"420fdaad-4af2-4cd0-a7ed-f29fa7066cb2","local_time":"20201223025443","is_ascension_mode":false,"campfire_choices":[{"data":"hermit:Vantage","floor":15,"key":"SMITH"}],"circlet_count":0,"master_deck":["hermit:Strike_Hermit","hermit:Strike_Hermit","hermit:Strike_Hermit","hermit:Strike_Hermit","hermit:Defend_Hermit","hermit:Defend_Hermit","hermit:Snapshot","hermit:Covet","hermit:Glare","hermit:BodyArmor","hermit:FinalCanter","hermit:Headshot","hermit:HighCaliber","Decay","hermit:Vantage+1","hermit:Virtue","Pain","hermit:Enervate","hermit:Grudge","hermit:GhostlyPresence","hermit:Determination","Writhe"],"relics":["hermit:ClaspedLocket","downfall:HeartsMalice","Regal Pillow","WarpedTongs","hubris:64BitClover","Meat on the Bone","Lantern","HollowMod:PaleOreRelic"],"acts_visited":["Exordium","TheCity"],"potions_floor_usage":[14,14,23],"damage_taken":[{"damage":0,"enemies":"Jaw Worm","floor":1,"turns":1},{"damage":0,"enemies":"Cultist","floor":2,"turns":1},{"damage":0,"enemies":"2 Louse","floor":4,"turns":1},{"damage":8,"enemies":"Lots of Slimes","floor":5,"turns":4},{"damage":8,"enemies":"2 Fungi Beasts","floor":6,"turns":4},{"damage":0,"enemies":"Exordium Wildlife","floor":8,"turns":2},{"damage":0,"enemies":"Looter","floor":9,"turns":2},{"damage":16,"enemies":"Red Slaver","floor":11,"turns":3},{"damage":20,"enemies":"Large Slime","floor":12,"turns":5},{"damage":24,"enemies":"Lagavulin","floor":14,"turns":7},{"damage":36,"enemies":"Slime Boss","floor":16,"turns":13},{"damage":33,"enemies":"3 Byrds","floor":18,"turns":8},{"damage":0,"enemies":"downfall:FleeingMerchant","floor":19,"turns":4},{"damage":17,"enemies":"Spheric Guardian","floor":21,"turns":5},{"damage":5,"enemies":"downfall:FleeingMerchant","floor":22,"turns":4},{"damage":40,"enemies":"Snecko","floor":23,"turns":8},{"damage":19,"enemies":"Centurion and Healer","floor":25,"turns":2}],"seed_played":"-1983378662137614683","potions_obtained":[{"floor":5,"key":"blueLaboratory:BottleOfVodka"},{"floor":6,"key":"blueLaboratory:ForbiddenFruitJuice"},{"floor":8,"key":"blueLaboratory:FrostheartPotion"},{"floor":21,"key":"CultistPotion"},{"floor":23,"key":"FearPotion"}],"is_trial":false,"path_per_floor":["M","M","?","M","M","M","T","M","M","?","M","M","?","E","R","B",null,"M","$","?","M","$","M","T","M"],"character_chosen":"HERMIT","items_purchased":["hermit:Determination","Lantern"],"campfire_rested":0,"item_purchase_floors":[19,22],"current_hp_per_floor":[75,75,75,75,67,59,59,59,59,59,43,23,23,54,54,18,65,35,39,39,38,34,15,15,0,0],"gold":65,"neow_bonus":"THREE_ENEMY_KILL","is_daily":false,"chose_seed":false,"campfire_upgraded":1,"win_rate":0.0,"timestamp":1608710083,"path_taken":["M","M","?","?","M","M","T","M","M","?","?","M","?","E","R","BOSS","M","?","?","M","$","M","T","M"],"items_purchased_type":["Card","Relic"],"build_version":"2020-12-22","purchased_purges":1,"victory":false,"max_hp_per_floor":[75,75,75,75,75,75,75,75,75,75,75,75,75,65,65,65,65,65,65,65,65,65,65,65,65,65],"card_choices":[{"not_picked":["hermit:Shortfuse","hermit:EyeOfTheStorm"],"picked":"hermit:Glare","floor":1},{"not_picked":["hermit:Roulette","hermit:Snipe","hermit:Desperado"],"picked":"SKIP","floor":2},{"not_picked":["hermit:Snipe","hermit:HoleUp"],"picked":"hermit:BodyArmor","floor":4},{"not_picked":["hermit:LoneWolf","hermit:Manifest"],"picked":"hermit:FinalCanter","floor":5},{"not_picked":["hermit:GhostlyPresence","hermit:SprayPray"],"picked":"hermit:Headshot","floor":6},{"not_picked":["hermit:Snipe","hermit:Misfire","hermit:Feint"],"picked":"SKIP","floor":8},{"not_picked":["hermit:EternalForm","hermit:DeadMansHand"],"picked":"hermit:HighCaliber","floor":9},{"not_picked":["hermit:Roulette","hermit:ItchyTrigger"],"picked":"hermit:Vantage","floor":11},{"not_picked":["hermit:LuckOfTheDraw","hermit:TakeCover"],"picked":"hermit:Virtue","floor":12},{"not_picked":["hermit:Feint","hermit:HighCaliber"],"picked":"hermit:Enervate","floor":14},{"not_picked":["hermit:NoHoldsBarred+1","hermit:Feint"],"picked":"hermit:Grudge","floor":18},{"not_picked":["hermit:BodyArmor","hermit:Quickdraw"],"picked":"hermit:GhostlyPresence","floor":19},{"not_picked":["hermit:HighCaliber+1","hermit:GhostlyPresence","hermit:SprayPray+1"],"picked":"SKIP","floor":21},{"not_picked":["hermit:Vantage","hermit:DeadMansHand+1","hermit:Ricochet"],"picked":"SKIP","floor":22},{"not_picked":["hermit:Virtue+1","hermit:Misfire","hermit:Vantage+1"],"picked":"SKIP","floor":23}],"player_experience":74436,"relics_obtained":[{"floor":7,"key":"Regal Pillow"},{"floor":14,"key":"hubris:64BitClover"},{"floor":24,"key":"HollowMod:PaleOreRelic"}],"event_choices":[{"cards_removed":["hermit:Defend_Hermit"],"damage_healed":0,"gold_gain":0,"player_choice":"Purged","damage_taken":0,"max_hp_gain":0,"max_hp_loss":0,"event_name":"Purifier","floor":3,"gold_loss":0},{"damage_healed":0,"gold_gain":0,"player_choice":"Cursed","damage_taken":0,"max_hp_gain":0,"max_hp_loss":0,"event_name":"Wheel of Change","floor":10,"gold_loss":0,"cards_obtained":["Decay"]},{"damage_healed":0,"gold_gain":0,"player_choice":"Rummage","damage_taken":0,"relics_obtained":["WarpedTongs"],"max_hp_gain":0,"max_hp_loss":0,"event_name":"Accursed Blacksmith","floor":13,"gold_loss":0,"cards_obtained":["Pain"]}],"is_beta":false,"boss_relics":[{"not_picked":["Snecko Eye","Coffee Dripper"],"picked":"hermit:ClaspedLocket"}],"items_purged_floors":[19],"is_endless":false,"potions_floor_spawned":[5,6,8,11,12,21,23],"killed_by":"Centurion and Healer","ascension_level":0}}