{"host":"sabve5zmqufxyc5o","time":1608713431,"event":{"mods":["2.2 Compatiblity","AchievementEnabler","Act Like it!","BaseMod","Block Reminder","Colored Map","Colored Powertips","DeckTracker","KOR Keyword Fix","Keyboard Shortcuts","Minty Spire (QoL Compilation)","Quick Restart","Rare Cards Sparkle","Relic Stats","StSLib","SuperFastMode"],"gold_per_floor":[112,112,126,137,28,28,61,61,108,155,184,209,239,264,276,366,378,369,381,409,421,452,464,492,504,504],"floor_reached":25,"playtime":551,"items_purged":[],"score":434,"play_id":"df6b3854-d5eb-41bf-98ef-3b21638f5c21","local_time":"20201223175031","is_ascension_mode":true,"campfire_choices":[{"floor":6.0,"key":"REST"},{"floor":15.0,"key":"REST"},{"floor":23.0,"key":"REST"}],"circlet_count":0,"master_deck":["AscendersBane","Strike_B+1","Strike_B+1","Strike_B+1","Strike_B+1","Defend_B+1","Defend_B+1","Defend_B+1","Defend_B+1","Zap+1","Dualcast","Compile Driver","Steam","Beam Cell","Self Repair","Conserve Battery","Compile Driver","Rebound","Go for the Eyes","BootSequence","Seek","White Noise","Thunder Strike","Aggregate","Go for the Eyes","Glacier","Steam+1"],"relics":["Cracked Core","Omamori","MawBank","Shuriken","Cursed Key"],"acts_visited":["Exordium","TheCity"],"potions_floor_usage":[],"damage_taken":[{"damage":12.0,"enemies":"Jaw Worm","floor":1.0,"turns":4.0},{"damage":1.0,"enemies":"Cultist","floor":3.0,"turns":3.0},{"damage":1.0,"enemies":"2 Louse","floor":4.0,"turns":3.0},{"damage":28.0,"enemies":"Gremlin Nob","floor":7.0,"turns":4.0},{"damage":47.0,"enemies":"3 Sentries","floor":10.0,"turns":8.0},{"damage":6.0,"enemies":"Exordium Thugs","floor":11.0,"turns":4.0},{"damage":5.0,"enemies":"Red Slaver","floor":12.0,"turns":3.0},{"damage":0.0,"enemies":"Large Slime","floor":13.0,"turns":4.0},{"damage":11.0,"enemies":"Lots of Slimes","floor":14.0,"turns":3.0},{"damage":36.0,"enemies":"The Guardian","floor":16.0,"turns":12.0},{"damage":12.0,"enemies":"2 Thieves","floor":18.0,"turns":4.0},{"damage":31.0,"enemies":"3 Byrds","floor":20.0,"turns":6.0},{"damage":26.0,"enemies":"3 Cultists","floor":22.0,"turns":6.0},{"damage":20.0,"enemies":"Snake Plant","floor":24.0,"turns":6.0},{"damage":33,"enemies":"Chosen and Byrds","floor":25,"turns":7}],"seed_played":"5677818546135778271","potions_obtained":[{"floor":3.0,"key":"AttackPotion"},{"floor":4.0,"key":"BlessingOfTheForge"},{"floor":16.0,"key":"SteroidPotion"},{"floor":20.0,"key":"PotionOfCapacity"},{"floor":24.0,"key":"Weak Potion"}],"is_trial":false,"path_per_floor":["M","?","M","M","$","R","E","?","T","E","M","M","M","M","R","B",null,"M","T","M","?","M","R","M","M"],"character_chosen":"DEFECT","items_purchased":["Self Repair","Conserve Battery"],"campfire_rested":3,"item_purchase_floors":[5,5],"current_hp_per_floor":[59,59,58,57,57,78,57,57,57,10,11,13,20,16,39,10,61,56,56,32,32,13,36,23,0,0],"gold":504,"neow_bonus":"TEN_PERCENT_HP_BONUS","is_daily":false,"chose_seed":false,"campfire_upgraded":0,"win_rate":0.0,"timestamp":1608713431,"path_taken":["M","?","M","M","$","R","E","?","T","E","M","M","M","M","R","BOSS","M","?","M","?","M","R","M","M"],"items_purchased_type":["Card","Card"],"build_version":"2020-12-22","purchased_purges":0,"victory":false,"max_hp_per_floor":[78,78,78,78,78,78,78,78,78,78,78,78,78,78,78,78,78,78,78,78,78,78,78,78,78,78],"relic_stats":{"counters":[15,77],"Shuriken":[19],"MawBank":192,"Cursed Key":0,"obtain_stats":[{"Shuriken":10,"Omamori":7,"Cracked Core":0,"MawBank":9,"Cursed Key":17},{"Shuriken":5,"Omamori":4,"Cracked Core":0,"MawBank":4,"Cursed Key":10},{"Shuriken":22,"Omamori":14,"Cracked Core":0,"MawBank":14,"Cursed Key":48}]},"card_choices":[{"not_picked":["Consume","Hologram"],"picked":"Compile Driver","floor":1.0},{"not_picked":["Consume","Force Field"],"picked":"Steam","floor":3.0},{"not_picked":["Storm","Stack"],"picked":"Beam Cell","floor":4.0},{"not_picked":["Doom and Gloom","Streamline"],"picked":"Compile Driver","floor":7.0},{"not_picked":["Stack","Reprogram"],"picked":"Rebound","floor":10.0},{"not_picked":["Beam Cell","Rebound"],"picked":"Go for the Eyes","floor":11.0},{"not_picked":["Ball Lightning","Fusion"],"picked":"BootSequence","floor":12.0},{"not_picked":["Cold Snap","Coolheaded"],"picked":"Seek","floor":13.0},{"not_picked":["Redo","Skim"],"picked":"White Noise","floor":14.0},{"not_picked":["Echo Form","Creative AI"],"picked":"Thunder Strike","floor":16.0},{"not_picked":["Blizzard","Rip and Tear"],"picked":"Aggregate","floor":18.0},{"not_picked":["Genetic Algorithm","Sweeping Beam"],"picked":"Go for the Eyes","floor":20.0},{"not_picked":["Skim","Redo"],"picked":"Glacier","floor":22.0},{"not_picked":["Leap","Barrage"],"picked":"Steam+1","floor":24.0}],"player_experience":797125,"relics_obtained":[{"floor":7.0,"key":"Omamori"},{"floor":9.0,"key":"MawBank"},{"floor":10.0,"key":"Shuriken"}],"event_choices":[{"damage_healed":0.0,"max_hp_gain":0.0,"max_hp_loss":0.0,"gold_gain":0.0,"event_name":"Liars Game","player_choice":"Ignored","floor":2.0,"gold_loss":0.0,"damage_taken":0.0},{"damage_healed":0.0,"max_hp_gain":0.0,"max_hp_loss":0.0,"gold_gain":0.0,"event_name":"Accursed Blacksmith","player_choice":"Forge","floor":8.0,"gold_loss":0.0,"damage_taken":0.0,"cards_upgraded":["Zap"]},{"damage_healed":0.0,"max_hp_gain":0.0,"max_hp_loss":0.0,"gold_gain":0.0,"event_name":"Back to Basics","player_choice":"Simplicity","floor":21.0,"gold_loss":0.0,"damage_taken":0.0,"cards_upgraded":["Strike_B","Strike_B","Strike_B","Strike_B","Defend_B","Defend_B","Defend_B","Defend_B"]}],"is_beta":false,"boss_relics":[{"not_picked":["Busted Crown","Black Star"],"picked":"Cursed Key"}],"items_purged_floors":[],"is_endless":false,"potions_floor_spawned":[3,4,16,20,24],"killed_by":"Chosen and Byrds","ascension_level":20}}