{"host":"4gpocmiyl6swb7z6","time":1608760925,"event":{"mods":["AchievementEnabler","BaseMod","Colored Map","Colored Powertips","Minty Spire (QoL Compilation)","Rare Cards Sparkle"],"gold_per_floor":[117,133,35,35,35,70,70,98,145,164,164,183,203,238,238,338,338,322,322,332,332,342,342,376,396,421,421,448,460,460],"floor_reached":29,"playtime":2707,"items_purged":[],"score":333,"play_id":"fd1d2935-a744-4131-8b46-a3c8e73750ca","local_time":"20201223230205","is_ascension_mode":false,"campfire_choices":[{"data":"Acrobatics","floor":7,"key":"SMITH"},{"data":"Bandage Up","floor":11,"key":"SMITH"},{"data":"Infinite Blades","floor":15,"key":"SMITH"},{"data":"Outmaneuver","floor":23,"key":"SMITH"},{"data":"Flechettes","floor":27,"key":"SMITH"}],"circlet_count":0,"master_deck":["Strike_G","Strike_G","Strike_G","Strike_G","Strike_G","Defend_G","Defend_G","Defend_G","Defend_G+1","Defend_G+1","Survivor","Neutralize+1","Dodge and Roll","Finisher+1","Bandage Up+1","Acrobatics+1","Expertise","Infinite Blades+1","Deadly Poison","Noxious Fumes","Outmaneuver+1","A Thousand Cuts","Finisher","Underhanded Strike","Heel Hook","A Thousand Cuts","Flechettes+1","Outmaneuver+1"],"relics":["Ring of the Snake","NeowsBlessing","Whetstone","CaptainsWheel","Potion Belt","Gremlin Horn","SlaversCollar","MutagenicStrength","PreservedInsect","Ice Cream","War Paint","MawBank"],"acts_visited":["TheCity"],"potions_floor_usage":[25,25,25,25,25,25,28,28,29],"damage_taken":[{"damage":0,"enemies":"Small Slimes","floor":1,"turns":1},{"damage":0,"enemies":"Jaw Worm","floor":2,"turns":1},{"damage":0,"enemies":"Lagavulin","floor":6,"turns":1},{"damage":34,"enemies":"Gremlin Nob","floor":8,"turns":5},{"damage":0,"enemies":"Cultist","floor":10,"turns":5},{"damage":3,"enemies":"Large Slime","floor":12,"turns":5},{"damage":3,"enemies":"Red Slaver","floor":13,"turns":6},{"damage":7,"enemies":"Lagavulin","floor":14,"turns":7},{"damage":11,"enemies":"Slime Boss","floor":16,"turns":9},{"damage":30,"enemies":"2 Thieves","floor":18,"turns":5},{"damage":4,"enemies":"Shell Parasite","floor":20,"turns":8},{"damage":32,"enemies":"Snecko","floor":22,"turns":7},{"damage":31,"enemies":"Slavers","floor":24,"turns":4},{"damage":19,"enemies":"Shelled Parasite and Fungi","floor":25,"turns":8},{"damage":0,"enemies":"Gremlin Leader","floor":28,"turns":5},{"damage":12,"enemies":"Snake Plant","floor":29,"turns":2}],"seed_played":"5679745350527435257","potions_obtained":[{"floor":1,"key":"SmokeBomb"},{"floor":8,"key":"EntropicBrew"},{"floor":10,"key":"Regen Potion"},{"floor":12,"key":"Dexterity Potion"},{"floor":14,"key":"Fire Potion"},{"floor":20,"key":"SkillPotion"},{"floor":24,"key":"CunningPotion"}],"is_trial":false,"path_per_floor":["M","M","$","?","?","E","R","E","T","M","R","M","M","E","R","B",null,"M","?","M","T","M","R","E","M","T","R","E","M"],"character_chosen":"THE_SILENT","items_purchased":["Bandage Up"],"campfire_rested":0,"item_purchase_floors":[3],"current_hp_per_floor":[70,70,70,75,75,75,75,45,45,49,49,52,55,54,54,49,75,51,51,53,53,27,27,2,4,4,4,10,0,0],"gold":460,"neow_bonus":"THREE_ENEMY_KILL","is_daily":false,"chose_seed":false,"campfire_upgraded":5,"win_rate":0.0,"timestamp":1608760925,"path_taken":["M","M","$","?","?","E","R","E","T","M","R","M","M","E","R","BOSS","M","?","M","?","M","R","E","M","T","R","E","M"],"items_purchased_type":["Card"],"build_version":"2020-12-22","purchased_purges":0,"victory":false,"max_hp_per_floor":[70,70,70,75,75,75,75,75,75,75,75,75,75,75,75,75,75,75,75,75,75,75,75,75,75,75,75,75,75,75],"card_choices":[{"not_picked":["Flechettes","Masterful Stab"],"picked":"Dodge and Roll","floor":1},{"not_picked":["Choke","Reflex"],"picked":"Finisher","floor":2},{"not_picked":["Deflect","Dagger Throw"],"picked":"Acrobatics","floor":6},{"not_picked":["Reflex","Escape Plan"],"picked":"Expertise","floor":8},{"not_picked":["Prepared","PiercingWail"],"picked":"Infinite Blades","floor":10},{"not_picked":["Reflex","Acrobatics"],"picked":"Deadly Poison","floor":12},{"not_picked":["Dagger Throw","Leg Sweep"],"picked":"Noxious Fumes","floor":13},{"not_picked":["Poisoned Stab","Noxious Fumes"],"picked":"Outmaneuver","floor":14},{"not_picked":["Phantasmal Killer","Tools of the Trade"],"picked":"A Thousand Cuts","floor":16},{"not_picked":["Expertise","Deflect"],"picked":"Finisher","floor":18},{"not_picked":["Dodge and Roll+1","Acrobatics"],"picked":"Underhanded Strike","floor":20},{"not_picked":["Choke","Deadly Poison"],"picked":"Heel Hook","floor":22},{"not_picked":["Noxious Fumes","Outmaneuver"],"picked":"A Thousand Cuts","floor":24},{"not_picked":["Prepared+1","Backflip+1"],"picked":"Flechettes","floor":25},{"not_picked":["Leg Sweep","Escape Plan"],"picked":"Outmaneuver+1","floor":28}],"player_experience":8920,"relics_obtained":[{"floor":6,"key":"Whetstone"},{"floor":8,"key":"CaptainsWheel"},{"floor":9,"key":"Potion Belt"},{"floor":14,"key":"Gremlin Horn"},{"floor":21,"key":"PreservedInsect"},{"floor":24,"key":"Ice Cream"},{"floor":26,"key":"War Paint"},{"floor":28,"key":"MawBank"}],"event_choices":[{"damage_healed":0,"gold_gain":0,"player_choice":"Donut","damage_taken":0,"max_hp_gain":5,"max_hp_loss":0,"event_name":"Big Fish","floor":4,"gold_loss":0},{"damage_healed":0,"gold_gain":0,"player_choice":"Leave","damage_taken":0,"max_hp_gain":0,"max_hp_loss":0,"event_name":"The Cleric","floor":5,"gold_loss":0},{"damage_healed":0,"gold_gain":0,"player_choice":"Inject Mutagens","damage_taken":0,"relics_obtained":["MutagenicStrength"],"max_hp_gain":0,"max_hp_loss":0,"event_name":"Drug Dealer","floor":19,"gold_loss":0}],"is_beta":false,"boss_relics":[{"not_picked":["Runic Dome","Busted Crown"],"picked":"SlaversCollar"}],"items_purged_floors":[],"is_endless":false,"potions_floor_spawned":[1,8,10,12,14,20,24],"killed_by":"Snake Plant","ascension_level":0}}