{"host":"uyp13icwa33nzjib","time":1608741797,"event":{"mods":["AchievementEnabler","BaseMod","BetterRewards","Colored Map","Infinite Spire","Mimic Mod","Minty Spire (QoL Compilation)","Quick Restart","Replay The Spire","StSLib"],"gold_per_floor":[111,151,169,169,182,182,215,228,274,308,308,351,351,50,59,157,157,185,194,119,0,29,51,74,117,117,126,126],"floor_reached":27,"playtime":1558,"items_purged":[],"score":251,"play_id":"e62d3ed8-cae9-4ce5-904b-55c2d532af8d","local_time":"20201223114317","daily_mods":["Red Cards","Green Cards","Blue Cards","Purple Cards","Heirloom","Elite Swarm","Lethality","Uncertain Future"],"is_ascension_mode":false,"campfire_choices":[{"data":"Neutralize","floor":6,"key":"SMITH"},{"floor":11,"key":"REST"},{"floor":15,"key":"REST"},{"floor":27,"key":"REST"}],"circlet_count":0,"master_deck":["Strike_G","Strike_G","Strike_G","Strike_G","Strike_G","Defend_G","Defend_G","Defend_G","Defend_G","Defend_G","Survivor","Neutralize+1","Shockwave","Dagger Throw","Blur","Conserve Battery","Corpse Explosion","Outmaneuver","Adrenaline","SpiritShield","Fusion","Purity+1","infinitespire:Starlight","Hemokinesis","Cleave","Slice","All For One","Inflame"],"relics":["Ring of the Snake","Ginger","ReplayTheSpireMod:Ring of Addiction","Toy Ornithopter","Chameleon Ring","Iron Hammer","CeramicFish","MealTicket","Paper Crane","PrismaticShard","Dream Catcher","Honey Jar","Bottled Flame","infinitespire:EmpoweringShard","Sundial"],"acts_visited":["Exordium","TheCity"],"potions_floor_usage":[10],"damage_taken":[{"damage":0,"enemies":"2 Louse","floor":1,"turns":2},{"damage":0,"enemies":"Jaw Worm","floor":3,"turns":3},{"damage":6,"enemies":"Cultist","floor":5,"turns":3},{"damage":42,"enemies":"3 Sentries","floor":7,"turns":9},{"damage":0,"enemies":"Looter","floor":8,"turns":4},{"damage":8,"enemies":"Lagavulin","floor":10,"turns":7},{"damage":9,"enemies":"3 Sentries","floor":12,"turns":5},{"damage":19,"enemies":"Slime Boss","floor":16,"turns":6},{"damage":0,"enemies":"Chosen","floor":18,"turns":5},{"damage":7,"enemies":"Shell Parasite","floor":22,"turns":7},{"damage":25,"enemies":"Chosen and Byrds","floor":23,"turns":6},{"damage":14,"enemies":"Centurion and Healer","floor":24,"turns":4},{"damage":11,"enemies":"Replay:Snechameleon","floor":25,"turns":6}],"seed_played":"-3325158528427468936","potions_obtained":[{"floor":2,"key":"SkillPotion"},{"floor":2,"key":"Block Potion"},{"floor":2,"key":"Energy Potion"},{"floor":4,"key":"AttackPotion"},{"floor":10,"key":"Regen Potion"},{"floor":18,"key":"Weak Potion"},{"floor":22,"key":"SkillPotion"},{"floor":24,"key":"ColorlessPotion"}],"is_trial":true,"path_per_floor":["M","?","M","?","M","R","E","M","T","E","R","E","?","$","R","B",null,"M","AVR","?","?","M","M","M","E","T","R"],"character_chosen":"THE_SILENT","items_purchased":["PrismaticShard","Dream Catcher"],"campfire_rested":3,"item_purchase_floors":[14,14],"current_hp_per_floor":[70,53,53,53,47,47,5,5,5,2,22,13,33,48,66,47,64,64,64,62,62,62,45,46,45,45,58,58],"gold":126,"neow_bonus":"","is_daily":false,"chose_seed":false,"campfire_upgraded":1,"win_rate":0.0,"timestamp":1608741797,"path_taken":["M","?","M","?","M","R","E","M","T","E","R","E","?","$","R","BOSS","M","AVR","?","?","M","M","M","E","T","R"],"items_purchased_type":["Relic","Relic"],"build_version":"2020-12-22","purchased_purges":0,"victory":false,"max_hp_per_floor":[70,70,70,70,70,70,70,68,68,68,68,68,68,66,66,66,64,64,64,62,62,62,60,60,60,58,58,58],"card_choices":[{"not_picked":["Indignation","Havoc"],"picked":"Shockwave","floor":1},{"not_picked":["WaveOfTheHand","Nirvana"],"picked":"Dagger Throw","floor":2},{"not_picked":["Slice","Beam Cell"],"picked":"Blur","floor":3},{"not_picked":["Compile Driver","Bouncing Flask"],"picked":"Conserve Battery","floor":5},{"not_picked":["Establishment","Corruption"],"picked":"Corpse Explosion","floor":7},{"not_picked":["Warcry","Coolheaded"],"picked":"Outmaneuver","floor":8},{"not_picked":["Replay:Many Hands","Double Tap"],"picked":"Adrenaline","floor":10},{"not_picked":["Amplify","Eclipse"],"picked":"SpiritShield","floor":12},{"not_picked":["Darkness","Ball Lightning"],"picked":"Fusion","floor":15},{"not_picked":["Sword Boomerang","Infinite Blades+1","Perfected Strike"],"picked":"Purity+1","floor":18},{"not_picked":["Perfected Strike+1","Ball Lightning+1","Protect"],"picked":"Hemokinesis","floor":22},{"not_picked":["Endless Agony+1","JustLucky","Fire Breathing"],"picked":"Cleave","floor":23},{"not_picked":["Fluid Movement+1","Auto Shields","True Grit"],"picked":"Slice","floor":24},{"not_picked":["Biased Cognition","Brutality","Transmutation"],"picked":"All For One","floor":25},{"not_picked":["PathToVictory","Deadly Poison","Backflip"],"picked":"Inflame","floor":27}],"player_experience":310881,"relics_obtained":[{"floor":4,"key":"ReplayTheSpireMod:Ring of Addiction"},{"floor":4,"key":"Toy Ornithopter"},{"floor":4,"key":"Chameleon Ring"},{"floor":7,"key":"Iron Hammer"},{"floor":9,"key":"CeramicFish"},{"floor":10,"key":"MealTicket"},{"floor":12,"key":"Paper Crane"},{"floor":25,"key":"infinitespire:EmpoweringShard"},{"floor":26,"key":"Sundial"}],"event_choices":[{"cards_removed":["Amnesia"],"damage_healed":0,"gold_gain":0,"player_choice":"Gave Gold","damage_taken":0,"max_hp_gain":0,"max_hp_loss":0,"event_name":"Beggar","floor":20,"gold_loss":75},{"damage_healed":0,"gold_gain":0,"player_choice":"Paid Fearfully","damage_taken":0,"max_hp_gain":0,"max_hp_loss":0,"event_name":"Masked Bandits","floor":21,"gold_loss":119}],"is_beta":false,"boss_relics":[{"not_picked":["Kintsugi","Cursed Key"],"picked":"Honey Jar"}],"items_purged_floors":[],"is_endless":false,"potions_floor_spawned":[3,8,10,18,22,24],"ascension_level":0}}