{"host":"jgyoyy5iuhtvyvtg","time":1608714265,"event":{"mods":["2.2 Compatiblity","BaseMod","Challenge The Spire","Colored Map","Conspire","Downfall","Hermit","Highlight Path","Infinite Spire","Lobotomy","LobotomyExtend","Minty Spire (QoL Compilation)","Quick Restart","Replay The Spire","Spikes Relics","StSLib","The Construct","The Disciple","The Jungle","Yuri Mod"],"gold_per_floor":[114,124,70,81,95,110,110,130,156,168,455,493,524,553,565,577,577],"floor_reached":16,"playtime":584,"items_purged":[],"score":143,"play_id":"80b91af6-72e2-4629-8c54-fe4f8719988b","local_time":"20201223010425","is_ascension_mode":true,"campfire_choices":[{"data":"hermit:WideOpen","floor":7,"key":"SMITH"},{"data":"hermit:Quickdraw","floor":10,"key":"SMITH"},{"floor":15,"key":"REST"}],"circlet_count":0,"master_deck":["hermit:Strike_Hermit","hermit:Strike_Hermit","hermit:Strike_Hermit","hermit:Strike_Hermit","hermit:Defend_Hermit","hermit:Defend_Hermit","hermit:Defend_Hermit","hermit:Defend_Hermit","hermit:Snapshot","hermit:Covet","hermit:Desperado","hermit:Coalescence","hermit:Deadeye","hermit:Deadeye","hermit:WideOpen+1","hermit:Quickdraw+1","hermit:Magnum","Regret","hermit:Brawl","hermit:Scavenge"],"relics":["hermit:Momento","LetterFromLob","MawBank","Bronze Scales"],"acts_visited":["Exordium"],"potions_floor_usage":[12,12,16],"damage_taken":[{"damage":0,"enemies":"Cultist","floor":1,"turns":4},{"damage":5,"enemies":"Small Slimes","floor":2,"turns":3},{"damage":0,"enemies":"2 Louse","floor":4,"turns":2},{"damage":12,"enemies":"Looter","floor":5,"turns":3},{"damage":0,"enemies":"2 Fungi Beasts","floor":6,"turns":2},{"damage":5,"enemies":"Blue Slaver","floor":8,"turns":3},{"damage":19,"enemies":"3 Sentries","floor":12,"turns":5},{"damage":0,"enemies":"Large Slime","floor":13,"turns":4},{"damage":15,"enemies":"Exordium Wildlife","floor":14,"turns":2},{"damage":44,"enemies":"The Guardian","floor":16,"turns":9}],"seed_played":"8908705934627709335","potions_obtained":[{"floor":2,"key":"FearPotion"},{"floor":5,"key":"Adrenaline Potion"},{"floor":8,"key":"construct:ShiftPotion"},{"floor":14,"key":"infinitespire:BlackPotion"}],"is_trial":false,"path_per_floor":["M","M","$","M","M","M","R","M","T","R","?","E","M","M","R","B"],"character_chosen":"HERMIT","items_purchased":["hermit:Deadeye"],"campfire_rested":1,"item_purchase_floors":[3],"current_hp_per_floor":[75,70,70,70,58,58,58,53,53,53,53,34,34,19,43,0,0],"gold":577,"neow_bonus":"TEN_PERCENT_HP_BONUS","is_daily":false,"chose_seed":false,"campfire_upgraded":2,"win_rate":0.0,"timestamp":1608714265,"path_taken":["M","?","$","M","M","M","R","M","T","R","?","E","M","M","R","BOSS"],"items_purchased_type":["Card"],"build_version":"2020-12-22","purchased_purges":0,"victory":false,"max_hp_per_floor":[82,82,82,82,82,82,82,82,82,82,82,82,82,82,82,82,82],"card_choices":[{"not_picked":["hermit:SprayPray","hermit:TrackingShot"],"picked":"hermit:Desperado","floor":1},{"not_picked":["hermit:DeadMansHand","hermit:Spite"],"picked":"hermit:Coalescence","floor":2},{"not_picked":["hermit:CursedWeapon","hermit:ItchyTrigger"],"picked":"hermit:WideOpen","floor":4},{"not_picked":["hermit:Ricochet","hermit:Malice"],"picked":"hermit:Quickdraw","floor":5},{"not_picked":["hermit:ItchyTrigger","hermit:Headshot"],"picked":"hermit:Magnum","floor":6},{"not_picked":["hermit:Enervate","hermit:Vantage","hermit:LoneWolf"],"picked":"SKIP","floor":8},{"not_picked":["hermit:Feint","hermit:HighCaliber"],"picked":"hermit:Brawl","floor":12},{"not_picked":["hermit:Vantage","hermit:Quickdraw"],"picked":"hermit:Scavenge","floor":13},{"not_picked":["hermit:Cheat","hermit:EyeOfTheStorm","hermit:BodyArmor"],"picked":"SKIP","floor":14}],"player_experience":3179605,"relics_obtained":[{"floor":1,"key":"LetterFromLob"},{"floor":9,"key":"MawBank"},{"floor":12,"key":"Bronze Scales"}],"event_choices":[{"damage_healed":0,"gold_gain":275,"player_choice":"Desecrate","damage_taken":0,"max_hp_gain":0,"max_hp_loss":0,"event_name":"Golden Shrine","floor":11,"gold_loss":0,"cards_obtained":["Regret"]}],"is_beta":false,"boss_relics":[],"items_purged_floors":[],"is_endless":false,"potions_floor_spawned":[2,5,8,14],"killed_by":"The Guardian","ascension_level":7}}