{"host":"cop8ymgpsji2w9by","time":1608701068,"event":{"mods":["2.2 Compatiblity","Act Like it!","Astrologer","Bard","BaseMod","Beaked The Cultist","Better Third Choice","BetterRewards","CapriCore","CatGirl Mod","ChefMod","Colored Map","Colored Powertips","Conspire","Curses Come First","DeckTracker","Downfall","Elementarium","Energized Spire","Fiend Mod","Friendly Minions","Gensokyo","Gremlin Mod","Hallownest","Hermit","Hubris","Infinite Spire","Mad Scientist","Marisa????????","Marked Mod","Menagerie","Mimic Mod","Minty Spire (QoL Compilation)","READ ME - Guardian Mod","Random Character Button","Rare Cards Sparkle","Replay The Spire","Robot Space Explorer","Shade Mod","Somnambulant","Spicy Shops","StSLib","The Accelerator","The Blackbeard","The Bladedancer","The Blue Laboratory","The Bug Knight","The Clintock","The Construct","The Cursed","The Death Knight","The Disciple","The Elementalist","The Factory","The Forsaken","The Gatherer","The Hayseed","The Hierophant","The Immortal","The Judge","The Jungle","The Marked","The Mystic","The Necromancer","The Poker Player","The Runesmith","The Servant 0.9.4","TheFirefly","TheSwordswoman","TheVacant","Wandering Minibosses","thorton"],"gold_per_floor":[112,112,123,123,142,142,52,81,106,135,150,163,192,192,192,287,287,297,297,308,325,335,368,368,384,418,418,16,28,48,48,48,153,153,166,182,202,2,2,2,2],"floor_reached":40,"playtime":2385,"items_purged":[],"score":580,"play_id":"bd4c6ddb-ad79-4da2-98cf-de35f32d02ed","local_time":"20201223002428","is_ascension_mode":false,"campfire_choices":[{"floor":6,"key":"RECALL"},{"floor":24,"key":"REST"},{"data":"ReplayTheSpireMod:Book of Names","floor":32,"key":"SMITH"}],"circlet_count":0,"master_deck":["theMarked:Strike","theMarked:Strike","theMarked:Strike","theMarked:Strike","theMarked:Strike","theMarked:Defend+1","theMarked:Defend+1","theMarked:Defend","theMarked:Defend","theMarked:SoldierOfQuellstein","theMarked:LightningStrikesTwice","elementalist:Air_Emblem","theMarked:ElectricStrings","theMarked:StartUp","theMarked:Static","theMarked:MysticalArsenal+1","theMarked:ContemptForTheProud","theMarked:WastefulAttack+1","theMarked:EmpowerWeapon+1","theMarked:Aftermath+1","theMarked:ParalyzingBlade+1","theMarked:EmpowerWeapon+1","theMarked:SoldierForm","theMarked:WastefulAttack+1","theMarked:SuspiciousRaven+1","theMarked:WastefulAttack+1","theMarked:ChainLightning","theMarked:ContemptForTheProud+1","theMarked:Electrocute","theMarked:ContemptForTheProud","theMarked:ContemptForTheProud","theMarked:GodGivenPower+1","theMarked:WastefulAttack+1","TheCursedMod:Dregs","theMarked:SuspiciousRaven+1","theMarked:RogueSparks","theMarked:ChainLightning","ReplayTheSpireMod:Book of Names+1","theMarked:ElectricStrings","theMarked:ChannelForce+1","theMarked:EmpowerWeapon+1","theMarked:RogueSparks","theMarked:ParalyzingBlade+1","theMarked:EmpowerWeapon+1","Wraith"],"relics":["mysticmod:RabbitsFoot","construct:Challenge1","conspire:RoyalGoblet","accelerator:BetterCloud","Hallownest:SalubrasBlessingRelic","beaked:MendingPlumage","infinitespire:Chaos","hubris:Towel","Toxic Egg 2","Ancient Tea Set","Replay:Ringing Soul","conspire:SpecialSausage","Replay:Bottled Eggs","Iron Hammer","Bottled Tornado","DeathKnight:SindragosasSkull","Shuriken","ReplayTheSpireMod:CursedCoin","DollysMirror","theMarked:Gun","hubris:TerracottaHorce","Anchor"],"acts_visited":["Exordium","TheCity","TheBeyond"],"potions_floor_usage":[10,16,16,25,33,33,37,37],"damage_taken":[{"damage":4,"enemies":"Hallownest:monsterHuskWarrior","floor":1,"turns":3},{"damage":2,"enemies":"Hallownest:2_Tiktiks_and_1_Crawlid","floor":3,"turns":3},{"damage":8,"enemies":"2_ Uuma","floor":5,"turns":5},{"damage":27,"enemies":"Hallownest:eliteMossKnight","floor":8,"turns":9},{"damage":8,"enemies":"Hallownest:eliteCrystalGuardian","floor":10,"turns":3},{"damage":0,"enemies":"Hallownest:monsterMossCharger","floor":11,"turns":3},{"damage":9,"enemies":"Hallownest:MossCreep_and_Mosskin","floor":12,"turns":6},{"damage":26,"enemies":"Hallownest:eliteCrystalGuardian","floor":13,"turns":5},{"damage":0,"enemies":"Hallownest:monsterAspidMother","floor":14,"turns":3},{"damage":8,"enemies":"Hallownest:BossBrokenVessel","floor":16,"turns":4},{"damage":12,"enemies":"Shell Parasite","floor":18,"turns":3},{"damage":5,"enemies":"Chosen","floor":20,"turns":4},{"damage":49,"enemies":"Sentry and Sphere","floor":21,"turns":6},{"damage":11,"enemies":"Snecko","floor":22,"turns":4},{"damage":27,"enemies":"Replay:Snechameleon","floor":23,"turns":3},{"damage":22,"enemies":"Cultist and Chosen","floor":25,"turns":4},{"damage":1,"enemies":"Centurion and Healer","floor":26,"turns":4},{"damage":0,"enemies":"Centurion and Healer","floor":29,"turns":4},{"damage":10,"enemies":"Sentry and Sphere","floor":30,"turns":3},{"damage":22,"enemies":"conspire:MysteriousRune","floor":33,"turns":3},{"damage":22,"enemies":"3 Darklings","floor":35,"turns":3},{"damage":45,"enemies":"3 Shapes","floor":36,"turns":4},{"damage":43,"enemies":"Writhing Mass","floor":37,"turns":4},{"damage":84,"enemies":"Reptomancer","floor":40,"turns":3}],"seed_played":"3815831125878775218","potions_obtained":[{"floor":1,"key":"blueLaboratory:BottleOfRum"},{"floor":3,"key":"Flashbang"},{"floor":11,"key":"blueLaboratory:BottleOfVodka"},{"floor":12,"key":"blueLaboratory:BottleOfRum"},{"floor":21,"key":"blueLaboratory:BottledHope"},{"floor":23,"key":"Fire Potion"},{"floor":25,"key":"blueLaboratory:BottleOfVodka"},{"floor":30,"key":"Adrenaline Potion"},{"floor":35,"key":"blueLaboratory:NullPotion"}],"is_trial":false,"path_per_floor":["M","?","M","?","M","R","$","E","T","?","M","M","E","M","R","B",null,"M","?","M","M","M","E","R","M","MIM","?","$","M","M","AVR","R","B",null,"M","M","M","$","?","E"],"character_chosen":"THE_DEFAULT","items_purchased":["ReplayTheSpireMod:Lightbulb","Frozen Eye","Replay:Bottled Snecko","Letter Opener","War Paint","infinitespire:Chaos","theMarked:MysticalArsenal+1","Shuriken","ReplayTheSpireMod:CursedCoin","DollysMirror","theMarked:Gun","Anchor","theMarked:EmpowerWeapon+1"],"campfire_rested":1,"item_purchase_floors":[0,0,0,0,0,0,7,28,28,28,28,38,38],"current_hp_per_floor":[44,44,53,53,60,60,60,59,59,62,70,65,54,65,65,75,79,77,77,85,49,54,42,72,66,80,80,83,102,103,106,106,108,115,107,79,57,60,63,0,0],"gold":2,"neow_bonus":"","is_daily":false,"chose_seed":false,"campfire_upgraded":1,"win_rate":0.0,"timestamp":1608701068,"path_taken":["M","?","M","?","M","R","?","E","T","?","M","?","E","M","R","BOSS","M","?","M","M","M","E","R","M","MIM","?","$","M","M","AVR","R","BOSS","M","M","M","$","?","E"],"items_purchased_type":["Relic","Relic","Relic","Relic","Relic","Relic","Card","Relic","Relic","Relic","Relic","Relic","Card"],"build_version":"2020-12-13","purchased_purges":0,"victory":false,"max_hp_per_floor":[70,70,70,70,70,70,70,70,70,70,70,70,73,76,76,79,79,82,82,85,88,91,94,96,99,102,102,105,108,111,114,114,117,117,120,123,126,129,132,132,132],"card_choices":[{"not_picked":["theMarked:BanishingWave","theMarked:ReduceFriction"],"picked":"theMarked:LightningStrikesTwice","floor":1},{"not_picked":["theMarked:TwofoldDefense","theMarked:CreepingChasm"],"picked":"theMarked:ElectricStrings","floor":3},{"not_picked":["theMarked:BanishingStrike","theMarked:CreepingChasm"],"picked":"theMarked:StartUp","floor":5},{"not_picked":["theMarked:Electrocute","theMarked:TakeCover"],"picked":"theMarked:ContemptForTheProud","floor":8},{"not_picked":["theMarked:Frustration","theMarked:EnhanceMovement+1"],"picked":"theMarked:WastefulAttack","floor":10},{"not_picked":["theMarked:ElectricStrings","theMarked:WastefulAttack"],"picked":"theMarked:EmpowerWeapon+1","floor":11},{"not_picked":["theMarked:Generate+1","theMarked:Seal+1"],"picked":"theMarked:Aftermath+1","floor":12},{"not_picked":["theMarked:Static+1","theMarked:Overthink+1"],"picked":"theMarked:ParalyzingBlade+1","floor":13},{"not_picked":["theMarked:RogueSparks","theMarked:WastefulAttack"],"picked":"theMarked:EmpowerWeapon+1","floor":14},{"not_picked":["theMarked:UnarmedFury","theMarked:DispelDoubt"],"picked":"theMarked:SuspiciousRaven+1","floor":16},{"not_picked":["theMarked:Aftermath+1","theMarked:Convert+1"],"picked":"theMarked:WastefulAttack","floor":18},{"not_picked":["theMarked:Frustration","theMarked:EnhanceMovement+1"],"picked":"theMarked:ChainLightning","floor":20},{"not_picked":["theMarked:ReduceFriction+1","theMarked:MagicAdept"],"picked":"theMarked:ContemptForTheProud+1","floor":21},{"not_picked":["theMarked:HeightenedSenses+1","theMarked:TwofoldDefense+1"],"picked":"theMarked:Electrocute","floor":22},{"not_picked":["theMarked:MagicAdept","theMarked:Improvise+1"],"picked":"theMarked:ContemptForTheProud","floor":23},{"not_picked":["theMarked:Aftermath+1","theMarked:ShockingTouch"],"picked":"theMarked:GodGivenPower+1","floor":25},{"not_picked":["theMarked:BanishingWave","theMarked:BanishingStrike+1"],"picked":"theMarked:WastefulAttack","floor":26},{"not_picked":["theMarked:Improvise+1","theMarked:Aftermath+1"],"picked":"theMarked:RogueSparks","floor":29},{"not_picked":["theMarked:Convert+1","theMarked:Frustration"],"picked":"theMarked:ChainLightning","floor":30},{"not_picked":["theMarked:Levitate+1","theMarked:DispelDoubt"],"picked":"theMarked:ChannelForce+1","floor":33},{"not_picked":["theMarked:Frustration+1","theMarked:SwordAndMagic"],"picked":"theMarked:EmpowerWeapon+1","floor":35},{"not_picked":["theMarked:Parkour+1","theMarked:BanishingStrike"],"picked":"theMarked:RogueSparks","floor":36},{"not_picked":["theMarked:Frustration","theMarked:Challenge+1"],"picked":"theMarked:ParalyzingBlade+1","floor":37}],"player_experience":393250,"relics_obtained":[{"floor":8,"key":"Toxic Egg 2"},{"floor":10,"key":"Ancient Tea Set"},{"floor":13,"key":"Replay:Ringing Soul"},{"floor":19,"key":"Replay:Bottled Eggs"},{"floor":23,"key":"Iron Hammer"},{"floor":26,"key":"Bottled Tornado"},{"floor":26,"key":"DeathKnight:SindragosasSkull"}],"event_choices":[{"damage_healed":0,"gold_gain":0,"player_choice":"Relic","damage_taken":0,"max_hp_gain":0,"max_hp_loss":0,"event_name":"Wheel of Change","floor":19,"gold_loss":0},{"cards_removed":["Injury"],"damage_healed":0,"gold_gain":0,"player_choice":"Purged","damage_taken":0,"max_hp_gain":0,"max_hp_loss":0,"event_name":"Purifier","floor":27,"gold_loss":0},{"damage_healed":0,"gold_gain":0,"player_choice":"Ignored","damage_taken":0,"max_hp_gain":0,"max_hp_loss":0,"event_name":"OrinTheCat","floor":39,"gold_loss":0}],"is_beta":false,"boss_relics":[{"not_picked":["Ectoplasm","construct:WeddingRing"],"picked":"conspire:SpecialSausage"},{"not_picked":["thethorton:CrushedCigarette","Runesmith:UraniumAnvil"],"picked":"hubris:TerracottaHorce"}],"items_purged_floors":[],"is_endless":false,"potions_floor_spawned":[1,3,11,12,21,23,25,30,35],"killed_by":"Reptomancer","ascension_level":0}}