{"host":"qrt7o4dq2qslzw13","time":1608714232,"event":{"mods":["AchievementEnabler","BaseMod","Colored Map","Colored Powertips","Minty Spire (QoL Compilation)","Quick Restart","Rare Cards Sparkle","StSLib","SuperFastMode"],"gold_per_floor":[114,130,205,205,22,55,55,86,109,124,124,135,149,0,0,0,0],"floor_reached":16,"playtime":320,"items_purged":[],"score":270,"play_id":"5d396b5c-b9a6-438e-aa5e-90c48e4557f6","local_time":"20201223040352","is_ascension_mode":true,"campfire_choices":[{"data":"Chrysalis","floor":7.0,"key":"SMITH"},{"floor":11,"key":"REST"},{"floor":15,"key":"REST"}],"circlet_count":0,"master_deck":["AscendersBane","Strike_R","Strike_R","Strike_R","Strike_R","Defend_R","Defend_R","Defend_R","Defend_R","Bash","Cleave","Bloodletting","Chrysalis+1","Pommel Strike","Exhume","Feel No Pain","Burning Pact","Reckless Charge","Offering"],"relics":["Burning Blood","NeowsBlessing","Orichalcum","Self Forming Clay","Potion Belt"],"acts_visited":["Exordium"],"potions_floor_usage":[8,10,12,12,12,12,16],"damage_taken":[{"damage":0.0,"enemies":"2 Louse","floor":1.0,"turns":1.0},{"damage":0.0,"enemies":"Small Slimes","floor":2.0,"turns":1.0},{"damage":0.0,"enemies":"Gremlin Nob","floor":6.0,"turns":1.0},{"damage":35,"enemies":"Lagavulin","floor":8,"turns":5},{"damage":8,"enemies":"Jaw Worm","floor":10,"turns":3},{"damage":0,"enemies":"Large Slime","floor":12,"turns":7},{"damage":32,"enemies":"Exordium Thugs","floor":13,"turns":7},{"damage":54,"enemies":"Hexaghost","floor":16,"turns":9}],"seed_played":"5153820277579999222","potions_obtained":[{"floor":1.0,"key":"BlessingOfTheForge"},{"floor":2.0,"key":"Energy Potion"},{"floor":10,"key":"EntropicBrew"}],"is_trial":false,"path_per_floor":["M","M","?","?","$","E","R","E","T","M","R","M","M","$","R","B"],"character_chosen":"IRONCLAD","items_purchased":["Chrysalis","Offering"],"campfire_rested":2,"item_purchase_floors":[5,14],"current_hp_per_floor":[74,75,64,57,57,63,63,34,34,32,54,75,49,49,71,17,17],"gold":0,"neow_bonus":"THREE_ENEMY_KILL","is_daily":false,"chose_seed":false,"campfire_upgraded":1,"win_rate":0.0,"timestamp":1608714232,"path_taken":["M","M","?","?","$","E","R","E","T","M","R","?","M","$","R","BOSS"],"items_purchased_type":["Card","Card"],"build_version":"2020-12-22","purchased_purges":0,"victory":false,"max_hp_per_floor":[75,75,75,75,75,75,75,75,75,75,75,75,75,75,75,75,75],"card_choices":[{"not_picked":["Shrug It Off","Seeing Red"],"picked":"Cleave","floor":1.0},{"not_picked":["Flex","Perfected Strike"],"picked":"Bloodletting","floor":2.0},{"not_picked":["True Grit","Infernal Blade"],"picked":"Pommel Strike","floor":6.0},{"not_picked":["Havoc","Wild Strike"],"picked":"Exhume","floor":8},{"not_picked":["Blood for Blood","Warcry"],"picked":"Feel No Pain","floor":10},{"not_picked":["Power Through","Wild Strike"],"picked":"Burning Pact","floor":12},{"not_picked":["Anger","Twin Strike"],"picked":"Reckless Charge","floor":13}],"player_experience":470391,"relics_obtained":[{"floor":6.0,"key":"Orichalcum"},{"floor":8,"key":"Self Forming Clay"},{"floor":9,"key":"Potion Belt"}],"event_choices":[{"damage_healed":0.0,"max_hp_gain":0.0,"max_hp_loss":0.0,"gold_gain":75.0,"event_name":"World of Goop","player_choice":"Gather Gold","floor":3.0,"gold_loss":0.0,"damage_taken":11.0},{"cards_removed":["Strike_R"],"damage_healed":0.0,"max_hp_gain":0.0,"max_hp_loss":0.0,"gold_gain":0.0,"event_name":"Golden Wing","player_choice":"Card Removal","floor":4.0,"gold_loss":0.0,"damage_taken":7.0}],"is_beta":false,"boss_relics":[],"items_purged_floors":[],"is_endless":false,"potions_floor_spawned":[1,2,10],"killed_by":"Hexaghost","ascension_level":20}}