{"host":"jn0ak8pel44mihsi","time":1608702977,"event":{"mods":["BaseMod","Colored Map","Downfall","Minty Spire (QoL Compilation)","StSLib"],"gold_per_floor":[99,99,99,99,99,35,58,58,72,84,96,96,96,125,141,141,141,141],"floor_reached":16,"playtime":1033,"items_purged":[],"score":98,"play_id":"c8d27a0f-d916-4006-b37b-f90e942dffe4","local_time":"20201222235617","is_ascension_mode":false,"campfire_choices":[{"data":"Slimebound:CorrosiveSpit","floor":1,"key":"SMITH"},{"data":"Slimebound:Split","floor":8,"key":"SMITH"},{"floor":13,"key":"REST"}],"circlet_count":0,"master_deck":["Slimebound:Strike_Slimebound","Slimebound:Strike_Slimebound","Slimebound:Tackle","Slimebound:Defend_Slimebound","Slimebound:Defend_Slimebound","Slimebound:Defend_Slimebound+1","Slimebound:Defend_Slimebound","Slimebound:Split+1","Slimebound:CorrosiveSpit+1","Slimebound:AcidTongue","Slimebound:DisruptingSlam","Slimebound:Overexert","Slimebound:FirmFortitude","Slimebound:SplitAcid","Slimebound:SlimeSpikes+1","Slimebound:RollThrough","Slimebound:LevelUp","Creative AI+1","Slimebound:SamplingLick","Slimebound:FinishingTackle"],"relics":["Slimebound:AbsorbEndCombat","downfall:HeartsMalice","War Paint","Blood Vial"],"acts_visited":["Exordium"],"potions_floor_usage":[14,16,16],"damage_taken":[{"damage":0,"enemies":"Cultist","floor":2,"turns":1},{"damage":0,"enemies":"Jaw Worm","floor":3,"turns":1},{"damage":0,"enemies":"Small Slimes","floor":5,"turns":1},{"damage":7,"enemies":"downfall:FleeingMerchant","floor":6,"turns":4},{"damage":16,"enemies":"Red Slaver","floor":9,"turns":4},{"damage":17,"enemies":"3 Louse","floor":10,"turns":3},{"damage":25,"enemies":"Large Slime","floor":11,"turns":5},{"damage":33,"enemies":"Gremlin Nob","floor":14,"turns":4},{"damage":8,"enemies":"Exordium Wildlife","floor":15,"turns":5},{"damage":40,"enemies":"downfall:Ironclad","floor":16,"turns":5}],"seed_played":"-7573491118657208498","potions_obtained":[{"floor":9,"key":"DuplicationPotion"},{"floor":10,"key":"ColorlessPotion"},{"floor":15,"key":"LiquidMemories"}],"is_trial":false,"path_per_floor":["R","M","M","?","M","$","T","R","M","M","M","?","R","E","M","B"],"character_chosen":"SLIMEBOUND","items_purchased":["Slimebound:SlimeSpikes"],"campfire_rested":1,"item_purchase_floors":[6],"current_hp_per_floor":[60,60,60,60,60,59,59,59,52,43,32,32,50,31,35,0,0,0],"gold":141,"neow_bonus":"THREE_ENEMY_KILL","is_daily":false,"chose_seed":false,"campfire_upgraded":2,"win_rate":0.0,"timestamp":1608702977,"path_taken":["R","M","?","?","M","$","T","R","?","?","M","?","R","E","M","BOSS"],"items_purchased_type":["Card"],"build_version":"2020-12-22","purchased_purges":0,"victory":false,"max_hp_per_floor":[60,60,60,60,60,60,60,60,60,60,60,60,60,60,60,60,60,60],"card_choices":[{"not_picked":["Slimebound:TongueLash","Slimebound:SplitBruiser"],"picked":"Slimebound:AcidTongue","floor":2},{"not_picked":["Slimebound:ViciousTackle","Slimebound:Replication"],"picked":"Slimebound:DisruptingSlam","floor":3},{"not_picked":["Slimebound:DisruptingSlam","Slimebound:GrowthPunch"],"picked":"Slimebound:FirmFortitude","floor":5},{"not_picked":["Slimebound:GrowthPunch","Slimebound:Gluttony"],"picked":"Slimebound:SplitAcid","floor":6},{"not_picked":["Slimebound:BestDefense","Slimebound:Teamwork"],"picked":"Slimebound:RollThrough","floor":9},{"not_picked":["Slimebound:FlameTackle","Slimebound:ProtectTheBoss"],"picked":"Slimebound:FormOfPuddle","floor":10},{"not_picked":["Slimebound:LeechEnergy","Slimebound:FirmFortitude"],"picked":"Slimebound:LevelUp","floor":11},{"not_picked":["Slimebound:Repurpose","Slimebound:Dissolve"],"picked":"Slimebound:SamplingLick","floor":14},{"not_picked":["Slimebound:ComboTackle","Slimebound:Prepare"],"picked":"Slimebound:FinishingTackle","floor":15}],"player_experience":465807,"relics_obtained":[{"floor":7,"key":"War Paint"},{"floor":14,"key":"Blood Vial"}],"event_choices":[{"damage_healed":0,"gold_gain":0,"cards_transformed":["Slimebound:Strike_Slimebound"],"player_choice":"Transformed","damage_taken":0,"max_hp_gain":0,"max_hp_loss":0,"event_name":"Transmorgrifier","floor":4,"gold_loss":0,"cards_obtained":["Slimebound:Overexert"]},{"cards_removed":["Slimebound:FormOfPuddle"],"damage_healed":0,"gold_gain":0,"player_choice":"Took Card","damage_taken":0,"max_hp_gain":0,"max_hp_loss":0,"event_name":"NoteForYourself","floor":12,"gold_loss":0,"cards_obtained":["Creative AI"]}],"is_beta":false,"boss_relics":[],"items_purged_floors":[],"is_endless":false,"potions_floor_spawned":[9,10,15],"killed_by":"downfall:Ironclad","ascension_level":0}}