{"host":"8dhn6p16jorj0i1s","time":1608753915,"event":{"mods":["BaseMod","Colored Map","DeckTracker","Minty Spire (QoL Compilation)","Permanent Neow","Quick Restart"],"gold_per_floor":[12,24,40,40,60,85,99,99,99],"floor_reached":8,"playtime":1430,"items_purged":[],"score":72,"play_id":"8e89c7af-e3ce-48fa-8046-052aa69b988f","local_time":"20201223210515","is_ascension_mode":true,"campfire_choices":[],"circlet_count":0,"master_deck":["Strike_B","Strike_B","Strike_B","Strike_B","Defend_B","Defend_B","Defend_B","Defend_B","Zap","Dualcast","Hyperbeam","Skim","Gash","Streamline"],"relics":["Cracked Core","Mercury Hourglass"],"acts_visited":["Exordium"],"potions_floor_usage":[6,8,8],"damage_taken":[{"damage":0,"enemies":"Cultist","floor":1,"turns":2},{"damage":12,"enemies":"Jaw Worm","floor":2,"turns":3},{"damage":10,"enemies":"Small Slimes","floor":3,"turns":2},{"damage":12,"enemies":"2 Fungi Beasts","floor":5,"turns":2},{"damage":8,"enemies":"Gremlin Nob","floor":6,"turns":3},{"damage":11,"enemies":"Looter","floor":7,"turns":2},{"damage":25,"enemies":"Lagavulin","floor":8,"turns":3}],"seed_played":"7450101428885595768","potions_obtained":[{"floor":1,"key":"LiquidBronze"},{"floor":5,"key":"DistilledChaos"},{"floor":6,"key":"PowerPotion"}],"is_trial":false,"path_per_floor":["M","M","M","$","M","E","M","E"],"character_chosen":"DEFECT","items_purchased":[],"campfire_rested":0,"item_purchase_floors":[],"current_hp_per_floor":[75,63,53,53,41,33,22,0,0],"gold":99,"neow_bonus":"THREE_RARE_CARDS","is_daily":false,"chose_seed":false,"campfire_upgraded":0,"win_rate":0.0,"timestamp":1608753915,"path_taken":["M","?","M","$","M","E","M","E"],"items_purchased_type":[],"build_version":"2020-12-22","purchased_purges":0,"victory":false,"max_hp_per_floor":[75,75,75,75,75,75,75,75,75],"card_choices":[{"not_picked":["Machine Learning","Multi-Cast"],"picked":"Hyperbeam","floor":0},{"not_picked":["Redo","Stack"],"picked":"Skim","floor":1},{"not_picked":["Heatsinks","Melter","Consume"],"picked":"SKIP","floor":2},{"not_picked":["Melter","Self Repair","Redo"],"picked":"SKIP","floor":3},{"not_picked":["Self Repair","Glacier"],"picked":"Gash","floor":5},{"not_picked":["Compile Driver","Ball Lightning"],"picked":"Streamline","floor":6},{"not_picked":["Ball Lightning","Skim","Beam Cell"],"picked":"SKIP","floor":7}],"player_experience":376753,"relics_obtained":[{"floor":6,"key":"Mercury Hourglass"}],"event_choices":[],"is_beta":false,"boss_relics":[],"items_purged_floors":[],"is_endless":false,"potions_floor_spawned":[1,5,6],"killed_by":"Lagavulin","ascension_level":4}}