{"host":"lpze9ywvzk5bsxql","time":1608727775,"event":{"mods":["2.2 Compatiblity","BaseMod","Bestiary","Better Third Choice","Colored Map","Downfall","Hermit","Ironclad Rager","Minty Spire (QoL Compilation)","Replay The Spire","StSLib"],"gold_per_floor":[109,121,132,132,205,223,223,248,271,271,283,293,65,75,75,172,172,182,182,201,141,155,155,155,169,196,196,196,211,211,211,211,312,312,324,337,337,337],"floor_reached":37,"playtime":3191,"items_purged":[],"score":523,"play_id":"9adc66de-6cfb-409b-8a24-dda52e75c29c","local_time":"20201223134935","is_ascension_mode":false,"campfire_choices":[{"floor":7,"key":"RECALL"},{"data":"hermit:BodyArmor","floor":10,"key":"SMITH"},{"floor":15,"key":"REST"},{"floor":23,"key":"REST"},{"floor":27,"key":"REST"},{"floor":30,"key":"REST"},{"data":"hermit:Maintenance","floor":32,"key":"SMITH"}],"circlet_count":0,"master_deck":["hermit:Strike_Hermit","hermit:Strike_Hermit","hermit:Strike_Hermit","hermit:Strike_Hermit","hermit:Defend_Hermit","hermit:Defend_Hermit","hermit:Defend_Hermit","hermit:Defend_Hermit","hermit:Snapshot","hermit:Covet+1","hermit:HighCaliber","hermit:Brawl+1","hermit:BodyArmor+1","hermit:HighCaliber+1","hermit:Quickdraw","hermit:Virtue+1","hermit:Maintenance+1","hermit:Quickdraw","hermit:Reprieve","hermit:TakeCover","hermit:Glare","hermit:Snipe","Decay","hermit:Maintenance+1","hermit:LowProfile","hermit:OverwhelmingPower","hermit:Coalescence","hermit:BodyArmor+1"],"relics":["hermit:Momento","Happy Flower","Gremlin Food","Sozu","Bronze Scales","ReplayTheSpireMod:DimensionalGlitch"],"acts_visited":["Exordium","TheCity","TheBeyond"],"potions_floor_usage":[8,8,16,16],"damage_taken":[{"damage":0,"enemies":"Small Slimes","floor":1,"turns":3},{"damage":1,"enemies":"Jaw Worm","floor":2,"turns":2},{"damage":0,"enemies":"2 Louse","floor":3,"turns":2},{"damage":4,"enemies":"Blue Slaver","floor":6,"turns":4},{"damage":4,"enemies":"3 Sentries","floor":8,"turns":5},{"damage":0,"enemies":"Exordium Thugs","floor":11,"turns":4},{"damage":0,"enemies":"Gremlin Gang","floor":12,"turns":4},{"damage":10,"enemies":"Looter","floor":14,"turns":3},{"damage":16,"enemies":"Hexaghost","floor":16,"turns":11},{"damage":8,"enemies":"Spheric Guardian","floor":18,"turns":4},{"damage":3,"enemies":"Shell Parasite","floor":20,"turns":6},{"damage":24,"enemies":"Snake Plant","floor":22,"turns":6},{"damage":36,"enemies":"Cultist and Chosen","floor":25,"turns":7},{"damage":20,"enemies":"Centurion and Healer","floor":29,"turns":9},{"damage":64,"enemies":"Pondfish","floor":33,"turns":16},{"damage":57,"enemies":"3 Darklings","floor":35,"turns":7},{"damage":12,"enemies":"3 Shapes","floor":36,"turns":7},{"damage":17,"enemies":"Jaw Worm Horde","floor":37,"turns":2}],"seed_played":"-4666720166783205120","potions_obtained":[{"floor":3,"key":"AttackPotion"},{"floor":6,"key":"Explosive Potion"},{"floor":8,"key":"Languid Potion"},{"floor":11,"key":"Weak Potion"}],"is_trial":false,"path_per_floor":["M","M","M","?","?","M","R","E","T","R","M","M","$","M","R","B",null,"M","?","M","?","M","R","?","M","T","R","?","M","R","$","R","B",null,"M","M","M"],"character_chosen":"HERMIT","items_purchased":["hermit:Maintenance","Gremlin Food"],"campfire_rested":4,"item_purchase_floors":[13,13],"current_hp_per_floor":[82,81,81,81,81,77,77,73,73,73,73,73,73,63,82,66,82,74,74,71,71,47,71,71,43,43,67,82,62,82,82,82,22,82,29,17,0,0],"gold":337,"neow_bonus":"TEN_PERCENT_HP_BONUS","is_daily":false,"chose_seed":false,"campfire_upgraded":2,"win_rate":0.0,"timestamp":1608727775,"path_taken":["M","M","M","?","?","M","R","E","T","R","M","M","$","M","R","BOSS","M","?","M","?","?","R","?","M","T","R","?","?","R","$","R","BOSS","M","M","M"],"items_purchased_type":["Card","Relic"],"build_version":"2020-12-22","purchased_purges":0,"victory":false,"max_hp_per_floor":[82,82,82,82,82,82,82,82,82,82,82,82,82,82,82,82,82,82,82,82,82,82,82,82,82,82,82,82,82,82,82,82,82,82,82,82,82,82],"card_choices":[{"not_picked":["hermit:Grudge","hermit:CalledShot"],"picked":"hermit:HighCaliber","floor":1},{"not_picked":["hermit:Snipe","hermit:Cheat"],"picked":"hermit:Brawl","floor":2},{"not_picked":["hermit:Enervate","hermit:Feint"],"picked":"hermit:BodyArmor","floor":3},{"not_picked":["hermit:Grudge","hermit:Glare"],"picked":"hermit:HighCaliber","floor":6},{"not_picked":["hermit:WideOpen","hermit:Virtue"],"picked":"hermit:Quickdraw","floor":8},{"not_picked":["hermit:Malice","hermit:WideOpen"],"picked":"hermit:Virtue","floor":11},{"not_picked":["hermit:Misfire","hermit:LowProfile"],"picked":"hermit:NoHoldsBarred","floor":12},{"not_picked":["hermit:PistolWhip","hermit:Ricochet"],"picked":"hermit:Quickdraw","floor":14},{"not_picked":["hermit:FromBeyond","hermit:Purgatory"],"picked":"hermit:Reprieve","floor":16},{"not_picked":["hermit:DeadMansHand","hermit:Quickdraw+1","hermit:TrackingShot"],"picked":"SKIP","floor":18},{"not_picked":["hermit:TrackingShot","hermit:HoleUp"],"picked":"hermit:Glare","floor":20},{"not_picked":["hermit:Glare","hermit:Roughhouse"],"picked":"hermit:Snipe","floor":22},{"not_picked":["hermit:ItchyTrigger+1","hermit:TrackingShot"],"picked":"hermit:Maintenance","floor":25},{"not_picked":["hermit:Snipe+1","hermit:Quickdraw"],"picked":"hermit:LowProfile","floor":29},{"not_picked":["hermit:DeadOrAlive","hermit:HeroicBravado"],"picked":"hermit:OverwhelmingPower","floor":33},{"not_picked":["hermit:Quickdraw","hermit:Brawl"],"picked":"hermit:Coalescence","floor":35},{"not_picked":["hermit:Desperado","hermit:Horror"],"picked":"hermit:BodyArmor+1","floor":36}],"player_experience":291113,"relics_obtained":[{"floor":8,"key":"Happy Flower"},{"floor":26,"key":"Bronze Scales"}],"event_choices":[{"damage_healed":0,"gold_gain":0,"player_choice":"Grow","damage_taken":0,"max_hp_gain":0,"max_hp_loss":0,"event_name":"Living Wall","floor":4,"gold_loss":0,"cards_upgraded":["hermit:Brawl"]},{"damage_healed":0,"gold_gain":73,"player_choice":"Gained Gold","damage_taken":0,"max_hp_gain":0,"max_hp_loss":0,"event_name":"Golden Wing","floor":5,"gold_loss":0},{"damage_healed":0,"gold_gain":0,"player_choice":"Read","damage_taken":0,"max_hp_gain":0,"max_hp_loss":0,"event_name":"The Library","floor":19,"gold_loss":0,"cards_obtained":["hermit:TakeCover"]},{"damage_healed":0,"gold_gain":0,"player_choice":"Smashed Altar","damage_taken":0,"max_hp_gain":0,"max_hp_loss":0,"event_name":"Forgotten Altar","floor":24,"gold_loss":0,"cards_obtained":["Decay"]},{"cards_removed":["hermit:NoHoldsBarred"],"damage_healed":15,"gold_gain":0,"player_choice":"Offered Uncommon","damage_taken":0,"max_hp_gain":0,"max_hp_loss":0,"event_name":"Bonfire Elementals","floor":28,"gold_loss":0}],"is_beta":false,"boss_relics":[{"not_picked":["Replay:Bronze Core","Replay:Wanted Poster"],"picked":"Sozu"},{"not_picked":["Kintsugi","Snecko Eye"],"picked":"ReplayTheSpireMod:DimensionalGlitch"}],"items_purged_floors":[],"is_endless":false,"potions_floor_spawned":[3,6,8,11,22,36],"killed_by":"Jaw Worm Horde","ascension_level":0}}