{"host":"niv6bi8ufjzyofbf","time":1608741186,"event":{"mods":["ATMod(∞¢Ë™Mod)","Act Like it!","BaseMod","Colored Powertips","Conspire","Gensokyo","Hermit","Mad Scientist","Marisa£®ÏF”Í°°ƒß¿Ì…≥£©","Minty Spire (QoL Compilation)","Quick Restart","Rare Cards Sparkle","Reimu£®≤©¿ˆ¡È√Œ£©","Replay The Spire","Ryuuou¡˙Õı","Shop Mod","Spicy Shops","StSLib","SuperFastMode","The Cursed","The Servant 0.9.4","Youmu£®ªÍ∆«—˝√Œ£©","°æ“≈ŒÔø®≈∆°øREMEMod"],"gold_per_floor":[23333,21636,21654,21669,21669,21695,21709,20558,20558,20579,20607,20629,20629,20643,20643,20747,20747,20766,20766,20775,20690,19860,19860,19874,18053,18080,18096,18128,18128,18128,18146,17119,17044,17044,17148,17148,17164,17178,17192,17292,17341,17341,16257,16267,16316,16334,15516,15516,15525,15535,15535,15535],"floor_reached":53,"playtime":1624,"items_purged":["MadScienceMod:Tinker","DispleasureOfTheSevenHakus","Defend_YM","Defend_YM","Defend_YM","ReplayTheSpireMod:Brewmster","Strike_YM","Strike_YM"],"score":1006,"play_id":"3ceb797a-3667-4e69-8c39-488040c324ca","local_time":"20201224003306","is_ascension_mode":false,"campfire_choices":[{"floor":15,"key":"DIG"},{"data":"RitualDagger","floor":23,"key":"SMITH"},{"data":"Secret Technique","floor":34,"key":"SMITH"},{"floor":42,"key":"DIG"},{"floor":48,"key":"DIG"},{"floor":51,"key":"DIG"}],"circlet_count":0,"master_deck":["Strike_YM+1","Strike_YM+1","SlashOfPresentWorld","WheelOfPainOfLivingAndDead","DispleasureOfTheSevenHakus","Secret Technique+1","HellFireSword","FiveSignsOfTheDyingDeva","TwoHundredYojanaInOneSlash+1","SwordExtraction","HeavenSword","ThoughtCuttingSword","HiganSword","LifeCuttingSword","LifeCuttingSword","LifeCuttingSword","CherryBlossomSword","RitualDagger+1","CherryBlossomSword","REME_MagicPocketWatch","Violence","ASingleThoughtAndInfiniteKalpas","Secret Weapon","AT_TearsDenial","Writhe"],"relics":["HalfPhantom","REME_ComplimentaryCards","AT_ATBox","NeowsBlessing","MerchantsRug","Lee\u0027s Waffle","Replay:Wax Seal","Art of War","Gremlin Food","Strange Spoon","Hakurouken","Vajra","AT_ImmortalShieldbow","BargainBundle","Replay:Bottled Steam","Juzu Bracelet","HandDrill","Iron Hammer","Replay:Rubber Ducky","CeramicFish","Regal Pillow","conspire:RunicOctahedron","Bag of Preparation","Mango","TheAbacus","Pantograph","Orrery","conspire:TreasureMap","Frozen Eye","conspire:Dentures","Potion Belt","AT_ChloranthyRing","AT_SpeedBoots","Oddly Smooth Stone","Mastiff:ReiMu","Centennial Puzzle","Pondfish Scales","TentaclePot:ReiMu","Divine Protection","conspire:SpecialSausage","Shovel","Roukanken","REME_CardOfGreed","AT_SilvercatRing","Turnip","Pen Nib","AT_RedTearstoneRing","Letter Opener","Membership Card","ReplayFunnel","ChestCloth","AT_Manta","Dream Catcher"],"acts_visited":["Exordium","TheCity","TheBeyond"],"potions_floor_usage":[6],"damage_taken":[{"damage":0,"enemies":"2 Louse","floor":1,"turns":1},{"damage":0,"enemies":"Small Slimes","floor":3,"turns":2},{"damage":0,"enemies":"conspire:RoseBush","floor":4,"turns":1},{"damage":0,"enemies":"Lagavulin","floor":6,"turns":3},{"damage":0,"enemies":"3 Louse","floor":7,"turns":1},{"damage":0,"enemies":"2 Fungi Beasts","floor":10,"turns":3},{"damage":0,"enemies":"Exordium Wildlife","floor":11,"turns":1},{"damage":0,"enemies":"Blue Slaver","floor":12,"turns":2},{"damage":0,"enemies":"2 Fungi Beasts","floor":14,"turns":2},{"damage":0,"enemies":"The Guardian","floor":16,"turns":2},{"damage":0,"enemies":"3 Byrds","floor":18,"turns":1},{"damage":0,"enemies":"Spheric Guardian","floor":24,"turns":1},{"damage":0,"enemies":"Snecko","floor":27,"turns":1},{"damage":0,"enemies":"Book of Stabbing","floor":28,"turns":1},{"damage":0,"enemies":"Snake Plant","floor":31,"turns":1},{"damage":0,"enemies":"Collector","floor":35,"turns":1},{"damage":0,"enemies":"3 Darklings","floor":37,"turns":1},{"damage":0,"enemies":"Orb Walker","floor":38,"turns":1},{"damage":0,"enemies":"Jaw Worm Horde","floor":39,"turns":1},{"damage":0,"enemies":"2 Orb Walkers","floor":41,"turns":1},{"damage":0,"enemies":"Maw","floor":44,"turns":1},{"damage":0,"enemies":"3 Darklings","floor":46,"turns":1},{"damage":0,"enemies":"Transient","floor":50,"turns":1},{"damage":0,"enemies":"Donu and Deca","floor":52,"turns":1}],"seed_played":"-8127672545980556365","potions_obtained":[{"floor":1,"key":"Languid Potion"},{"floor":10,"key":"CausticAgent"},{"floor":27,"key":"PowerPotion"}],"is_trial":false,"path_per_floor":["M","$","M","M","?","E","M","$","T","M","M","M","?","M","R","B",null,"M","?","?","?","$","R","M","$","T","M","E","PTL","PTL","M","$","?","R","B",null,"M","M","M","?","?","R","$","M","T","M","$","R","?","M","R","B",null],"character_chosen":"YOUMU","items_purchased":["MerchantsRug","Lee\u0027s Waffle","Replay:Wax Seal","Art of War","Gremlin Food","Strange Spoon","Hakurouken","Secret Technique","Swift Potion","SkillPotion","HellFireSword","FiveSignsOfTheDyingDeva","TwoHundredYojanaInOneSlash+1","SwordExtraction","BargainBundle","Replay:Bottled Steam","AttackPotion","Juzu Bracelet","HandDrill","Iron Hammer","Replay:Rubber Ducky","ReplayTheSpireMod:Brewmster","HiganSword","Mango","TheAbacus","Pantograph","Orrery","REME_MagicPocketWatch","conspire:TreasureMap","Frozen Eye","conspire:Dentures","Potion Belt","AT_ChloranthyRing","AT_SpeedBoots","PowerPotion","Violence","Centennial Puzzle","Pondfish Scales","TentaclePot:ReiMu","Divine Protection","REME_CardOfGreed","AT_SilvercatRing","Turnip","Pen Nib","AT_RedTearstoneRing","Secret Weapon","Membership Card","ReplayFunnel","ChestCloth","AT_Manta","AT_TearsDenial"],"campfire_rested":0,"item_purchase_floors":[2,2,2,2,2,2,2,2,2,2,2,2,2,2,8,8,8,8,8,8,8,8,8,22,22,22,22,22,25,25,25,25,25,25,25,25,32,32,32,32,43,43,43,43,43,43,47,47,47,47,47],"current_hp_per_floor":[75,82,82,82,40,40,40,40,40,40,40,40,40,40,40,40,82,82,82,76,76,90,90,90,90,90,90,90,90,90,90,90,90,90,96,96,96,96,96,96,96,96,96,96,96,96,96,96,96,96,96,96],"gold":15535,"neow_bonus":"THREE_ENEMY_KILL","is_daily":false,"chose_seed":false,"campfire_upgraded":2,"win_rate":0.0,"timestamp":1608741186,"path_taken":["M","$","M","M","?","E","M","$","T","M","M","M","?","M","R","BOSS","M","?","?","?","$","R","M","$","T","M","E","PTL","PTL","M","$","?","R","BOSS","M","M","M","?","?","R","$","M","T","M","$","R","?","M","R","BOSS"],"items_purchased_type":["Relic","Relic","Relic","Relic","Relic","Relic","Relic","Card","Potion","Potion","Card","Card","Card","Card","Relic","Relic","Potion","Relic","Relic","Relic","Relic","Card","Card","Relic","Relic","Relic","Relic","Card","Relic","Relic","Relic","Relic","Relic","Relic","Potion","Card","Relic","Relic","Relic","Relic","Relic","Relic","Relic","Relic","Relic","Card","Relic","Relic","Relic","Relic","Card"],"build_version":"2020-12-22","purchased_purges":8,"victory":true,"max_hp_per_floor":[75,82,82,82,82,82,82,82,82,82,82,82,82,82,82,82,82,82,82,82,82,96,96,96,96,96,96,96,96,96,96,96,96,96,96,96,96,96,96,96,96,96,96,96,96,96,96,96,96,96,96,96],"card_choices":[{"not_picked":["FlashingScatteredFlowers","SlashOfAscensionToBuddhahood"],"picked":"DispleasureOfTheSevenHakus","floor":1},{"not_picked":["TurningAngelCut","SwordOfBindingDesires","LowerRealmReflectionSlash"],"picked":"SKIP","floor":3},{"not_picked":["SpiritCuttingSword","ObsessionSword","ObsessionWithThePresentWorld"],"picked":"SKIP","floor":4},{"not_picked":["SwordOfBindingDesires","LifeCuttingSword"],"picked":"HeavenSword","floor":6},{"not_picked":["SlashOfDepartureFromHesitation","TwoHundredYojanaInOneSlash"],"picked":"ThoughtCuttingSword","floor":7},{"not_picked":["ObsessionWithThePresentWorld","ThreeKonsSevenHakus"],"picked":"LifeCuttingSword","floor":10},{"not_picked":["SanzenSekai","ThreeKonsSevenHakus"],"picked":"LifeCuttingSword","floor":11},{"not_picked":["CherryBlossomFlashing","SlashOfTheEternalFuture"],"picked":"LifeCuttingSword","floor":12},{"not_picked":["GhostSword","SlashOfDelusionalInnerEye","DispleasureOfTheSevenHakus"],"picked":"SKIP","floor":14},{"not_picked":["VoidnessSword","ReincarnationSword"],"picked":"CherryBlossomSword","floor":16},{"not_picked":["ObsessionSword+1","SwordOfBindingDesires","PhosphoricSlash"],"picked":"SKIP","floor":18},{"not_picked":["HumanGodSword+1","GhostSword"],"picked":"CherryBlossomSword","floor":22},{"not_picked":["CrescentMoonSlash","LowerRealmReflectionSlash","DispleasureOfTheSevenHakus+1"],"picked":"SKIP","floor":24},{"not_picked":["CrescentMoonSlash","CherryBlossomFlashing","FlashingScatteredFlowers"],"picked":"SKIP","floor":27},{"not_picked":["CrescentMoonSlash","ThoughtCuttingSword+1","SlashOfSaigyouSpringWind"],"picked":"SKIP","floor":28},{"not_picked":["ThreeKonsSevenHakus+1","TransmigrationSlash","LowerRealmReflectionSlash+1"],"picked":"SKIP","floor":31},{"not_picked":["HeavenSword","FastingOfTheYoungPreta"],"picked":"ASingleThoughtAndInfiniteKalpas","floor":35},{"not_picked":["LifeCuttingSword","DispleasureOfTheSevenHakus","TwoHundredYojanaInOneSlash+1"],"picked":"SKIP","floor":37},{"not_picked":["SlashOfDelusionalInnerEye+1","ObsessionWithThePresentWorld","TenKingsRetributionOnThePreta"],"picked":"SKIP","floor":38},{"not_picked":["PhosphoricSlash+1","LowerRealmReflectionSlash+1","SanzenSekai+1"],"picked":"SKIP","floor":39},{"not_picked":["HumanGodSword","ConstancyOfTheConventionalTruth+1","GreatEnlightenmentAppearingAndDisappearing"],"picked":"SKIP","floor":44},{"not_picked":["ConstancyOfTheConventionalTruth","DispleasureOfTheSevenHakus+1","HumanGodSword+1"],"picked":"SKIP","floor":46},{"not_picked":["SwordOfBindingDesires","LowerRealmReflectionSlash+1","PhosphoricSlash"],"picked":"SKIP","floor":50}],"player_experience":558910,"relics_obtained":[{"floor":6,"key":"AT_ImmortalShieldbow"},{"floor":9,"key":"CeramicFish"},{"floor":15,"key":"Regal Pillow"},{"floor":26,"key":"Oddly Smooth Stone"},{"floor":28,"key":"Mastiff:ReiMu"},{"floor":41,"key":"Shovel"},{"floor":42,"key":"Roukanken"},{"floor":45,"key":"Letter Opener"},{"floor":48,"key":"Dream Catcher"}],"event_choices":[{"damage_healed":0,"gold_gain":0,"player_choice":"Success","damage_taken":42,"relics_obtained":["Vajra"],"max_hp_gain":0,"max_hp_loss":0,"event_name":"Scrap Ooze","floor":5,"gold_loss":0},{"damage_healed":0,"gold_gain":0,"player_choice":"Ignored","damage_taken":0,"max_hp_gain":0,"max_hp_loss":0,"event_name":"Vampires","floor":19,"gold_loss":0},{"damage_healed":0,"gold_gain":0,"player_choice":"Joined the Cult","damage_taken":6,"max_hp_gain":0,"max_hp_loss":0,"event_name":"Nest","floor":20,"gold_loss":0,"cards_obtained":["RitualDagger"]},{"damage_healed":0,"gold_gain":0,"player_choice":"Obtained Relic","damage_taken":0,"relics_obtained":["Bag of Preparation"],"max_hp_gain":0,"max_hp_loss":0,"event_name":"Addict","floor":21,"gold_loss":85},{"cards_removed":["Defend_YM"],"damage_healed":0,"gold_gain":0,"player_choice":"Gave Gold","damage_taken":0,"max_hp_gain":0,"max_hp_loss":0,"event_name":"Beggar","floor":33,"gold_loss":75},{"damage_healed":0,"gold_gain":0,"player_choice":"Ignored","damage_taken":0,"max_hp_gain":0,"max_hp_loss":0,"event_name":"Ryuuou:Expiration","floor":40,"gold_loss":0},{"damage_healed":0,"gold_gain":0,"player_choice":"Fight","damage_taken":0,"max_hp_gain":0,"max_hp_loss":0,"event_name":"Mysterious Sphere","floor":41,"gold_loss":0},{"damage_healed":24,"gold_gain":0,"player_choice":"Writhe","damage_taken":0,"max_hp_gain":0,"max_hp_loss":0,"event_name":"Winding Halls","floor":49,"gold_loss":0,"cards_obtained":["Writhe"]}],"is_beta":false,"boss_relics":[{"not_picked":["ReplayTheSpireMod:DimensionalGlitch","Velvet Choker"],"picked":"conspire:RunicOctahedron"},{"not_picked":["REME_ChargedStone","Runic Pyramid"],"picked":"conspire:SpecialSausage"}],"items_purged_floors":[2,8,22,25,32,43,47,47],"is_endless":false,"potions_floor_spawned":[1,10,11,12,16,27,28,31,37,38,44,46],"ascension_level":0}}