{"host":"6hzrz31j95f2y1pa","time":1608690351,"event":{"mods":["BaseMod","Colored Map","Downfall","Minty Spire (QoL Compilation)","StSLib"],"gold_per_floor":[0,10,110,127,37,57,107,107,107,134,150,180,105,123,139,241,241,241,257,269,286,286,286,356,356,384,396,413,76,1,0,16,117,117,117,102,102,121,342,359,407,407,407,407,439,453,378,410,430,430,430,461,22,22,22],"floor_reached":56,"playtime":3542,"items_purged":["champ:Defend","Regret","champ:Defend"],"score":1528,"play_id":"b04590b5-88df-440c-866d-39c933c614dc","local_time":"20201222212551","is_ascension_mode":true,"campfire_choices":[{"data":"champ:Taunt","floor":1.0,"key":"SMITH"},{"floor":13.0,"key":"REST"},{"data":"champ:ShieldWall","floor":18.0,"key":"SMITH"},{"floor":30.0,"key":"REST"},{"data":"champ:CalledShot","floor":35,"key":"SMITH"},{"floor":42,"key":"RECALL"},{"data":"champ:EnGarde","floor":47,"key":"SMITH"},{"data":"champ:CrookedStrike","floor":54,"key":"SMITH"}],"circlet_count":0,"master_deck":["champ:Strike","champ:Strike","champ:Strike","champ:Defend","champ:Execute+1","champ:Taunt+1","champ:StanceDance","champ:DeathBlow+1","champ:TornadoPunch","champ:CrookedStrike+1","champ:CalledShot+1","champ:BringItOn+1","champ:RageSigil","champ:Lariat","champ:Duel","champ:ShieldWall+1","champ:DancingMaster","champ:CalledShot+1","champ:ShieldSigil+1","champ:Aggression","champ:IgnorePain","champ:ShieldThrow+1","champ:ShieldWall+1","champ:EnGarde+1","champ:Control+1","champ:Circumvent+1","champ:PerfectForm+1","champ:SwordSigil","champ:RageSigil+1","champ:GladiatorStyle"],"relics":["champ:ChampionCrown","CloakClasp","Happy Flower","White Beast Statue","TungstenRod","Potion Belt","downfall:HeartBlessingGreen","Runic Pyramid","Molten Egg 2","Nilry\u0027s Codex","champ:DeflectingBracers","DollysMirror","downfall:HeartBlessingBlue","Coffee Dripper","MealTicket","Calipers","downfall:HeartBlessingRed","StrikeDummy","Anchor","Mummified Hand"],"acts_visited":["Exordium","TheCity","TheBeyond","TheEnding"],"potions_floor_usage":[46,52,55,55,55],"damage_taken":[{"damage":26.0,"enemies":"Cultist","floor":2.0,"turns":4.0},{"damage":54.0,"enemies":"Cultist","floor":3.0,"turns":7.0},{"damage":21.0,"enemies":"Jaw Worm","floor":4.0,"turns":4.0},{"damage":30.0,"enemies":"downfall:FleeingMerchant","floor":5.0,"turns":4.0},{"damage":0.0,"enemies":"Small Slimes","floor":6.0,"turns":1.0},{"damage":47.0,"enemies":"Gremlin Nob","floor":10.0,"turns":4.0},{"damage":0.0,"enemies":"Blue Slaver","floor":11.0,"turns":2.0},{"damage":37.0,"enemies":"3 Sentries","floor":12.0,"turns":10.0},{"damage":15.0,"enemies":"Red Slaver","floor":14.0,"turns":2.0},{"damage":0.0,"enemies":"3 Louse","floor":15.0,"turns":2.0},{"damage":61.0,"enemies":"downfall:Ironclad","floor":16.0,"turns":11.0},{"damage":18.0,"enemies":"Spheric Guardian","floor":19.0,"turns":4.0},{"damage":29.0,"enemies":"Chosen","floor":20.0,"turns":4.0},{"damage":23.0,"enemies":"Snecko","floor":21.0,"turns":6.0},{"damage":43.0,"enemies":"Gremlin Leader","floor":26.0,"turns":7.0},{"damage":21.0,"enemies":"3 Cultists","floor":27.0,"turns":5.0},{"damage":6.0,"enemies":"Shelled Parasite and Fungi","floor":28.0,"turns":5.0},{"damage":21.0,"enemies":"downfall:FleeingMerchant","floor":29.0,"turns":4.0},{"damage":18.0,"enemies":"downfall:FleeingMerchant","floor":31.0,"turns":4.0},{"damage":0.0,"enemies":"Snecko","floor":32.0,"turns":3.0},{"damage":31.0,"enemies":"downfall:Silent","floor":33.0,"turns":8.0},{"damage":7,"enemies":"downfall:FleeingMerchant","floor":36,"turns":4},{"damage":14,"enemies":"Orb Walker","floor":38,"turns":3},{"damage":2,"enemies":"downfall:FleeingMerchant","floor":39,"turns":3},{"damage":20,"enemies":"3 Darklings","floor":40,"turns":6},{"damage":21,"enemies":"Giant Head","floor":45,"turns":9},{"damage":14,"enemies":"Writhing Mass","floor":46,"turns":5},{"damage":18,"enemies":"Reptomancer","floor":48,"turns":7},{"damage":14,"enemies":"Spire Growth","floor":49,"turns":4},{"damage":30,"enemies":"downfall:Defect","floor":50,"turns":6},{"damage":76,"enemies":"downfall:CharBossMerchant","floor":52,"turns":6},{"damage":118,"enemies":"downfall:NeowBoss","floor":55,"turns":17}],"seed_played":"5987877025415555110","potions_obtained":[{"floor":2.0,"key":"AttackPotion"},{"floor":4.0,"key":"FairyPotion"},{"floor":10.0,"key":"EssenceOfSteel"},{"floor":12.0,"key":"Explosive Potion"},{"floor":14.0,"key":"champ:UltimateStancePotion"},{"floor":15.0,"key":"Ancient Potion"},{"floor":16.0,"key":"ColorlessPotion"},{"floor":19.0,"key":"Dexterity Potion"},{"floor":21.0,"key":"champ:OpenerPotion"},{"floor":26.0,"key":"PowerPotion"},{"floor":28.0,"key":"champ:UltimateStancePotion"},{"floor":32.0,"key":"Fruit Juice"},{"floor":33.0,"key":"SpeedPotion"},{"floor":36,"key":"EssenceOfSteel"},{"floor":38,"key":"PowerPotion"},{"floor":46,"key":"Weak Potion"},{"floor":48,"key":"Ancient Potion"},{"floor":52,"key":"DistilledChaos"}],"is_trial":false,"path_per_floor":["R","M","?","M","$","M","T","T","?","E","M","E","R","M","M","B",null,"R","M","M","M","?","?","T","?","E","M","M","$","R","$","M","B",null,"R","$","?","M","$","M","T","R","?","?","E","M","R","E","M","B",null,"E","$","R","B",null],"character_chosen":"THE_CHAMP","items_purchased":["DollysMirror","champ:EnGarde","Mummified Hand","CultistPotion","champ:GladiatorStyle"],"campfire_rested":2,"item_purchase_floors":[29,29,53,53,53],"current_hp_per_floor":[90,79,65,65,65,65,65,65,65,41,41,27,54,54,54,31,75,75,72,63,63,63,63,63,48,30,29,31,25,65,67,72,51,92,92,96,96,93,94,101,101,101,97,97,100,105,105,105,105,105,105,79,94,94,105],"gold":22,"neow_bonus":"TRANSFORM_TWO_CARDS","is_daily":false,"chose_seed":false,"campfire_upgraded":5,"win_rate":0.0,"timestamp":1608690351,"path_taken":["R","M","?","M","$","M","T","?","?","E","M","E","R","M","M","BOSS","R","M","M","M","?","?","T","?","E","M","M","$","R","$","M","BOSS","R","$","?","?","$","M","T","R","?","?","E","M","R","E","M","BOSS","E","$","R","BOSS"],"items_purchased_type":["Relic","Card","Relic","Potion","Card"],"build_version":"2020-12-13","purchased_purges":3,"victory":true,"max_hp_per_floor":[90,90,90,90,90,90,90,90,90,90,90,90,90,90,90,90,90,90,90,90,90,90,90,90,90,90,90,90,90,100,100,105,105,105,105,105,105,105,105,105,105,105,105,105,105,105,105,105,105,105,105,105,105,105,105],"card_choices":[{"not_picked":["champ:Riposte","champ:BladeFlurry"],"picked":"champ:TornadoPunch","floor":2.0},{"not_picked":["champ:DefensiveShout","champ:TornadoPunch"],"picked":"champ:CrookedStrike","floor":3.0},{"not_picked":["champ:BladeFlurry","champ:GladiatorsShout"],"picked":"champ:CalledShot","floor":4.0},{"not_picked":["champ:Haymaker","champ:GutPunch"],"picked":"champ:BringItOn","floor":5.0},{"not_picked":["champ:GladiatorsShout","champ:StanceDance"],"picked":"champ:RageSigil","floor":6.0},{"not_picked":["champ:ShieldSlam","champ:EnragedBash","champ:ShieldSigil"],"picked":"SKIP","floor":10.0},{"not_picked":["champ:FanOfKnives","champ:BerserkersShout"],"picked":"champ:Lariat","floor":11.0},{"not_picked":["champ:GladiatorsShout","champ:Shatter"],"picked":"champ:Duel","floor":12.0},{"not_picked":["champ:PerfectedStrike","champ:FlashCut","champ:FocusedBerserking"],"picked":"SKIP","floor":14.0},{"not_picked":["champ:EnGarde","champ:RapidStrikes"],"picked":"champ:ShieldWall","floor":15.0},{"not_picked":["champ:Improvising","champ:StrikeOfGenius"],"picked":"champ:DancingMaster","floor":16.0},{"not_picked":["champ:IronFortress","champ:Aggression"],"picked":"champ:CalledShot+1","floor":19.0},{"not_picked":["champ:GutPunch","champ:DefensiveStyle"],"picked":"champ:ShieldSigil+1","floor":20.0},{"not_picked":["champ:FocusedBerserking","champ:RecklessLeap+1"],"picked":"champ:Aggression","floor":21.0},{"not_picked":["champ:TornadoPunch+1","champ:Control+1"],"picked":"champ:IgnorePain","floor":26.0},{"not_picked":["champ:Haymaker+1","champ:ShieldSigil","champ:DefensiveShout+1"],"picked":"SKIP","floor":27.0},{"not_picked":["champ:ShieldSigil","champ:ShieldWall","champ:ArenaPreparation"],"picked":"SKIP","floor":28.0},{"not_picked":["champ:RageSigil","champ:ShieldSigil"],"picked":"champ:ShieldThrow+1","floor":29.0},{"not_picked":["champ:BringItOn+1","champ:CalledShot+1"],"picked":"champ:Control+1","floor":31.0},{"not_picked":["champ:BerserkerStyle","champ:Haymaker+1"],"picked":"champ:Circumvent+1","floor":32.0},{"not_picked":["champ:LastStand","champ:CrownThrow+1"],"picked":"champ:PerfectForm","floor":33.0},{"not_picked":["champ:GutPunch+1","champ:CalledShot+1","champ:HeavySlash+1"],"picked":"SKIP","floor":36},{"not_picked":["champ:EndlessRage+1","champ:FanOfKnives+1","champ:DefensiveShout"],"picked":"SKIP","floor":38},{"not_picked":["champ:PreciseThrust+1","champ:FlashCut+1"],"picked":"champ:SwordSigil","floor":39},{"not_picked":["champ:Duel+1","champ:PerfectedStrike+1","champ:FlashCut+1"],"picked":"SKIP","floor":40},{"not_picked":["champ:Haymaker+1","champ:EndlessRage+1","champ:BerserkersShout"],"picked":"SKIP","floor":45},{"not_picked":["champ:HeartStrike+1","champ:ShieldSigil"],"picked":"champ:RageSigil+1","floor":46},{"not_picked":["champ:TornadoPunch+1","champ:BringItOn+1","champ:Riposte"],"picked":"SKIP","floor":48},{"not_picked":["champ:Duel+1","champ:PerfectForm","champ:PerfectedStrike+1"],"picked":"SKIP","floor":49},{"not_picked":["champ:Circumvent+1","champ:ShieldWall","champ:ShieldSigil"],"picked":"SKIP","floor":52}],"player_experience":1231139,"relics_obtained":[{"floor":3.0,"key":"CloakClasp"},{"floor":7.0,"key":"Happy Flower"},{"floor":8.0,"key":"White Beast Statue"},{"floor":10.0,"key":"TungstenRod"},{"floor":12.0,"key":"Potion Belt"},{"floor":25.0,"key":"Nilry\u0027s Codex"},{"floor":26.0,"key":"champ:DeflectingBracers"},{"floor":41,"key":"MealTicket"},{"floor":45,"key":"Calipers"},{"floor":48,"key":"StrikeDummy"},{"floor":52,"key":"Anchor"}],"event_choices":[{"damage_healed":0.0,"max_hp_gain":0.0,"max_hp_loss":0.0,"gold_gain":0.0,"event_name":"Ghosts","player_choice":"Ignored","floor":23.0,"gold_loss":0.0,"damage_taken":0.0},{"damage_healed":0,"gold_gain":0,"player_choice":"Upgraded","damage_taken":0,"max_hp_gain":0,"max_hp_loss":0,"event_name":"Upgrade Shrine","floor":37,"gold_loss":0,"cards_upgraded":["champ:PerfectForm"]}],"is_beta":false,"boss_relics":[{"not_picked":["Tiny House","Empty Cage"],"picked":"Runic Pyramid"},{"not_picked":["Black Star","Sozu"],"picked":"Coffee Dripper"}],"items_purged_floors":[5,29,39],"is_endless":false,"potions_floor_spawned":[2,4,10,11,12,14,15,16,19,20,21,26,27,28,29,31,32,33,36,38,39,40,45,46,48,49,52],"ascension_level":5}}