{"host":"pecumnp00ic55u1k","time":1608701525,"event":{"mods":["Act Like it!","BaseMod","Colored Map","Colored Powertips","Downfall","Hallownest","Hermit","Hubris","Minty Spire (QoL Compilation)","Quick Restart","StSLib","The Blue Laboratory","The Bug Knight","The Cursed"],"gold_per_floor":[117,131,144,161,174,59,73,83,83,94,94,105,105,122,122,122,122],"floor_reached":16,"playtime":1373,"items_purged":[],"score":100,"play_id":"501ffe8f-3e24-4463-8ed4-bd4bc824e573","local_time":"20201223003205","daily_mods":["Heirloom","Flight"],"is_ascension_mode":false,"campfire_choices":[{"data":"HollowMod:NewGlowingWomb","floor":13,"key":"SMITH"},{"floor":15,"key":"REST"}],"circlet_count":0,"master_deck":["HollowMod:NailStrikeStart","HollowMod:NailStrikeStart","HollowMod:NailStrikeStart","HollowMod:NailStrikeStart","HollowMod:QuickDashStart","HollowMod:QuickDashStart","HollowMod:QuickDashStart","HollowMod:QuickDashStart","HollowMod:FocusHealStart","HollowMod:PogoStrike","HollowMod:BrokenVessel","HollowMod:NewGlowingWomb+1","HollowMod:CloakDash","HollowMod:CloakDash","HollowMod:InfectedCysts","HollowMod:BrokenVessel"],"relics":["HollowMod:VesselMask","Thread and Needle","Odd Mushroom","hubris:64BitClover"],"acts_visited":["Hallownest:Greenpath"],"potions_floor_usage":[16,16],"damage_taken":[{"damage":0,"enemies":"Hallownest:2_Baldur","floor":1,"turns":4},{"damage":0,"enemies":"2_ Uuma","floor":2,"turns":4},{"damage":3,"enemies":"Hallownest:2_MossCreeps","floor":3,"turns":6},{"damage":4,"enemies":"Hallownest:2_Tiktiks_1_Baldur_1_Crawlid","floor":4,"turns":6},{"damage":0,"enemies":"Hallownest:Wandering_and_Horned","floor":5,"turns":6},{"damage":14,"enemies":"Hallownest:Guard_and_Warrior","floor":7,"turns":9},{"damage":8,"enemies":"Hallownest:monsterFoolEater","floor":8,"turns":3},{"damage":4,"enemies":"Hallownest:MossCreep_and_Mosskin","floor":10,"turns":5},{"damage":14,"enemies":"Hallownest:Guard_and_Warrior","floor":12,"turns":7},{"damage":5,"enemies":"Hallownest:monsterMossCharger","floor":14,"turns":3},{"damage":85,"enemies":"Hallownest:BossHornet","floor":16,"turns":20}],"seed_played":"7826062928698135491","potions_obtained":[{"floor":1,"key":"blueLaboratory:BubblePotion"},{"floor":7,"key":"SkillPotion"},{"floor":10,"key":"FearPotion"},{"floor":12,"key":"blueLaboratory:FrostheartPotion"}],"is_trial":true,"path_per_floor":["M","M","M","M","M","?","M","M","T","M","?","M","R","M","R","B"],"character_chosen":"THE_BUGKNIGHT","items_purchased":[],"campfire_rested":1,"item_purchase_floors":[],"current_hp_per_floor":[75,75,72,68,74,74,70,62,62,68,59,51,51,46,68,0,0],"gold":122,"neow_bonus":"","is_daily":false,"chose_seed":false,"campfire_upgraded":1,"win_rate":0.0,"timestamp":1608701525,"path_taken":["M","M","M","M","M","?","M","M","T","M","?","M","R","M","R","BOSS"],"items_purchased_type":[],"build_version":"2020-12-22","purchased_purges":0,"victory":false,"max_hp_per_floor":[75,75,75,75,75,75,75,75,75,75,75,75,75,75,75,75,75],"card_choices":[{"not_picked":["HollowMod:GoodIntentions","HollowMod:SharpenedShadows"],"picked":"HollowMod:BrokenVessel","floor":1},{"not_picked":["HollowMod:LifebloodCocoon","HollowMod:QuirrelsAssistance"],"picked":"HollowMod:NewGlowingWomb","floor":2},{"not_picked":["HollowMod:NewLittleFool","HollowMod:ShadowDash"],"picked":"HollowMod:CloakDash","floor":3},{"not_picked":["HollowMod:BaldurShell","HollowMod:QuirrelsAssistance","HollowMod:HowlingWraiths"],"picked":"SKIP","floor":4},{"not_picked":["HollowMod:NewJinnsSoul","HollowMod:HeavyBlow"],"picked":"HollowMod:CloakDash","floor":5},{"not_picked":["HollowMod:PureNailStrike","HollowMod:AwokenDreamNail"],"picked":"HollowMod:InfectedCysts","floor":7},{"not_picked":["HollowMod:HowlingWraiths","HollowMod:GrimmsGift","HollowMod:BlackTendrils"],"picked":"SKIP","floor":8},{"not_picked":["HollowMod:SharpenedShadows","HollowMod:GoodIntentions"],"picked":"HollowMod:BrokenVessel","floor":10},{"not_picked":["HollowMod:DesolateDive","HollowMod:ChannelNail","HollowMod:HeavyBlow"],"picked":"SKIP","floor":12},{"not_picked":["HollowMod:SoulSplash","HollowMod:GrimmsGift","HollowMod:ChannelNail"],"picked":"SKIP","floor":14}],"player_experience":66533,"relics_obtained":[{"floor":9,"key":"hubris:64BitClover"}],"event_choices":[],"is_beta":false,"boss_relics":[],"items_purged_floors":[],"is_endless":false,"potions_floor_spawned":[1,7,10,12],"killed_by":"Hallownest:BossHornet","ascension_level":0}}