{"host":"8s7r99mpv862ws6o","time":1608729473,"event":{"mods":["AchievementEnabler","BaseMod","GifTheSpireLib","Minty Spire (QoL Compilation)","Quick Restart","StSLib"],"gold_per_floor":[117,42,42,42,42,42,76,89,89,108,126,126,142,170,170,299,299,239,239],"floor_reached":18,"playtime":819,"items_purged":["Defend_P"],"score":185,"play_id":"64846dc4-8d5a-4640-ab71-8919b48a68ae","local_time":"20201223211753","is_ascension_mode":false,"campfire_choices":[{"data":"Eruption","floor":6,"key":"SMITH"},{"data":"Prostrate","floor":12,"key":"SMITH"},{"data":"Prostrate","floor":15,"key":"SMITH"}],"circlet_count":0,"master_deck":["Strike_P","Strike_P","Strike_P","Strike_P","Defend_P","Defend_P","Defend_P","Eruption+1","Vigilance","Prostrate+1","FlurryOfBlows","Consecrate","InnerPeace+1","FollowUp","Indignation+1","Prostrate+1","LessonLearned","CurseOfTheBell"],"relics":["PureWater","NeowsBlessing","Golden Idol","Turnip","Incense Burner","Orichalcum","Odd Mushroom","Calling Bell","War Paint","Mummified Hand","Peace Pipe"],"acts_visited":["Exordium","TheCity"],"potions_floor_usage":[14,16,16,16],"damage_taken":[{"damage":0,"enemies":"2 Louse","floor":1,"turns":2},{"damage":0,"enemies":"3 Sentries","floor":7,"turns":1},{"damage":0,"enemies":"Jaw Worm","floor":8,"turns":1},{"damage":0,"enemies":"Cultist","floor":10,"turns":3},{"damage":0,"enemies":"2 Fungi Beasts","floor":11,"turns":3},{"damage":0,"enemies":"3 Louse","floor":13,"turns":3},{"damage":0,"enemies":"The Mushroom Lair","floor":14,"turns":3},{"damage":24,"enemies":"Hexaghost","floor":16,"turns":6},{"damage":18,"enemies":"2 Thieves","floor":18,"turns":3}],"seed_played":"-8098132440952528563","potions_obtained":[{"floor":7,"key":"Swift Potion"},{"floor":8,"key":"SteroidPotion"},{"floor":11,"key":"DuplicationPotion"},{"floor":14,"key":"StancePotion"}],"is_trial":false,"path_per_floor":["M","$","?","?","$","R","E","M","T","M","M","R","M","?","R","B",null,"M"],"character_chosen":"WATCHER","items_purchased":[],"campfire_rested":0,"item_purchase_floors":[],"current_hp_per_floor":[72,72,54,36,36,36,36,36,36,36,36,36,36,36,36,12,72,54,54],"gold":239,"neow_bonus":"THREE_ENEMY_KILL","is_daily":false,"chose_seed":false,"campfire_upgraded":3,"win_rate":0.0,"timestamp":1608729473,"path_taken":["M","$","?","?","?","R","E","M","T","M","M","R","?","?","R","BOSS","M"],"items_purchased_type":[],"build_version":"2020-12-22","purchased_purges":1,"victory":false,"max_hp_per_floor":[72,72,72,72,72,72,72,72,72,72,72,72,72,72,72,72,72,72,72],"card_choices":[{"not_picked":["WreathOfFlame","Protect"],"picked":"Prostrate","floor":1},{"not_picked":["FlyingSleeves","BowlingBash"],"picked":"FlurryOfBlows","floor":7},{"not_picked":["SashWhip","Fasting2"],"picked":"Consecrate","floor":8},{"not_picked":["Protect","Crescendo"],"picked":"InnerPeace","floor":10},{"not_picked":["CutThroughFate","TalkToTheHand"],"picked":"FollowUp","floor":11},{"not_picked":["LikeWater","Meditate"],"picked":"Indignation","floor":13},{"not_picked":["WaveOfTheHand","Conclude"],"picked":"Prostrate","floor":14},{"not_picked":["DevaForm","Vault"],"picked":"LessonLearned","floor":16}],"player_experience":575491,"relics_obtained":[{"floor":7,"key":"Incense Burner"},{"floor":9,"key":"Orichalcum"},{"floor":14,"key":"Odd Mushroom"},{"floor":17,"key":"War Paint"},{"floor":17,"key":"Mummified Hand"},{"floor":17,"key":"Peace Pipe"}],"event_choices":[{"damage_healed":0,"gold_gain":0,"player_choice":"Take Damage","damage_taken":18,"relics_obtained":["Golden Idol"],"max_hp_gain":0,"max_hp_loss":0,"event_name":"Golden Idol","floor":3,"gold_loss":0},{"damage_healed":0,"gold_gain":0,"player_choice":"Success","damage_taken":18,"relics_obtained":["Turnip"],"max_hp_gain":0,"max_hp_loss":0,"event_name":"Scrap Ooze","floor":4,"gold_loss":0},{"damage_healed":0,"gold_gain":0,"player_choice":"Fought Mushrooms","damage_taken":0,"max_hp_gain":0,"max_hp_loss":0,"event_name":"Mushrooms","floor":14,"gold_loss":0}],"is_beta":false,"boss_relics":[{"not_picked":["SlaversCollar","Ectoplasm"],"picked":"Calling Bell"}],"items_purged_floors":[2],"is_endless":false,"potions_floor_spawned":[7,8,11,14],"killed_by":"2 Thieves","ascension_level":0}}