{"host":"1c52r9kaxdyo25eq","time":1608742176,"event":{"mods":["AchievementEnabler","BaseMod","Minty Spire (QoL Compilation)","Rare Cards Sparkle","SuperFastMode","everything is the same but u backflip on backflip"],"gold_per_floor":[115,131,143,143,156,156,183,183,183,200,116,129,129,129,129,129,129],"floor_reached":16,"playtime":339,"items_purged":[],"score":204,"play_id":"df60e064-2428-47ff-acb2-2bbfde3a002d","local_time":"20201224014936","is_ascension_mode":true,"campfire_choices":[{"data":"Accuracy","floor":6.0,"key":"SMITH"},{"floor":8.0,"key":"REST"},{"data":"Cloak And Dagger","floor":13.0,"key":"SMITH"},{"floor":15.0,"key":"REST"}],"circlet_count":0,"master_deck":["AscendersBane","Strike_G","Strike_G","Strike_G","Strike_G","Defend_G","Defend_G","Defend_G","Defend_G","Survivor","Neutralize","Cloak And Dagger+1","Eviscerate","Accuracy+1","Footwork","Accuracy"],"relics":["Ring of the Snake","Blood Vial","Oddly Smooth Stone"],"acts_visited":["Exordium"],"potions_floor_usage":[16,16],"damage_taken":[{"damage":0.0,"enemies":"Cultist","floor":1.0,"turns":4.0},{"damage":1.0,"enemies":"Jaw Worm","floor":2.0,"turns":5.0},{"damage":3.0,"enemies":"2 Louse","floor":3.0,"turns":3.0},{"damage":8.0,"enemies":"2 Fungi Beasts","floor":5.0,"turns":4.0},{"damage":45.0,"enemies":"Gremlin Nob","floor":7.0,"turns":5.0},{"damage":5.0,"enemies":"Blue Slaver","floor":10.0,"turns":5.0},{"damage":3.0,"enemies":"Looter","floor":12.0,"turns":5.0},{"damage":31,"enemies":"Slime Boss","floor":16,"turns":5}],"seed_played":"2061937751568905353","potions_obtained":[{"floor":5.0,"key":"GamblersBrew"},{"floor":7.0,"key":"Fire Potion"},{"floor":12.0,"key":"PowerPotion"}],"is_trial":false,"path_per_floor":["M","M","M","?","M","R","E","R","T","M","$","M","R","?","R","B"],"character_chosen":"THE_SILENT","items_purchased":["Footwork"],"campfire_rested":2,"item_purchase_floors":[11],"current_hp_per_floor":[59,58,55,55,47,47,2,21,21,18,18,17,17,17,36,7,7],"gold":129,"neow_bonus":"REMOVE_CARD","is_daily":false,"chose_seed":false,"campfire_upgraded":2,"win_rate":0.0,"timestamp":1608742176,"path_taken":["M","M","M","?","M","R","E","R","T","?","$","M","R","?","R","BOSS"],"items_purchased_type":["Card"],"build_version":"2020-12-22","purchased_purges":0,"victory":false,"max_hp_per_floor":[66,66,66,66,66,66,66,66,66,66,66,66,66,66,66,66,66],"card_choices":[{"not_picked":["Flying Knee","Prepared"],"picked":"Cloak And Dagger","floor":1.0},{"not_picked":["Masterful Stab","Flying Knee"],"picked":"Eviscerate","floor":2.0},{"not_picked":["Bane","Deflect"],"picked":"Accuracy","floor":3.0},{"not_picked":["Envenom","Sucker Punch","Expertise"],"picked":"SKIP","floor":5.0},{"not_picked":["Envenom","Sucker Punch","Expertise"],"picked":"SKIP","floor":5.0},{"not_picked":["Flying Knee","Heel Hook","Underhanded Strike"],"picked":"SKIP","floor":7.0},{"not_picked":["Slice","Bane","PiercingWail"],"picked":"SKIP","floor":10.0},{"not_picked":["Flechettes","Endless Agony"],"picked":"Accuracy","floor":12.0}],"player_experience":511248,"relics_obtained":[{"floor":7.0,"key":"Blood Vial"},{"floor":9.0,"key":"Oddly Smooth Stone"}],"event_choices":[{"cards_removed":["Strike_G"],"damage_healed":0.0,"max_hp_gain":0.0,"max_hp_loss":0.0,"gold_gain":0.0,"event_name":"Purifier","player_choice":"Purged","floor":4.0,"gold_loss":0.0,"damage_taken":0.0},{"damage_healed":0.0,"max_hp_gain":0.0,"max_hp_loss":0.0,"gold_gain":0.0,"event_name":"Dead Adventurer","player_choice":"Searched \u00270\u0027 times","floor":14.0,"gold_loss":0.0,"damage_taken":0.0}],"is_beta":false,"boss_relics":[],"items_purged_floors":[],"is_endless":false,"potions_floor_spawned":[5,7,12],"killed_by":"Slime Boss","ascension_level":20}}