{"host":"eez7vtcxu2i37lck","time":1608765557,"event":{"mods":["AchievementEnabler","BaseMod","Colored Map","Colored Powertips","Downfall","Hermit","Highlight Path","Hubris","Infinite Spire","Jorbs\u0027s Wanderer Trilogy","Minty Spire (QoL Compilation)","Quick Restart","Rare Cards Sparkle","Replay The Spire","Shop Mod","StSLib","The IronCluck"],"gold_per_floor":[199,210,210,210,65,96,96,96,111,111,127,207,382,402,413,413,413,413],"floor_reached":16,"playtime":541,"items_purged":["Slimebound:Strike_Slimebound"],"score":100,"play_id":"cfc71b38-ae35-451d-b5fe-ac7b5f7ab3a3","local_time":"20201223181917","is_ascension_mode":false,"campfire_choices":[{"data":"Slimebound:Split","floor":1,"key":"SMITH"},{"data":"Slimebound:LivingWall","floor":10,"key":"SMITH"}],"circlet_count":0,"master_deck":["Slimebound:Strike_Slimebound","Slimebound:Strike_Slimebound","Slimebound:Tackle","Slimebound:Defend_Slimebound","Slimebound:Defend_Slimebound","Slimebound:Defend_Slimebound","Slimebound:Defend_Slimebound","Slimebound:Split+1","Slimebound:CorrosiveSpit","ReplayTheSpireMod:Chaos Vortex","Slimebound:SplitAcid","Slimebound:SlimeTap+1","Slimebound:LivingWall+1","Parasite","Slimebound:SplitBruiser","Slimebound:RainOfGoop","Doubt","Slimebound:RejuvenatingLick"],"relics":["Slimebound:AbsorbEndCombat","infinitespire:CheckeredPen","infinitespire:EmpoweringShard","Snack Pack"],"acts_visited":["Exordium"],"potions_floor_usage":[],"damage_taken":[{"damage":8,"enemies":"Cultist","floor":2,"turns":4},{"damage":8,"enemies":"downfall:FleeingMerchant","floor":5,"turns":4},{"damage":27,"enemies":"3 Sentries","floor":6,"turns":7},{"damage":0,"enemies":"Jaw Worm","floor":9,"turns":2},{"damage":12,"enemies":"2 Louse","floor":11,"turns":3},{"damage":16,"enemies":"Exordium Wildlife","floor":14,"turns":3},{"damage":16,"enemies":"2 Fungi Beasts","floor":15,"turns":3},{"damage":60,"enemies":"downfall:Silent","floor":16,"turns":8}],"seed_played":"4052313203309089444","potions_obtained":[{"floor":2,"key":"Slimebound:ThreeZeroPotion"},{"floor":6,"key":"PowerPotion"},{"floor":11,"key":"FairyPotion"}],"is_trial":false,"path_per_floor":["R","M","?","?","$","E","T","?","M","R","M","T","?","M","M","B"],"character_chosen":"SLIMEBOUND","items_purchased":["Slimebound:SlimeTap+1"],"campfire_rested":0,"item_purchase_floors":[5],"current_hp_per_floor":[60,60,44,44,52,45,45,60,60,60,60,60,60,60,60,18,18,18],"gold":413,"neow_bonus":"HUNDRED_GOLD","is_daily":false,"chose_seed":false,"campfire_upgraded":2,"win_rate":0.0,"timestamp":1608765557,"path_taken":["R","?","?","?","?","E","T","?","M","R","M","?","?","M","M","BOSS"],"items_purchased_type":["Card"],"build_version":"2020-12-22","purchased_purges":1,"victory":false,"max_hp_per_floor":[60,60,60,60,60,60,60,60,60,60,60,60,60,60,60,60,60,60],"card_choices":[{"not_picked":["Slimebound:RollThrough","Slimebound:GoopTackle","Slimebound:PressTheAttack"],"picked":"SKIP","floor":2},{"not_picked":["ReplayTheSpireMod:Black Plague","hubris:Rewind"],"picked":"ReplayTheSpireMod:Chaos Vortex","floor":3},{"not_picked":["Slimebound:DouseInSlime","Slimebound:Nibble"],"picked":"Slimebound:SplitAcid","floor":5},{"not_picked":["Slimebound:FlameTackle","Slimebound:SplitBruiser"],"picked":"Slimebound:LivingWall","floor":6},{"not_picked":["Slimebound:SlimeBarrage","Slimebound:ComboTackle"],"picked":"Slimebound:SplitBruiser","floor":9},{"not_picked":["Slimebound:GrowthPunch","Slimebound:Dissolve"],"picked":"Slimebound:RainOfGoop","floor":11},{"not_picked":["Slimebound:ViciousTackle","Slimebound:ForwardTackle","Slimebound:Grow"],"picked":"SKIP","floor":14},{"not_picked":["Slimebound:SplitMire","Slimebound:FlameTackle"],"picked":"Slimebound:RejuvenatingLick","floor":15}],"player_experience":238222,"relics_obtained":[{"floor":6,"key":"infinitespire:CheckeredPen"},{"floor":7,"key":"infinitespire:EmpoweringShard"},{"floor":12,"key":"Snack Pack"}],"event_choices":[{"damage_healed":15,"gold_gain":0,"player_choice":"Healed and dodged fight","damage_taken":0,"max_hp_gain":0,"max_hp_loss":0,"event_name":"Mushrooms","floor":8,"gold_loss":0,"cards_obtained":["Parasite"]}],"is_beta":false,"boss_relics":[],"items_purged_floors":[5],"is_endless":false,"potions_floor_spawned":[2,6,11,15],"killed_by":"downfall:Silent","ascension_level":0}}