{"host":"17xjy7b7ubl548g2","time":1608700681,"event":{"mods":["2.2 Compatiblity","Act Like it!","Aspiration","Astrologer","Bard","BaseMod","Bestiary","Challenge The Spire","ChefMod","Colored Map","Conspire","Elementarium","Energized Spire","GifTheSpireLib","Halation","Hallownest","Hermit","Hubris","Infinite Spire","Jedi Mod","Jorbs\u0027s Wanderer Trilogy","Marisa（霧雨　魔理沙）","Marked Mod","Minty Spire (QoL Compilation)","Pale of the Ancients","Permanent Neow","Puzzle Mod","Replay The Spire","Robot Space Explorer","Spicy Shops","StSLib","Stuff the Spire","The Blue Laboratory","The Bug Knight","The Construct","The Disciple","The Hayseed","The Hierophant","The Runesmith","The Sage"],"gold_per_floor":[113,113,125,125,125,139,150,184,184,184,211,239,239,266,266,278,278,350,300,316,31,31,41,41,41,52,67,67,67,97,97,97,52,52,126,126,139,59,104,114,114,139,139,139,139,139,139,39,56,84,94,94,94,94,94,94,25,51,51,51],"floor_reached":59,"playtime":6891,"items_purged":["Strike_B","Strike_B","Strike_B","Strike_B","Writhe"],"score":1503,"play_id":"4a761a85-d8fc-4678-8dcf-cee9bca8dba7","local_time":"20201223001801","is_ascension_mode":true,"campfire_choices":[{"data":"White Noise","floor":9.0,"key":"SMITH"},{"data":"BasicCrystalCard","floor":15.0,"key":"SMITH"},{"floor":17.0,"key":"REST"},{"floor":25.0,"key":"REST"},{"data":"Apotheosis","floor":32.0,"key":"SMITH"},{"data":"Fission","floor":34.0,"key":"SMITH"},{"data":"infinitespire:SevenWalls","floor":43,"key":"SMITH"},{"data":"jedi:gatheringstorm","floor":46,"key":"SMITH"},{"floor":53,"key":"RECALL"},{"data":"hubris:PowerSurge","floor":56,"key":"SMITH"}],"circlet_count":0,"master_deck":["AscendersBane","Strike_B","Defend_B","Defend_B","Defend_B","Defend_B","Zap+1","Dualcast","White Noise+1","Coolheaded","Conserve Battery","Pot Of Greed","Pot Of Greed","BasicCrystalCard+1","Fission+1","Steam","Cold Snap","Apotheosis+1","Hologram","Go for the Eyes","Pot Of Greed","StuffTheSpire:Coldhearted","Panic Button","infinitespire:Oblivion","infinitespire:Collect","Rip and Tear","jedi:gatheringstorm+1","Compile Driver+1","Hallownest:attackMasterDashSlash","StuffTheSpire:Coldhearted","Steam","infinitespire:Gouge","infinitespire:SevenWalls+1","Hyperbeam","Pot Of Greed","hubris:PowerSurge+1","Leap","jedi:BurstLightning+1","Defragment","FIFO Queue"],"relics":["FrozenCore","StuffTheSpire:Barrel","halation:EternalFortune","Grinning Jar","StuffTheSpire:Mouthbags","Hallownest:DreamNailRelic","Calipers","energizedSpire:HugeHouse","hubris:Towel","Eternal Feather","hubris:SoftwareUpdate","hubris:Icosahedron","PreservedInsect","jedi:windupbox","StuffTheSpire:GrapeVine","HollowMod:LifeEnderRelic","Bag of Preparation","halation:PinkSoulGem","ReplayTheSpireMod:CursedCoin","infinitespire:BottledMercury"],"acts_visited":["Exordium","Hallownest:Greenpath","Hallownest:CityofTears","TheEnding"],"potions_floor_usage":[39,49,54],"damage_taken":[{"damage":3.0,"enemies":"Hallownest:2_MossCreeps","floor":1.0,"turns":4.0},{"damage":8.0,"enemies":"Hallownest:monsterHuskGuard","floor":3.0,"turns":5.0},{"damage":0.0,"enemies":"Hallownest:2_Tiktiks_and_1_Crawlid","floor":6.0,"turns":1.0},{"damage":1.0,"enemies":"Hallownest:Wandering_and_Horned","floor":7.0,"turns":7.0},{"damage":1.0,"enemies":"Hallownest:eliteVengeflyKing","floor":8.0,"turns":8.0},{"damage":42.0,"enemies":"Hallownest:eliteMossKnight","floor":12.0,"turns":10.0},{"damage":3.0,"enemies":"Hallownest:eliteCrystalGuardian","floor":14.0,"turns":5.0},{"damage":0.0,"enemies":"Hallownest:monsterMossCharger","floor":16.0,"turns":4.0},{"damage":19.0,"enemies":"Hallownest:BossFalseKnight","floor":18.0,"turns":11.0},{"damage":33.0,"enemies":"Hallownest:2_Mistakes","floor":20.0,"turns":6.0},{"damage":22.0,"enemies":"Hallownest:3_Youths","floor":23.0,"turns":6.0},{"damage":9.0,"enemies":"Hallownest:Warrior_and_Youth","floor":26.0,"turns":7.0},{"damage":8.0,"enemies":"Hallownest:2_Flukemon","floor":27.0,"turns":7.0},{"damage":0.0,"enemies":"Hallownest:Nosk","floor":30.0,"turns":9.0},{"damage":52,"enemies":"Hallownest:BossMantisLord","floor":35,"turns":11},{"damage":8,"enemies":"Hallownest:3_Siblings","floor":37,"turns":13},{"damage":9,"enemies":"conspire:MimicChest","floor":39,"turns":7},{"damage":0,"enemies":"Hallownest:Shield_Heavy","floor":40,"turns":5},{"damage":0,"enemies":"Hallownest:eliteCollector","floor":42,"turns":5},{"damage":31,"enemies":"Hallownest:2_Soldiers_and_1_Guardian","floor":49,"turns":4},{"damage":0,"enemies":"Hallownest:eliteHiveKnight","floor":50,"turns":4},{"damage":0,"enemies":"Hallownest:Shield_Sturdy","floor":51,"turns":4},{"damage":0,"enemies":"Hallownest:Radiance","floor":54,"turns":11},{"damage":30,"enemies":"Shield and Spear","floor":58,"turns":4},{"damage":53,"enemies":"The Heart","floor":59,"turns":9}],"seed_played":"8010516610897836548","potions_obtained":[{"floor":3.0,"key":"Dexterity Potion"},{"floor":7.0,"key":"blueLaboratory:CoolantVial"},{"floor":8.0,"key":"blueLaboratory:HeartbeatPotion"},{"floor":23.0,"key":"Explosive Potion"},{"floor":27.0,"key":"GamblersBrew"},{"floor":37,"key":"Strength Potion"},{"floor":42,"key":"ColorlessPotion"},{"floor":49,"key":"Venom Potion"}],"is_trial":false,"path_per_floor":["M","?","M","PTL","PTL","M","M","E","R","?","T","E","?","E","R","M","R","B",null,"M","$","?","M","?","R","M","M","T","?","E","AVR","R","?","R","B",null,"M","?","?","M","AVR","E","R","PTL","PTL","R","T","$","M","E","M","?","R","B",null,"R","$","E","B"],"character_chosen":"DEFECT","items_purchased":["Apotheosis","ReplayTheSpireMod:CursedCoin","Defragment"],"campfire_rested":2,"item_purchase_floors":[21,57,57],"current_hp_per_floor":[61,61,53,53,53,53,67,66,66,69,69,27,27,24,24,24,46,27,59,26,26,26,12,12,44,43,35,35,35,35,35,50,56,71,19,61,53,53,44,44,44,44,65,65,65,75,75,75,52,52,52,52,73,73,75,75,75,53,0,0],"gold":51,"neow_bonus":"UPGRADE_CARD","is_daily":false,"chose_seed":false,"campfire_upgraded":7,"win_rate":0.0,"timestamp":1608700681,"path_taken":["M","?","M","PTL","PTL","M","M","E","R","?","T","E","?","E","R","?","R","BOSS","M","$","?","M","?","R","?","M","T","?","E","AVR","R","?","R","BOSS","M","?","?","M","AVR","E","R","PTL","PTL","R","T","$","M","E","M","?","R","BOSS","R","$","E","BOSS"],"items_purchased_type":["Card","Relic","Card"],"build_version":"2020-12-13","purchased_purges":5,"victory":false,"max_hp_per_floor":[71,71,71,71,71,71,71,71,71,74,74,74,74,74,74,74,74,74,69,69,69,69,69,69,69,69,69,69,69,69,69,69,75,75,75,75,75,75,75,75,75,75,75,75,75,75,75,75,75,75,75,75,75,75,75,75,75,75,75,75],"card_choices":[{"not_picked":["Fusion","FIFO Queue"],"picked":"White Noise","floor":1.0},{"not_picked":["Stack","Hologram"],"picked":"Coolheaded","floor":3.0},{"not_picked":["ReplayTheSpireMod:GoodbyeWorld","Panic Button","Force Field"],"picked":"SKIP","floor":6.0},{"not_picked":["Steam","Coolheaded"],"picked":"Conserve Battery","floor":7.0},{"not_picked":["jedi:BurstFrost","StuffTheSpire:LoadUp"],"picked":"Rip and Tear","floor":8.0},{"not_picked":["jedi:BurstLightning","ReplayTheSpireMod:Reroute Power"],"picked":"BasicCrystalCard","floor":12.0},{"not_picked":["Gash","Recycle","Barrage"],"picked":"SKIP","floor":14.0},{"not_picked":["Steam","Compile Driver"],"picked":"jedi:studyfrost","floor":16.0},{"not_picked":["Amplify","All For One"],"picked":"Fission","floor":18.0},{"not_picked":["Coolheaded","jedi:blockon"],"picked":"Cold Snap","floor":20.0},{"not_picked":["jedi:overflow","Compile Driver+1"],"picked":"Hologram","floor":23.0},{"not_picked":["Hologram","StuffTheSpire:Plugnplay"],"picked":"Go for the Eyes","floor":26.0},{"not_picked":["Genetic Algorithm","Heatsinks"],"picked":"StuffTheSpire:Coldhearted","floor":27.0},{"not_picked":["Streamline","FTL"],"picked":"Panic Button","floor":30.0},{"not_picked":["Multi-Cast","Reboot"],"picked":"jedi:gatheringstorm","floor":35},{"not_picked":["Sunder+1","Redo"],"picked":"Compile Driver+1","floor":37},{"not_picked":["Redo","Hello World"],"picked":"StuffTheSpire:Coldhearted","floor":39},{"not_picked":["Cold Snap","Panic Button+1"],"picked":"Steam","floor":40},{"not_picked":["Steam+1","Redo+1"],"picked":"Hyperbeam","floor":42},{"not_picked":["Sweeping Beam","ReplayTheSpireMod:System Scan"],"picked":"hubris:PowerSurge","floor":49},{"not_picked":["StuffTheSpire:NuclearReactor+1","Creative AI"],"picked":"Leap","floor":50},{"not_picked":["Coolheaded","Streamline"],"picked":"jedi:BurstLightning+1","floor":51},{"not_picked":["jedi:BurstFrost+1","Barrage"],"picked":"FIFO Queue","floor":58}],"player_experience":1603750,"relics_obtained":[{"floor":8.0,"key":"StuffTheSpire:Barrel"},{"floor":11.0,"key":"Grinning Jar"},{"floor":12.0,"key":"StuffTheSpire:Mouthbags"},{"floor":14.0,"key":"Calipers"},{"floor":28.0,"key":"hubris:SoftwareUpdate"},{"floor":30.0,"key":"PreservedInsect"},{"floor":39,"key":"StuffTheSpire:GrapeVine"},{"floor":42,"key":"HollowMod:LifeEnderRelic"},{"floor":50,"key":"Bag of Preparation"},{"floor":58,"key":"infinitespire:BottledMercury"}],"event_choices":[],"is_beta":false,"boss_relics":[{"not_picked":["hubris:CrackedHourglass","aspiration:WatcherSkillbook"],"picked":"energizedSpire:HugeHouse"},{"not_picked":["halation:PlatinumPhoenix","halation:Yufonium"],"picked":"FrozenCore"}],"items_purged_floors":[21,31,41,48,57],"is_endless":false,"potions_floor_spawned":[3,7,8,23,27,37,42,49],"killed_by":"The Heart","ascension_level":16}}