{"host":"vc42n08di9czm3e7","time":1608743434,"event":{"mods":["AchievementEnabler","Act Like it!","BaseMod","Colored Powertips","Downfall","Friendly Minions","GifTheSpireLib","Jorbs\u0027s Wanderer Trilogy","Minty Spire (QoL Compilation)","Rare Cards Sparkle","StSLib","The Bug Knight"],"gold_per_floor":[99,111,111,129,149,149,230,64,79,90,52,62,62,74,94,192,192,192,208,208,208,208,208,208],"floor_reached":22,"playtime":1232,"items_purged":[],"score":178,"play_id":"f7d009bc-0969-43f5-8ffb-86248258f5dc","local_time":"20201223121034","is_ascension_mode":false,"campfire_choices":[{"data":"hexamod:WildfireWeapon","floor":1,"key":"SMITH"},{"data":"hexamod:Sear","floor":6,"key":"SMITH"},{"data":"hexamod:GhostOfSpirePresent","floor":18,"key":"SMITH"}],"circlet_count":0,"master_deck":["hexamod:Strike","hexamod:Strike","hexamod:Strike","hexamod:Defend","hexamod:Defend","hexamod:Defend","hexamod:Defend","hexamod:Sear+1","hexamod:Float","hexamod:WildfireWeapon+1","hexamod:NightmareGuise","hexamod:HauntingEcho","hexamod:HeatMetal","hexamod:EmpoweredFlame","hexamod:PhantomFireball","expansioncontent:DonusPower","hexamod:ThirdSeal","hexamod:SpectersWail","hexamod:FifthSeal","hexamod:FirstSeal","hexamod:GhostOfSpirePresent+1","hexamod:NightmareGuise","hexamod:SecondSeal","hexamod:ThermalTransfer","hexamod:BurningTouch","hexamod:RadiantFlame","hexamod:FourthSeal","hexamod:WildfireWeapon","hexamod:InspiringFlames+1","Necronomicurse"],"relics":["hexamod:SpiritBrand","Meat on the Bone","Velvet Choker","Necronomicon"],"acts_visited":["Exordium","TheCity"],"potions_floor_usage":[19,19,22],"damage_taken":[{"damage":1,"enemies":"Jaw Worm","floor":2,"turns":4},{"damage":0,"enemies":"Cultist","floor":4,"turns":3},{"damage":0,"enemies":"2 Louse","floor":5,"turns":4},{"damage":0,"enemies":"downfall:FleeingMerchant","floor":8,"turns":4},{"damage":0,"enemies":"Large Slime","floor":9,"turns":3},{"damage":8,"enemies":"2 Fungi Beasts","floor":10,"turns":5},{"damage":3,"enemies":"downfall:FleeingMerchant","floor":11,"turns":4},{"damage":20,"enemies":"3 Louse","floor":12,"turns":6},{"damage":0,"enemies":"Large Slime","floor":14,"turns":3},{"damage":24,"enemies":"Lots of Slimes","floor":15,"turns":5},{"damage":36,"enemies":"downfall:Watcher","floor":16,"turns":9},{"damage":10,"enemies":"3 Byrds","floor":19,"turns":4},{"damage":66,"enemies":"Colosseum Nobs","floor":22,"turns":5}],"seed_played":"-7952678012174671206","potions_obtained":[{"floor":4,"key":"Weak Potion"},{"floor":12,"key":"hexamod:DoubleChargePotion"},{"floor":15,"key":"Slimebound:ThreeZeroPotion"},{"floor":19,"key":"Dexterity Potion"},{"floor":19,"key":"ColorlessPotion"}],"is_trial":false,"path_per_floor":["R","M","?","M","M","R","T","$","M","M","$","M","?","M","M","B",null,"R","M","?","?","?"],"character_chosen":"THE_SPIRIT","items_purchased":["hexamod:PhantomFireball","expansioncontent:DonusPower","hexamod:NightmareGuise"],"campfire_rested":0,"item_purchase_floors":[8,8,11],"current_hp_per_floor":[70,69,69,69,69,69,69,69,69,61,58,45,45,52,47,30,70,70,67,67,51,0,0,0],"gold":208,"neow_bonus":"ONE_RANDOM_RARE_CARD","is_daily":false,"chose_seed":false,"campfire_upgraded":3,"win_rate":0.0,"timestamp":1608743434,"path_taken":["R","M","?","M","M","R","T","$","?","M","$","M","?","M","M","BOSS","R","M","?","?","?"],"items_purchased_type":["Card","Card","Card"],"build_version":"2020-12-13","purchased_purges":0,"victory":false,"max_hp_per_floor":[70,70,70,70,70,70,70,70,70,70,70,70,70,70,70,70,70,70,70,70,70,70,70,70],"card_choices":[{"not_picked":["hexamod:InspiringFlames","hexamod:EmpoweredFlame"],"picked":"hexamod:NightmareGuise","floor":2},{"not_picked":["hexamod:BurningTouch","hexamod:NightmareStrike"],"picked":"hexamod:HauntingEcho","floor":4},{"not_picked":["hexamod:RainOfEmbers","hexamod:SpectralAdrenaline"],"picked":"hexamod:HeatMetal","floor":5},{"not_picked":["hexamod:NightmareStrike","hexamod:SwordOfDarkness"],"picked":"hexamod:EmpoweredFlame","floor":8},{"not_picked":["hexamod:SoulSteal","hexamod:FirstSeal"],"picked":"hexamod:ThirdSeal","floor":9},{"not_picked":["hexamod:SwordOfDarkness","hexamod:GhostLash"],"picked":"hexamod:SpectersWail","floor":10},{"not_picked":["hexamod:RadiantFlame","hexamod:Firestarter"],"picked":"hexamod:FifthSeal","floor":10},{"not_picked":["hexamod:FourthSeal","hexamod:ThirdSeal"],"picked":"hexamod:FirstSeal","floor":11},{"not_picked":["hexamod:RainOfEmbers","hexamod:AdvancingGuard"],"picked":"hexamod:GhostOfSpirePresent","floor":11},{"not_picked":["hexamod:FirstSeal","hexamod:ThirdSeal"],"picked":"hexamod:SecondSeal","floor":12},{"not_picked":["hexamod:TurnItUp","hexamod:InspiringFlames"],"picked":"hexamod:ThermalTransfer","floor":12},{"not_picked":["hexamod:ChargedBarrage","hexamod:Firestarter"],"picked":"hexamod:BurningTouch","floor":14},{"not_picked":["hexamod:GhostOfSpirePast","hexamod:StepThrough"],"picked":"hexamod:RadiantFlame","floor":15},{"not_picked":["hexamod:ThirdSeal","hexamod:SecondSeal"],"picked":"hexamod:FourthSeal","floor":16},{"not_picked":["hexamod:GhostflameInferno","hexamod:TurnItUp"],"picked":"hexamod:WildfireWeapon","floor":16},{"not_picked":["hexamod:ShieldOfDarkness+1","hexamod:BurningTouch"],"picked":"hexamod:InspiringFlames+1","floor":19}],"player_experience":164682,"relics_obtained":[{"floor":7,"key":"Meat on the Bone"},{"floor":21,"key":"Necronomicon"}],"event_choices":[{"cards_removed":["hexamod:Strike"],"damage_healed":0,"gold_gain":0,"player_choice":"Purged","damage_taken":0,"max_hp_gain":0,"max_hp_loss":0,"event_name":"Purifier","floor":3,"gold_loss":0}],"is_beta":false,"boss_relics":[{"not_picked":["Runic Pyramid","Busted Crown"],"picked":"Velvet Choker"}],"items_purged_floors":[],"is_endless":false,"potions_floor_spawned":[4,12,15,19],"killed_by":"Colosseum Nobs","ascension_level":0}}