{"host":"li2oyy8xcjugrjw6","time":1608698576,"event":{"mods":["AchievementEnabler","BaseMod","Colored Map","Minty Spire (QoL Compilation)","Permanent Neow","Replay The Spire","StSLib"],"gold_per_floor":[111,111,72,82,98,98,124,124,150,164,164,164],"floor_reached":11,"playtime":489,"items_purged":[],"score":110,"play_id":"f03a12ae-6b20-4bf5-a783-f8f137858d58","local_time":"20201222204256","is_ascension_mode":true,"campfire_choices":[{"data":"Zap","floor":6,"key":"SMITH"},{"data":"ReplayGash","floor":8,"key":"SMITH"}],"circlet_count":0,"master_deck":["AscendersBane","Strike_B","Strike_B","Strike_B","Strike_B","Defend_B","Defend_B","Zap+1","Dualcast+1","Scrape","ReplayGash+1","Go for the Eyes","ReplayTheSpireMod:GoodbyeWorld"],"relics":["Cracked Core","Replay:Wax Seal","Happy Flower"],"acts_visited":["Exordium"],"potions_floor_usage":[7,11],"damage_taken":[{"damage":19,"enemies":"Small Slimes","floor":1,"turns":3},{"damage":6,"enemies":"Cultist","floor":4,"turns":3},{"damage":4,"enemies":"Jaw Worm","floor":5,"turns":2},{"damage":30,"enemies":"3 Sentries","floor":7,"turns":5},{"damage":3,"enemies":"3 Louse","floor":10,"turns":2},{"damage":25,"enemies":"Gremlin Nob","floor":11,"turns":3}],"seed_played":"-2526101208863688285","potions_obtained":[{"floor":1,"key":"GamblersBrew"},{"floor":7,"key":"LiquidMemories"}],"is_trial":false,"path_per_floor":["M","?","$","M","M","R","E","R","T","M","E"],"character_chosen":"DEFECT","items_purchased":["ReplayGash"],"campfire_rested":0,"item_purchase_floors":[3],"current_hp_per_floor":[49,49,49,43,39,39,9,9,9,6,0,0],"gold":164,"neow_bonus":"REMOVE_TWO","is_daily":false,"chose_seed":false,"campfire_upgraded":2,"win_rate":0.0,"timestamp":1608698576,"path_taken":["M","?","$","M","?","R","E","R","T","M","E"],"items_purchased_type":["Card"],"build_version":"2020-12-13","purchased_purges":0,"victory":false,"max_hp_per_floor":[68,68,68,68,68,68,68,68,68,68,68,68],"card_choices":[{"not_picked":["Hologram","Sweeping Beam"],"picked":"Scrape","floor":1},{"not_picked":["Barrage","FIFO Queue"],"picked":"Go for the Eyes","floor":4},{"not_picked":["Chaos","Leap","Time Bomb"],"picked":"SKIP","floor":5},{"not_picked":["Defragment","Meteor Strike","Sweeping Beam"],"picked":"SKIP","floor":7},{"not_picked":["Gash","Rebound"],"picked":"ReplayTheSpireMod:GoodbyeWorld","floor":10}],"player_experience":958546,"relics_obtained":[{"floor":7,"key":"Replay:Wax Seal"},{"floor":9,"key":"Happy Flower"}],"event_choices":[{"damage_healed":0,"gold_gain":0,"player_choice":"Forge","damage_taken":0,"max_hp_gain":0,"max_hp_loss":0,"event_name":"Accursed Blacksmith","floor":2,"gold_loss":0,"cards_upgraded":["Dualcast"]}],"is_beta":false,"boss_relics":[],"items_purged_floors":[],"is_endless":false,"potions_floor_spawned":[1,7],"killed_by":"Gremlin Nob","ascension_level":10}}