{"host":"tb138zs7vhci6g1j","time":1608724832,"event":{"mods":["2.2 Compatiblity","Aspiration","BaseMod","Better Note","Friendly Minions","Minty Spire (QoL Compilation)","RNG Fix","Rare Cards Sparkle","StSLib","The Marked"],"gold_per_floor":[109,59,75,75,91,122,122,135,182,208,52,52,52,52,52,156,156,167,167,187,187,137,137,137,166,166,199,1,1,33,51,51,51,51],"floor_reached":33,"playtime":1667,"items_purged":[],"score":351,"play_id":"bc9ec8bf-8955-4a32-82f0-915e8adf79ff","local_time":"20201223140032","is_ascension_mode":true,"campfire_choices":[{"data":"theMarked:SoldierOfQuellstein","floor":7,"key":"SMITH"},{"floor":13,"key":"REST"},{"data":"theMarked:MagicAdept","floor":15,"key":"SMITH"},{"data":"theMarked:EnhancedHearing","floor":23,"key":"SMITH"},{"data":"theMarked:MysticalArsenal","floor":32,"key":"SMITH"}],"circlet_count":0,"master_deck":["theMarked:Strike","theMarked:Strike+1","theMarked:Strike","theMarked:Strike+1","theMarked:Defend","theMarked:Defend","theMarked:Defend","theMarked:Defend","theMarked:SoldierOfQuellstein+1","theMarked:PowerFlow","theMarked:EnhancedHearing+1","theMarked:MagicAdept+1","theMarked:ParalyzingBlade","theMarked:ContemptForTheProud","theMarked:Overcharge","theMarked:ReduceFriction+1","Injury","theMarked:BindingBlade","theMarked:Polarize","theMarked:BanishingStrike+1","theMarked:BanishingStrike+1","theMarked:DeterminationOfTheMarked","theMarked:Electrocute+1","theMarked:BanishingWave+1","theMarked:MysticalArsenal+1"],"relics":["theMarked:ArtifactOfAir","theMarked:VonisonLock","Pantograph","Boot","Calipers","Medical Kit","Molten Egg 2","Coffee Dripper","theMarked:DemonDagger","aspiration:ChemicalBlood","Sundial","theMarked:NailFile","Whetstone","aspiration:RitualStick","StoneCalendar"],"acts_visited":["Exordium","TheCity"],"potions_floor_usage":[18,30,30,30,33,33,33],"damage_taken":[{"damage":5,"enemies":"Small Slimes","floor":1,"turns":3},{"damage":1,"enemies":"2 Louse","floor":3,"turns":2},{"damage":0,"enemies":"Cultist","floor":5,"turns":3},{"damage":25,"enemies":"3 Sentries","floor":6,"turns":9},{"damage":0,"enemies":"Looter","floor":8,"turns":3},{"damage":12,"enemies":"Gremlin Nob","floor":10,"turns":3},{"damage":32,"enemies":"The Guardian","floor":16,"turns":8},{"damage":0,"enemies":"Spheric Guardian","floor":18,"turns":3},{"damage":5,"enemies":"2 Thieves","floor":20,"turns":2},{"damage":15,"enemies":"Book of Stabbing","floor":25,"turns":4},{"damage":0,"enemies":"Gremlin Leader","floor":27,"turns":3},{"damage":45,"enemies":"Slavers","floor":30,"turns":4},{"damage":0,"enemies":"Centurion and Healer","floor":31,"turns":4},{"damage":80,"enemies":"Automaton","floor":33,"turns":6}],"seed_played":"-2944935991486174192","potions_obtained":[{"floor":1,"key":"LiquidBronze"},{"floor":10,"key":"SteroidPotion"},{"floor":16,"key":"Dexterity Potion"},{"floor":20,"key":"Regen Potion"},{"floor":30,"key":"FearPotion"}],"is_trial":false,"path_per_floor":["M","?","M","T","M","E","R","M","T","E","$","?","R","?","R","B",null,"M","?","M","?","?","R","?","E","T","E","$","?","E","M","R","B"],"character_chosen":"THE_DEFAULT","items_purchased":["Medical Kit","Whetstone","theMarked:Electrocute+1"],"campfire_rested":1,"item_purchase_floors":[11,28,28],"current_hp_per_floor":[65,65,64,64,64,39,39,39,39,27,27,27,48,48,48,38,70,70,70,65,70,70,70,70,55,55,55,55,41,8,15,15,0,0],"gold":51,"neow_bonus":"THREE_CARDS","is_daily":false,"chose_seed":false,"campfire_upgraded":4,"win_rate":0.0,"timestamp":1608724832,"path_taken":["M","?","M","?","M","E","R","M","T","E","$","?","R","?","R","BOSS","M","?","?","?","?","R","?","E","T","E","$","?","E","M","R","BOSS"],"items_purchased_type":["Relic","Relic","Card"],"build_version":"2020-12-22","purchased_purges":0,"victory":false,"max_hp_per_floor":[70,70,70,70,70,70,70,70,70,70,70,70,70,70,70,70,70,70,70,70,70,70,70,70,70,70,70,70,70,70,70,70,70,70],"card_choices":[{"not_picked":["theMarked:Improvise","theMarked:ResourceFulStrike"],"picked":"theMarked:PowerFlow","floor":0},{"not_picked":["theMarked:ChainLightning","theMarked:WastefulAttack"],"picked":"theMarked:EnhancedHearing","floor":1},{"not_picked":["theMarked:TwofoldDefense","theMarked:WastefulAttack"],"picked":"theMarked:MagicAdept","floor":3},{"not_picked":["theMarked:EmpowerWeapon","theMarked:DeterminationOfTheMarked"],"picked":"theMarked:ParalyzingBlade","floor":5},{"not_picked":["theMarked:MysticalArsenal","theMarked:ContemptForTheProud","theMarked:Frustration"],"picked":"SKIP","floor":6},{"not_picked":["theMarked:MysticalArsenal","theMarked:Frustration"],"picked":"theMarked:ContemptForTheProud","floor":6},{"not_picked":["theMarked:TwofoldDefense","theMarked:Frustration"],"picked":"theMarked:Overcharge","floor":8},{"not_picked":["theMarked:DispelDoubt","theMarked:ChainLightning"],"picked":"theMarked:ReduceFriction","floor":10},{"not_picked":["theMarked:SoldierForm","theMarked:ChannelForce"],"picked":"theMarked:BindingBlade","floor":16},{"not_picked":["theMarked:TakeCover","theMarked:ElectricStrings+1"],"picked":"theMarked:Polarize","floor":18},{"not_picked":["theMarked:Aftermath+1","theMarked:ChainLightning+1"],"picked":"theMarked:BanishingStrike+1","floor":20},{"not_picked":["theMarked:DispelDoubt+1","theMarked:Frustration+1"],"picked":"theMarked:BanishingStrike+1","floor":25},{"not_picked":["theMarked:RepellingDischarge+1","theMarked:Convert"],"picked":"theMarked:DeterminationOfTheMarked","floor":27},{"not_picked":["theMarked:WastefulDefense","theMarked:ResourceFulStrike+1"],"picked":"theMarked:BanishingWave+1","floor":30},{"not_picked":["theMarked:BanishingStrike+1","theMarked:TunnelVision+1"],"picked":"theMarked:MysticalArsenal","floor":31}],"player_experience":1700120,"relics_obtained":[{"floor":4,"key":"theMarked:VonisonLock"},{"floor":6,"key":"Pantograph"},{"floor":9,"key":"Boot"},{"floor":10,"key":"Calipers"},{"floor":25,"key":"aspiration:ChemicalBlood"},{"floor":26,"key":"Sundial"},{"floor":27,"key":"theMarked:NailFile"},{"floor":30,"key":"StoneCalendar"}],"event_choices":[{"cards_removed":["theMarked:Strike"],"damage_healed":0,"gold_gain":0,"player_choice":"Card Removal","damage_taken":0,"max_hp_gain":0,"max_hp_loss":0,"event_name":"The Cleric","floor":2,"gold_loss":50},{"damage_healed":0,"gold_gain":0,"player_choice":"Grow","damage_taken":0,"max_hp_gain":0,"max_hp_loss":0,"event_name":"Living Wall","floor":12,"gold_loss":0,"cards_upgraded":["theMarked:ReduceFriction"]},{"damage_healed":0,"gold_gain":0,"player_choice":"Ignored","damage_taken":0,"max_hp_gain":0,"max_hp_loss":0,"event_name":"betterNote:BetterNote","floor":19,"gold_loss":0,"cards_obtained":["Bandage Up"]},{"damage_healed":0,"gold_gain":0,"player_choice":"Bet on Murderer","damage_taken":0,"max_hp_gain":0,"max_hp_loss":0,"event_name":"The Joust","floor":22,"gold_loss":50},{"damage_healed":0,"gold_gain":0,"player_choice":"Opened","damage_taken":0,"relics_obtained":["theMarked:DemonDagger"],"max_hp_gain":0,"max_hp_loss":0,"event_name":"The Mausoleum","floor":24,"gold_loss":0}],"is_beta":false,"boss_relics":[{"not_picked":["Snecko Eye","aspiration:SecretTechniqueScroll"],"picked":"Coffee Dripper"}],"items_purged_floors":[],"is_endless":false,"potions_floor_spawned":[1,10,16,20],"killed_by":"Automaton","ascension_level":1}}