{"host":"s9znsjs818tlhh47","time":1608702812,"event":{"mods":["2.2 Compatiblity","AchievementEnabler","Act Like it!","BaseMod","Bestiary","Better Note","Better Skull","Better Third Choice","Better Vampires","Card Forge","Colored Powertips","Force Act Four","Gensokyo","Marked Mod","Minty Spire (QoL Compilation)","Permanent Neow","Quick Restart","RumiaBox-露米娅的神秘盒子","StSLib","TheWitcher","【功能Mod】混沌之环修复补丁","残留之物"],"gold_per_floor":[119,69,83,158,1,1,16,16,16,32,32,5,18,43,43,147,147,164,182,182,182,193,218,218,246,246,246,246,259,3,23,23,122,122,135,150,150,163,177,211,231,248,272,298,312,77,96,127,127,127,127,127,4,34,34],"floor_reached":56,"playtime":3519,"items_purged":["PlaceholderMod:Polyp","PlaceholderMod:UnpureUse"],"score":1481,"play_id":"208cc706-fb1d-4d78-8c06-ec7f43f169d5","local_time":"20201223005332","is_ascension_mode":false,"campfire_choices":[{"data":"PlaceholderMod:RadicalHit","floor":6.0,"key":"SMITH"},{"data":"PlaceholderMod:DiffusionChemical","floor":8.0,"key":"SMITH"},{"data":"PlaceholderMod:DirectingGroup","floor":15.0,"key":"SMITH"},{"data":"PlaceholderMod:HighConcentration","floor":24,"key":"SMITH"},{"data":"PlaceholderMod:InnerStable","floor":27,"key":"SMITH"},{"floor":32,"key":"RECALL"},{"data":"PlaceholderMod:SelfCoupling","floor":49,"key":"SMITH"},{"data":"PlaceholderMod:ComplexForm","floor":52,"key":"SMITH"}],"circlet_count":0,"master_deck":["PlaceholderMod:Crystal","PlaceholderMod:RadicalHit+1","PlaceholderMod:MultipleOxi+1","PlaceholderMod:DiffusionChemical+1","PlaceholderMod:PoisonAbsorb","PlaceholderMod:HealingAttack+1","PlaceholderMod:DirectingGroup+1","PlaceholderMod:HornyCollision+1","PlaceholderMod:FinalSpray+1","PlaceholderMod:StrongAcid","PlaceholderMod:Stratification","PlaceholderMod:Package","PlaceholderMod:Break","PlaceholderMod:Activation+1","PlaceholderMod:HighConcentration+1","PlaceholderMod:InnerStable+1","PlaceholderMod:HardStrike+1","PlaceholderMod:Activation+1","PlaceholderMod:ComplexForm+1","PlaceholderMod:CycleAttack","PlaceholderMod:SelfCoupling+1","PlaceholderMod:SevereHeat+1","PlaceholderMod:SubstitutionNucleophilic1+1","PlaceholderMod:Turn","PlaceholderMod:FastReaction+1","PlaceholderMod:SprayAttack+1","PlaceholderMod:SeverePoisonStrike+1","Master of Strategy","PlaceholderMod:DiffusionPoison"],"relics":["Hammer of Thor","Seething Fire","Anvil of the Gods","Coffee Dripper","Membership Card","Singing Bowl","SnafuTest:CatRelic","Potion Belt","GodSword1","Pandora\u0027s Box","Lantern","Toy Ornithopter","The Courier","MagicDraw1","PlaceholderMod:DeVermisMysteriis","War Paint","SoulBox","Bag of Preparation","Centennial Puzzle","TheAbacus","Boot","Regal Pillow","Calipers","Bottled Tornado"],"acts_visited":["Exordium","TheCity","TheBeyond","TheEnding"],"potions_floor_usage":[],"damage_taken":[{"damage":0.0,"enemies":"2 Louse","floor":1.0,"turns":3.0},{"damage":1.0,"enemies":"Jaw Worm","floor":3.0,"turns":3.0},{"damage":0.0,"enemies":"Cultist","floor":7.0,"turns":2.0},{"damage":0.0,"enemies":"2 Fungi Beasts","floor":10.0,"turns":3.0},{"damage":0.0,"enemies":"3 Louse","floor":13.0,"turns":1.0},{"damage":0.0,"enemies":"Gremlin Nob","floor":14.0,"turns":3.0},{"damage":0.0,"enemies":"Hexaghost","floor":16.0,"turns":7.0},{"damage":10.0,"enemies":"Spheric Guardian","floor":18.0,"turns":5.0},{"damage":5.0,"enemies":"3 Byrds","floor":19.0,"turns":4.0},{"damage":13.0,"enemies":"Snake Plant","floor":22.0,"turns":3.0},{"damage":10,"enemies":"Gremlin Leader","floor":23,"turns":6},{"damage":9,"enemies":"Book of Stabbing","floor":25,"turns":3},{"damage":0,"enemies":"Snecko","floor":29,"turns":2},{"damage":0,"enemies":"Chosen and Byrds","floor":31,"turns":3},{"damage":0,"enemies":"Automaton","floor":33,"turns":5},{"damage":10,"enemies":"3 Darklings","floor":35,"turns":2},{"damage":0,"enemies":"Orb Walker","floor":36,"turns":2},{"damage":0,"enemies":"Transient","floor":38,"turns":4},{"damage":0,"enemies":"4 Shapes","floor":39,"turns":2},{"damage":11,"enemies":"Giant Head","floor":40,"turns":6},{"damage":0,"enemies":"Spire Growth","floor":41,"turns":2},{"damage":16,"enemies":"Maw","floor":42,"turns":4},{"damage":0,"enemies":"Reptomancer","floor":44,"turns":5},{"damage":0,"enemies":"Writhing Mass","floor":45,"turns":3},{"damage":5,"enemies":"Jaw Worm Horde","floor":47,"turns":2},{"damage":0,"enemies":"Nemesis","floor":48,"turns":3},{"damage":24,"enemies":"Donu and Deca","floor":50,"turns":4},{"damage":0,"enemies":"Shield and Spear","floor":54,"turns":2},{"damage":1,"enemies":"The Heart","floor":55,"turns":5}],"seed_played":"-1776587216127566613","potions_obtained":[{"floor":1.0,"key":"Dexterity Potion"},{"floor":3.0,"key":"SkillPotion"},{"floor":10.0,"key":"ColorlessPotion"},{"floor":18.0,"key":"Ancient Potion"},{"floor":39,"key":"DistilledChaos"},{"floor":41,"key":"SneckoOil"},{"floor":42,"key":"Energy Potion"}],"is_trial":false,"path_per_floor":["M","?","M","?","$","R","M","R","T","M","?","$","M","E","R","B",null,"M","M","?","?","M","E","R","E","T","R","?","M","$","M","R","B",null,"M","M","?","M","M","E","M","M","T","E","M","$","M","E","R","B",null,"R","$","E","B",null],"character_chosen":"THE_PLACEHOLDER","items_purchased":["Membership Card","PlaceholderMod:PoisonAbsorb","MagicDraw1","PlaceholderMod:DeVermisMysteriis","War Paint","TheAbacus","Boot","Master of Strategy","Calipers"],"campfire_rested":0,"item_purchase_floors":[5,12,30,30,30,46,46,46,53],"current_hp_per_floor":[78,78,77,66,66,66,66,66,66,68,51,51,51,51,51,61,80,75,82,82,82,74,74,74,76,76,76,76,78,78,86,86,86,86,78,83,83,83,88,88,90,79,79,90,92,92,91,94,94,75,94,94,94,96,95],"gold":34,"neow_bonus":"BOSS_RELIC","is_daily":false,"chose_seed":false,"campfire_upgraded":7,"win_rate":0.0,"timestamp":1608702812,"path_taken":["M","?","M","?","?","R","?","R","T","M","?","$","M","E","R","BOSS","M","M","?","?","?","E","R","E","T","R","?","M","$","M","R","BOSS","M","M","?","M","M","E","M","M","T","E","M","$","?","E","R","BOSS","R","$","E","BOSS"],"items_purchased_type":["Relic","Card","Relic","Relic","Relic","Relic","Relic","Card","Relic"],"build_version":"2020-12-22","purchased_purges":2,"victory":true,"max_hp_per_floor":[78,78,78,78,78,78,78,78,78,80,80,80,80,80,80,80,80,80,82,82,82,82,82,82,84,84,84,84,86,86,86,86,86,86,88,88,88,88,88,88,90,90,90,90,92,92,92,94,94,94,94,94,94,96,96],"card_choices":[{"not_picked":["PlaceholderMod:SevereHeat","PlaceholderMod:HornyBlast"],"picked":"PlaceholderMod:RadicalHit","floor":1.0},{"not_picked":["PlaceholderMod:SevereHeat","PlaceholderMod:SeverePoisonStrike"],"picked":"PlaceholderMod:MultipleOxi","floor":3.0},{"not_picked":["PlaceholderMod:SeverePoisonStrike","PlaceholderMod:HighConcentration"],"picked":"PlaceholderMod:DiffusionChemical","floor":7.0},{"not_picked":["PlaceholderMod:TriggerStrike","PlaceholderMod:ParasiteChange","PlaceholderMod:StrongAcid"],"picked":"Singing Bowl","floor":10.0},{"not_picked":["PlaceholderMod:TriggerStrike","PlaceholderMod:Sweep"],"picked":"PlaceholderMod:HealingAttack","floor":13.0},{"not_picked":["PlaceholderMod:AttackAsDefend","PlaceholderMod:AngryAttack"],"picked":"PlaceholderMod:DirectingGroup","floor":14.0},{"not_picked":["PlaceholderMod:Assimilation","PlaceholderMod:ReactionCatalyze"],"picked":"PlaceholderMod:HornyCollision","floor":16.0},{"not_picked":["PlaceholderMod:SeverePoisonStrike","PlaceholderMod:SprayAttack"],"picked":"PlaceholderMod:InnerStable","floor":18.0},{"not_picked":["PlaceholderMod:CrystallizationStrike","PlaceholderMod:ProliferateStrike+1","PlaceholderMod:Package"],"picked":"Singing Bowl","floor":19.0},{"not_picked":["PlaceholderMod:Sweep","PlaceholderMod:Stratification+1"],"picked":"PlaceholderMod:HardStrike+1","floor":22.0},{"not_picked":["PlaceholderMod:ProliferateStrike","PlaceholderMod:Internalization"],"picked":"PlaceholderMod:Activation","floor":23},{"not_picked":["PlaceholderMod:RadicalHit","PlaceholderMod:AngryAttack","PlaceholderMod:PoisonAbsorb"],"picked":"Singing Bowl","floor":25},{"not_picked":["PlaceholderMod:StrongAcid","PlaceholderMod:InnerStable","PlaceholderMod:Colorful+1"],"picked":"Singing Bowl","floor":29},{"not_picked":["PlaceholderMod:PoisonBlast","PlaceholderMod:HardStrike"],"picked":"PlaceholderMod:CycleAttack","floor":31},{"not_picked":["PlaceholderMod:InnerSoften","PlaceholderMod:BlastSpray"],"picked":"PlaceholderMod:SelfCoupling","floor":33},{"not_picked":["PlaceholderMod:ChainPoly+1","PlaceholderMod:DissolvingSpikes","PlaceholderMod:AngryAttack"],"picked":"Singing Bowl","floor":35},{"not_picked":["PlaceholderMod:FastReaction+1","PlaceholderMod:PoisonAbsorb"],"picked":"PlaceholderMod:SevereHeat+1","floor":36},{"not_picked":["PlaceholderMod:Colorful","PlaceholderMod:NutritionAbsorb"],"picked":"PlaceholderMod:SubstitutionNucleophilic1+1","floor":38},{"not_picked":["PlaceholderMod:ChainPoly+1","PlaceholderMod:ConsolidateHit"],"picked":"PlaceholderMod:Turn","floor":39},{"not_picked":["PlaceholderMod:HornyBlast","PlaceholderMod:UnpureUse+1"],"picked":"PlaceholderMod:FastReaction+1","floor":40},{"not_picked":["PlaceholderMod:HornyCollision","PlaceholderMod:AttackAsDefend+1","PlaceholderMod:HornyBlast"],"picked":"Singing Bowl","floor":41},{"not_picked":["PlaceholderMod:AngryAttack","PlaceholderMod:ProliferateStrike+1"],"picked":"PlaceholderMod:SprayAttack+1","floor":42},{"not_picked":["PlaceholderMod:ConsolidateHit+1","PlaceholderMod:OHStrongAttack+1"],"picked":"PlaceholderMod:SeverePoisonStrike+1","floor":44},{"not_picked":["PlaceholderMod:ProliferateStrike","PlaceholderMod:ChainPoly","PlaceholderMod:HardStrike+1"],"picked":"Singing Bowl","floor":45},{"not_picked":["PlaceholderMod:Colorful","PlaceholderMod:DissolvingSpikes+1"],"picked":"PlaceholderMod:DiffusionPoison","floor":47},{"not_picked":["PlaceholderMod:ConsolidateHit+1","PlaceholderMod:ProliferateStrike","PlaceholderMod:Sweep+1"],"picked":"Singing Bowl","floor":48},{"not_picked":["PlaceholderMod:Turn+1","PlaceholderMod:InnerStable","PlaceholderMod:Break+1"],"picked":"Singing Bowl","floor":54}],"player_experience":279447,"relics_obtained":[{"floor":9.0,"key":"Singing Bowl"},{"floor":14.0,"key":"GodSword1"},{"floor":23,"key":"Lantern"},{"floor":25,"key":"Toy Ornithopter"},{"floor":26,"key":"The Courier"},{"floor":40,"key":"Bag of Preparation"},{"floor":44,"key":"Centennial Puzzle"},{"floor":48,"key":"Regal Pillow"},{"floor":54,"key":"Bottled Tornado"}],"event_choices":[{"cards_removed":["PlaceholderMod:BaseStrike"],"damage_healed":0.0,"max_hp_gain":0.0,"max_hp_loss":0.0,"gold_gain":0.0,"event_name":"The Cleric","player_choice":"Card Removal","floor":2.0,"gold_loss":50.0,"damage_taken":0.0},{"damage_healed":0.0,"max_hp_gain":0.0,"max_hp_loss":0.0,"gold_gain":75.0,"event_name":"betterThird:BetterGoop","player_choice":"Gold","floor":4.0,"gold_loss":0.0,"damage_taken":11.0},{"damage_healed":0.0,"max_hp_gain":0.0,"max_hp_loss":0.0,"gold_gain":1.0,"event_name":"betterThird:BetterScrap","player_choice":"Relic Relic ","floor":11.0,"gold_loss":0.0,"damage_taken":17.0,"cards_obtained":["Double Tap"]},{"damage_healed":0.0,"max_hp_gain":0.0,"max_hp_loss":0.0,"gold_gain":0.0,"event_name":"betterNote:BetterNote","player_choice":"Ignored","floor":20.0,"gold_loss":0.0,"damage_taken":0.0,"cards_obtained":["Vigilance"]},{"cards_removed":["PlaceholderMod:PoisonWhip"],"damage_healed":0.0,"max_hp_gain":0.0,"max_hp_loss":0.0,"gold_gain":0.0,"event_name":"Purifier","player_choice":"Purged","floor":21.0,"gold_loss":0.0,"damage_taken":0.0},{"damage_healed":0,"gold_gain":0,"player_choice":"Read","damage_taken":0,"max_hp_gain":0,"max_hp_loss":0,"event_name":"The Library","floor":28,"gold_loss":0,"cards_obtained":["PlaceholderMod:ComplexForm"]},{"damage_healed":0,"gold_gain":0,"player_choice":"1 cards matched","damage_taken":0,"max_hp_gain":0,"max_hp_loss":0,"event_name":"Match and Keep!","floor":37,"gold_loss":0,"cards_obtained":["PlaceholderMod:DefaultCommonAttack"]},{"damage_healed":0,"gold_gain":0,"player_choice":"1 cards matched","damage_taken":0,"max_hp_gain":0,"max_hp_loss":0,"event_name":"Match and Keep!","floor":37,"gold_loss":0,"cards_obtained":["PlaceholderMod:DefaultCommonAttack"]}],"is_beta":false,"boss_relics":[{"not_picked":["Fusion Hammer","Runic Dome"],"picked":"Pandora\u0027s Box"},{"not_picked":["SacredBark","Empty Cage"],"picked":"SoulBox"}],"items_purged_floors":[30,46],"is_endless":false,"potions_floor_spawned":[1,3,10,18,39,41,42,45,47,48],"ascension_level":0}}