{"host":"pbf6u3tyx46snqc7","time":1608763076,"event":{"mods":["AchievementEnabler","BaseMod","Colored Map","Minty Spire (QoL Compilation)","Rare Cards Sparkle","Shop Mod","SuperFastMode"],"gold_per_floor":[18,37,37,61,81,119,135,169,192,192,192,208,241,4,4,97,97,113,563,578,145,169,169,200,216,243,279,300,338,359,359,359,452,452,473,251,251,251,276,276,41,41,41,41,57,57,88,112,112,112],"floor_reached":51,"playtime":3235,"items_purged":["Strike_B","Strike_B","Strike_B"],"score":1608,"play_id":"a6257c48-fdf4-4417-bc09-0189548716ad","local_time":"20201224073756","is_ascension_mode":true,"campfire_choices":[{"data":"Apotheosis","floor":11.0,"key":"SMITH"},{"floor":15.0,"key":"REST"},{"floor":23.0,"key":"REST"},{"floor":32.0,"key":"REST"},{"data":"Seek","floor":40.0,"key":"SMITH"},{"data":"Seek","floor":42.0,"key":"SMITH"},{"floor":44.0,"key":"REST"},{"data":"Skim","floor":49,"key":"SMITH"}],"circlet_count":0,"master_deck":["AscendersBane","Defend_B","Defend_B","Defend_B","Zap","Dualcast","Apotheosis+1","Chill","Self Repair","Sweeping Beam","FTL","Ball Lightning","Rebound","Aggregate","Stack","Ball Lightning","Electrodynamics","Skim+1","Beam Cell","Seek+1","Core Surge","Defragment","Conserve Battery","Compile Driver","Hyperbeam","Aggregate+1","FTL","Defragment","Redo","Chaos","Fission","BootSequence","Go for the Eyes","Seek+1","Hello World","Hologram","Machine Learning","Stack","Defragment","Hologram+1"],"relics":["Cracked Core","Golden Idol","PreservedInsect","FossilizedHelix","Dream Catcher","Blood Vial","Nuclear Battery","Membership Card","Torii","Orichalcum","Oddly Smooth Stone","Anchor","DataDisk","Inserter","DollysMirror","Matryoshka","Pear","Question Card","Ornamental Fan","Ice Cream"],"acts_visited":["Exordium","TheCity","TheBeyond"],"potions_floor_usage":[],"damage_taken":[{"damage":12.0,"enemies":"Jaw Worm","floor":1.0,"turns":2.0},{"damage":0.0,"enemies":"Small Slimes","floor":2.0,"turns":3.0},{"damage":0.0,"enemies":"Cultist","floor":4.0,"turns":4.0},{"damage":0.0,"enemies":"2 Fungi Beasts","floor":5.0,"turns":3.0},{"damage":18.0,"enemies":"3 Sentries","floor":6.0,"turns":7.0},{"damage":0.0,"enemies":"Exordium Thugs","floor":7.0,"turns":5.0},{"damage":2.0,"enemies":"Lagavulin","floor":8.0,"turns":5.0},{"damage":0.0,"enemies":"Exordium Wildlife","floor":12.0,"turns":3.0},{"damage":9.0,"enemies":"Gremlin Nob","floor":13.0,"turns":4.0},{"damage":0.0,"enemies":"The Guardian","floor":16.0,"turns":8.0},{"damage":1.0,"enemies":"3 Byrds","floor":18.0,"turns":3.0},{"damage":0.0,"enemies":"Spheric Guardian","floor":20.0,"turns":3.0},{"damage":17.0,"enemies":"Snake Plant","floor":22.0,"turns":4.0},{"damage":7.0,"enemies":"Slavers","floor":24.0,"turns":3.0},{"damage":0.0,"enemies":"3 Cultists","floor":25.0,"turns":2.0},{"damage":15.0,"enemies":"Book of Stabbing","floor":27.0,"turns":3.0},{"damage":0.0,"enemies":"Centurion and Healer","floor":28.0,"turns":3.0},{"damage":0.0,"enemies":"Gremlin Leader","floor":29.0,"turns":3.0},{"damage":0.0,"enemies":"Snake Plant","floor":30.0,"turns":2.0},{"damage":46.0,"enemies":"Champ","floor":33.0,"turns":10.0},{"damage":0.0,"enemies":"3 Shapes","floor":35.0,"turns":3.0},{"damage":0.0,"enemies":"Orb Walker","floor":39.0,"turns":4.0},{"damage":0.0,"enemies":"Maw","floor":45.0,"turns":6.0},{"damage":16,"enemies":"Reptomancer","floor":47,"turns":4},{"damage":0,"enemies":"Sphere and 2 Shapes","floor":48,"turns":2},{"damage":85,"enemies":"Awakened One","floor":50,"turns":7}],"seed_played":"5572930565586453962","potions_obtained":[{"floor":2.0,"key":"Explosive Potion"},{"floor":4.0,"key":"Weak Potion"},{"floor":6.0,"key":"Block Potion"},{"floor":7.0,"key":"Block Potion"},{"floor":12.0,"key":"BlessingOfTheForge"},{"floor":18.0,"key":"SpeedPotion"},{"floor":22.0,"key":"Explosive Potion"},{"floor":25.0,"key":"GamblersBrew"},{"floor":29.0,"key":"Energy Potion"},{"floor":31.0,"key":"Fire Potion"},{"floor":35.0,"key":"SpeedPotion"}],"is_trial":false,"path_per_floor":["M","M","?","M","M","E","M","E","T","?","R","M","E","$","R","B",null,"M","?","M","$","M","R","E","M","T","E","M","E","M","?","R","B",null,"M","$","?","T","M","R","$","R","T","R","M","?","E","M","R","B",null],"character_chosen":"DEFECT","items_purchased":["Electrodynamics","Skim","Beam Cell","Membership Card","Torii","FairyPotion","FairyPotion","Go for the Eyes","DollysMirror","Pear","Hologram"],"campfire_rested":4,"item_purchase_floors":[14,14,14,21,21,21,36,36,36,41,41],"current_hp_per_floor":[52,52,52,59,59,48,58,64,64,69,69,69,67,67,69,69,69,68,22,34,34,26,46,51,53,53,40,52,64,66,66,69,33,60,62,62,62,62,64,64,74,74,74,79,79,79,73,75,75,33],"gold":112,"neow_bonus":"RANDOM_COLORLESS_2","is_daily":false,"chose_seed":false,"campfire_upgraded":4,"win_rate":0.0,"timestamp":1608763076,"path_taken":["M","M","?","M","M","E","M","E","T","?","R","M","E","$","R","BOSS","M","?","M","$","?","R","E","M","T","E","M","E","M","?","R","BOSS","M","$","?","?","M","R","$","R","T","R","M","?","E","?","R","BOSS"],"items_purchased_type":["Card","Card","Card","Relic","Relic","Potion","Potion","Card","Relic","Relic","Card"],"build_version":"2020-12-22","purchased_purges":3,"victory":true,"max_hp_per_floor":[71,71,64,64,64,64,64,64,64,69,69,69,69,69,69,69,69,69,69,69,69,69,69,69,69,69,69,69,69,69,69,69,69,69,69,69,69,69,69,69,79,79,79,79,79,79,79,79,79,79],"card_choices":[{"not_picked":["Panache","Violence"],"picked":"Apotheosis","floor":0.0},{"not_picked":["Streamline","Hologram"],"picked":"Chill","floor":1.0},{"not_picked":["Auto Shields","Tempest"],"picked":"Self Repair","floor":2.0},{"not_picked":["Leap","Stack"],"picked":"Sweeping Beam","floor":4.0},{"not_picked":["Rip and Tear","Go for the Eyes"],"picked":"FTL","floor":5.0},{"not_picked":["Compile Driver","Conserve Battery"],"picked":"Ball Lightning","floor":6.0},{"not_picked":["Stack","Double Energy"],"picked":"Rebound","floor":7.0},{"not_picked":["White Noise","Recycle"],"picked":"Aggregate","floor":8.0},{"not_picked":["Force Field","Gash"],"picked":"Stack","floor":12.0},{"not_picked":["White Noise","Rebound"],"picked":"Ball Lightning","floor":13.0},{"not_picked":["Streamline","Chill"],"picked":"Seek","floor":15.0},{"not_picked":["Rainbow","Thunder Strike"],"picked":"Core Surge","floor":16.0},{"not_picked":["Gash","Ball Lightning"],"picked":"Defragment","floor":18.0},{"not_picked":["Double Energy","Storm"],"picked":"Conserve Battery","floor":20.0},{"not_picked":["Barrage","Steam"],"picked":"Compile Driver","floor":22.0},{"not_picked":["Force Field+1","Conserve Battery","Sweeping Beam"],"picked":"SKIP","floor":24.0},{"not_picked":["Heatsinks","Beam Cell"],"picked":"Hyperbeam","floor":25.0},{"not_picked":["Reinforced Body","Barrage"],"picked":"Aggregate+1","floor":27.0},{"not_picked":["Beam Cell","Loop"],"picked":"FTL","floor":28.0},{"not_picked":["Darkness","Barrage"],"picked":"Defragment","floor":29.0},{"not_picked":["Fusion","Sunder"],"picked":"Redo","floor":30.0},{"not_picked":["Stack","Turbo+1"],"picked":"Chaos","floor":32.0},{"not_picked":["Meteor Strike","Multi-Cast"],"picked":"Fission","floor":33.0},{"not_picked":["Leap","Capacitor"],"picked":"BootSequence","floor":35.0},{"not_picked":["Barrage","Auto Shields+1"],"picked":"Hello World","floor":39.0},{"not_picked":["Leap","Reinforced Body","Go for the Eyes"],"picked":"Machine Learning","floor":44.0},{"not_picked":["Heatsinks+1","Static Discharge+1","Turbo"],"picked":"Stack","floor":45.0},{"not_picked":["Steam","Rebound+1","Multi-Cast"],"picked":"Defragment","floor":47},{"not_picked":["Compile Driver+1","Rebound","Redo"],"picked":"Hologram+1","floor":48}],"player_experience":321555,"relics_obtained":[{"floor":6.0,"key":"PreservedInsect"},{"floor":8.0,"key":"FossilizedHelix"},{"floor":9.0,"key":"Dream Catcher"},{"floor":13.0,"key":"Blood Vial"},{"floor":24.0,"key":"Orichalcum"},{"floor":26.0,"key":"Oddly Smooth Stone"},{"floor":27.0,"key":"Anchor"},{"floor":29.0,"key":"DataDisk"},{"floor":38.0,"key":"Matryoshka"},{"floor":43.0,"key":"Question Card"},{"floor":43.0,"key":"Ornamental Fan"},{"floor":47,"key":"Ice Cream"}],"event_choices":[{"damage_healed":0.0,"max_hp_gain":0.0,"max_hp_loss":7.0,"gold_gain":0.0,"event_name":"Golden Idol","player_choice":"Lose Max HP","floor":3.0,"gold_loss":0.0,"damage_taken":0.0,"relics_obtained":["Golden Idol"]},{"damage_healed":0.0,"max_hp_gain":5.0,"max_hp_loss":0.0,"gold_gain":0.0,"event_name":"Big Fish","player_choice":"Donut","floor":10.0,"gold_loss":0.0,"damage_taken":0.0},{"damage_healed":0.0,"max_hp_gain":0.0,"max_hp_loss":0.0,"gold_gain":450.0,"event_name":"Knowing Skull","player_choice":"GOLD GOLD GOLD GOLD GOLD ","floor":19.0,"potions_obtained":[],"gold_loss":0.0,"damage_taken":46.0,"cards_obtained":[]},{"damage_healed":0.0,"max_hp_gain":0.0,"max_hp_loss":0.0,"gold_gain":0.0,"event_name":"Lab","player_choice":"Got Potions","floor":31.0,"gold_loss":0.0,"damage_taken":0.0},{"cards_removed":["Defend_B"],"damage_healed":0.0,"max_hp_gain":0.0,"max_hp_loss":0.0,"gold_gain":0.0,"event_name":"Falling","player_choice":"Removed Skill","floor":37.0,"gold_loss":0.0,"damage_taken":0.0},{"cards_removed":["Strike_B"],"damage_healed":0.0,"max_hp_gain":0.0,"max_hp_loss":0.0,"gold_gain":0.0,"event_name":"Wheel of Change","player_choice":"Card Removal","floor":46.0,"gold_loss":0.0,"damage_taken":0.0}],"is_beta":false,"boss_relics":[{"not_picked":["FrozenCore","Tiny House"],"picked":"Nuclear Battery"},{"not_picked":["Calling Bell","Sozu"],"picked":"Inserter"}],"items_purged_floors":[21,36,41],"is_endless":false,"potions_floor_spawned":[2,4,6,7,12,18,22,25,29,35,45,47],"ascension_level":18}}