{"host":"uflv0e3ja7hvnij7","time":1608738466,"event":{"mods":["BaseMod","Conspire","Hubris","Minty Spire (QoL Compilation)","Replay The Spire","StSLib","The Bug Knight"],"gold_per_floor":[110,110,129,146,1,15,15,15,42,62,62,62,78,111,111,209,209,221,221,221],"floor_reached":19,"playtime":871,"items_purged":["HollowMod:NailStrikeStart"],"score":177,"play_id":"47cfbf18-b90b-49df-a552-8b69225d9fce","local_time":"20201223104746","is_ascension_mode":true,"campfire_choices":[{"data":"HollowMod:FocusHealStart","floor":7,"key":"SMITH"},{"data":"HollowMod:WraithStrike","floor":11,"key":"SMITH"},{"data":"HollowMod:SoulMaster","floor":15,"key":"SMITH"}],"circlet_count":0,"master_deck":["conspire:GhostlyStrike","conspire:GhostlyStrike","conspire:GhostlyStrike","conspire:GhostlyDefend","conspire:GhostlyDefend","conspire:GhostlyDefend","HollowMod:FocusHealStart+1","HollowMod:PogoStrike","HollowMod:CycloneSlash","HollowMod:WraithStrike+1","HollowMod:SiblingsShadow","HollowMod:LifebloodCocoon+1","HollowMod:WraithStrike","HollowMod:SoulMaster+1","HollowMod:HuntersJournal"],"relics":["Runic Dome","Bag of Marbles","Juzu Bracelet","conspire:SeveredTorchhead"],"acts_visited":["Exordium","TheCity"],"potions_floor_usage":[14,14,16],"damage_taken":[{"damage":0,"enemies":"Small Slimes","floor":1,"turns":3},{"damage":1,"enemies":"2 Louse","floor":3,"turns":2},{"damage":6,"enemies":"Jaw Worm","floor":4,"turns":3},{"damage":1,"enemies":"3 Louse","floor":6,"turns":2},{"damage":14,"enemies":"Exordium Thugs","floor":10,"turns":4},{"damage":0,"enemies":"2 Fungi Beasts","floor":13,"turns":1},{"damage":12,"enemies":"Replay:BlueRogue","floor":14,"turns":3},{"damage":18,"enemies":"Hexaghost","floor":16,"turns":8},{"damage":8,"enemies":"Chosen","floor":18,"turns":4}],"seed_played":"-2089778945987893770","potions_obtained":[{"floor":3,"key":"Fire Potion"},{"floor":4,"key":"FearPotion"},{"floor":10,"key":"FairyPotion"},{"floor":13,"key":"Energy Potion"},{"floor":14,"key":"Languid Potion"}],"is_trial":false,"path_per_floor":["M","?","M","M","$","M","R","?","T","M","R","?","M","E","R","B",null,"M","$"],"character_chosen":"THE_BUGKNIGHT","items_purchased":["HollowMod:SiblingsShadow"],"campfire_rested":0,"item_purchase_floors":[5],"current_hp_per_floor":[75,75,74,68,68,67,67,67,67,63,63,63,63,61,61,55,75,75,75,75],"gold":221,"neow_bonus":"BOSS_RELIC","is_daily":false,"chose_seed":false,"campfire_upgraded":3,"win_rate":0.0,"timestamp":1608738466,"path_taken":["M","?","M","M","$","M","R","?","T","?","R","?","M","E","R","BOSS","M","$"],"items_purchased_type":["Card"],"build_version":"2020-12-22","purchased_purges":1,"victory":false,"max_hp_per_floor":[75,75,75,75,75,75,75,75,75,75,75,75,75,75,75,75,75,75,75,75],"card_choices":[{"not_picked":["HollowMod:SoulStrike","HollowMod:NewGlowingWomb","HollowMod:CoiledNail"],"picked":"SKIP","floor":1},{"not_picked":["HollowMod:ChannelNail","HollowMod:SiblingsSouls"],"picked":"HollowMod:CycloneSlash","floor":3},{"not_picked":["HollowMod:ShadowDash","HollowMod:CoiledNail"],"picked":"HollowMod:WraithStrike","floor":4},{"not_picked":["HollowMod:MawleksShell","HollowMod:DoubleDash"],"picked":"HollowMod:LifebloodCocoon","floor":6},{"not_picked":["HollowMod:HowlingWraiths","HollowMod:InfectedCysts"],"picked":"HollowMod:WraithStrike","floor":10},{"not_picked":["HollowMod:PerfectDash","HollowMod:DungDefenderAura"],"picked":"HollowMod:SoulMaster","floor":13},{"not_picked":["HollowMod:NewJinnsSoul","HollowMod:HowlingWraiths","HollowMod:QuirrelsAssistance"],"picked":"SKIP","floor":14},{"not_picked":["HollowMod:InfectedCysts","HollowMod:CloakDash"],"picked":"HollowMod:HuntersJournal","floor":18}],"player_experience":308680,"relics_obtained":[{"floor":9,"key":"Bag of Marbles"},{"floor":14,"key":"Juzu Bracelet"}],"event_choices":[{"damage_healed":0,"gold_gain":0,"player_choice":"Upgraded","damage_taken":0,"max_hp_gain":0,"max_hp_loss":0,"event_name":"Upgrade Shrine","floor":8,"gold_loss":0,"cards_upgraded":["HollowMod:LifebloodCocoon"]},{"damage_healed":0,"gold_gain":0,"player_choice":"Agree","damage_taken":0,"max_hp_gain":0,"max_hp_loss":0,"event_name":"conspire:LoneGhost","floor":12,"gold_loss":0}],"is_beta":false,"boss_relics":[{"not_picked":["Snecko Eye","ChewingGum"],"picked":"conspire:SeveredTorchhead"}],"items_purged_floors":[5],"is_endless":false,"potions_floor_spawned":[3,4,10,13,14],"ascension_level":1}}