{"host":"ilxricga2547gmyy","time":1608765976,"event":{"mods":["AchievementEnabler","BaseMod","Minty Spire (QoL Compilation)","Quick Restart","StSLib","The Cursed"],"gold_per_floor":[110,64,80,80,91,119,119,146,146,158,12,12,39,54,54,155,155,167,183,183,483,496,496,496],"floor_reached":23,"playtime":702,"items_purged":[],"score":232,"play_id":"a45cd6fc-7873-4788-9287-db14163417b5","local_time":"20201224002616","is_ascension_mode":true,"campfire_choices":[{"data":"Chill","floor":7,"key":"SMITH"},{"data":"Conserve Battery","floor":12,"key":"SMITH"},{"floor":15,"key":"REST"}],"circlet_count":0,"master_deck":["Strike_B","Strike_B","Strike_B","Strike_B","Defend_B","Defend_B","Defend_B","Zap","Dualcast","Melter","Leap","Chill+1","Doom and Gloom","Doom and Gloom","Conserve Battery+1","Thunder Strike","Darkness","Seek","Genetic Algorithm","Streamline+1","RitualDagger","Writhe","Conserve Battery+1"],"relics":["Cracked Core","NeowsBlessing","White Beast Statue","Blue Candle","Bottled Lightning","Medical Kit","Kunai","Snecko Eye","Old Coin"],"acts_visited":["Exordium","TheCity"],"potions_floor_usage":[16,18,22],"damage_taken":[{"damage":0,"enemies":"Cultist","floor":1,"turns":1},{"damage":0,"enemies":"Jaw Worm","floor":3,"turns":1},{"damage":0,"enemies":"2 Louse","floor":5,"turns":1},{"damage":18,"enemies":"Lagavulin","floor":6,"turns":5},{"damage":7,"enemies":"3 Sentries","floor":8,"turns":10},{"damage":0,"enemies":"Lots of Slimes","floor":10,"turns":3},{"damage":13,"enemies":"Lagavulin","floor":13,"turns":6},{"damage":1,"enemies":"Looter","floor":14,"turns":3},{"damage":15,"enemies":"Hexaghost","floor":16,"turns":9},{"damage":6,"enemies":"3 Byrds","floor":18,"turns":4},{"damage":0,"enemies":"Spheric Guardian","floor":19,"turns":2},{"damage":24,"enemies":"3 Cultists","floor":22,"turns":5},{"damage":40,"enemies":"Gremlin Leader","floor":23,"turns":2}],"seed_played":"1775253266430208429","potions_obtained":[{"floor":1,"key":"AttackPotion"},{"floor":6,"key":"Weak Potion"},{"floor":8,"key":"SmokeBomb"},{"floor":10,"key":"PowerPotion"},{"floor":13,"key":"Explosive Potion"},{"floor":16,"key":"Energy Potion"},{"floor":18,"key":"SteroidPotion"},{"floor":19,"key":"Energy Potion"},{"floor":22,"key":"SpeedPotion"}],"is_trial":false,"path_per_floor":["M","$","M","?","M","E","R","E","T","M","$","R","E","M","R","B",null,"M","M","?","?","M","E"],"character_chosen":"DEFECT","items_purchased":["Leap","Medical Kit"],"campfire_rested":1,"item_purchase_floors":[2,11],"current_hp_per_floor":[75,75,75,75,75,57,57,50,50,50,50,50,37,36,58,43,75,69,69,63,63,39,0,0],"gold":496,"neow_bonus":"THREE_ENEMY_KILL","is_daily":false,"chose_seed":false,"campfire_upgraded":2,"win_rate":0.0,"timestamp":1608765976,"path_taken":["M","$","M","?","?","E","R","E","T","M","?","R","E","M","R","BOSS","M","M","?","?","M","E"],"items_purchased_type":["Card","Relic"],"build_version":"2020-12-22","purchased_purges":0,"victory":false,"max_hp_per_floor":[75,75,75,75,75,75,75,75,75,75,75,75,75,75,75,75,75,75,75,75,75,75,75,75],"card_choices":[{"not_picked":["Beam Cell","Force Field"],"picked":"Melter","floor":1},{"not_picked":["Melter","Coolheaded"],"picked":"Chill","floor":3},{"not_picked":["Turbo","Coolheaded"],"picked":"Doom and Gloom","floor":5},{"not_picked":["Recycle","Turbo","Beam Cell"],"picked":"SKIP","floor":6},{"not_picked":["Coolheaded","Hologram"],"picked":"Doom and Gloom","floor":8},{"not_picked":["Leap","Sweeping Beam"],"picked":"Conserve Battery","floor":10},{"not_picked":["Redo","Cold Snap"],"picked":"Thunder Strike","floor":13},{"not_picked":["Leap","White Noise"],"picked":"Darkness","floor":14},{"not_picked":["Amplify","Echo Form"],"picked":"Seek","floor":16},{"not_picked":["Redo","Barrage"],"picked":"Genetic Algorithm","floor":18},{"not_picked":["Rebound","Redo"],"picked":"Streamline+1","floor":19},{"not_picked":["Stack","Heatsinks"],"picked":"Conserve Battery+1","floor":22}],"player_experience":250942,"relics_obtained":[{"floor":6,"key":"White Beast Statue"},{"floor":8,"key":"Blue Candle"},{"floor":9,"key":"Bottled Lightning"},{"floor":13,"key":"Kunai"}],"event_choices":[{"cards_removed":["Defend_B"],"damage_healed":0,"gold_gain":0,"player_choice":"Purged","damage_taken":0,"max_hp_gain":0,"max_hp_loss":0,"event_name":"Purifier","floor":4,"gold_loss":0},{"damage_healed":0,"gold_gain":0,"player_choice":"Joined the Cult","damage_taken":6,"max_hp_gain":0,"max_hp_loss":0,"event_name":"Nest","floor":20,"gold_loss":0,"cards_obtained":["RitualDagger"]},{"damage_healed":0,"gold_gain":0,"player_choice":"Opened","damage_taken":0,"relics_obtained":["Old Coin"],"max_hp_gain":0,"max_hp_loss":0,"event_name":"The Mausoleum","floor":21,"gold_loss":0,"cards_obtained":["Writhe"]}],"is_beta":false,"boss_relics":[{"not_picked":["FrozenCore","Sozu"],"picked":"Snecko Eye"}],"items_purged_floors":[],"is_endless":false,"potions_floor_spawned":[1,6,8,10,13,14,16,18,19,22],"killed_by":"Gremlin Leader","ascension_level":2}}