{"host":"mn5ze3eyhx81nlo2","time":1608727049,"event":{"mods":["BaseMod","Block Reminder","Challenge The Spire","Downfall","Hermit","Hubris","Infinite Spire","Minty Spire (QoL Compilation)","Quick Restart","Replay The Spire","Shade Mod","StSLib","The Cursed","The Druid","The Hierophant","The Runesmith","Unceasing Turn Reminder"],"gold_per_floor":[99,118,138,69,82,116,116,143,155,5,5,5,5,0,11,116,116,41,55,65,50,50,50,50,50,50,35,35,135,135,166,186,282,282,282,294,369,386,386,386,386,421,693,693,730,782,833,861,875,875,893,893,893],"floor_reached":52,"playtime":4511,"items_purged":["Slimebound:Icky"],"score":815,"play_id":"696b5962-6b30-4fae-869f-ed80f97617ad","local_time":"20201223123729","is_ascension_mode":true,"campfire_choices":[{"data":"hexamod:Float","floor":1.0,"key":"SMITH"},{"floor":10.0,"key":"RECALL"},{"data":"hexamod:ParanormalForm","floor":18.0,"key":"SMITH"},{"data":"hexamod:RecurringNightmare","floor":26,"key":"SMITH"},{"data":"hexamod:UnleashSpirits","floor":35,"key":"SMITH"},{"data":"hexamod:NightmareStrike","floor":45,"key":"SMITH"}],"circlet_count":0,"master_deck":["hexamod:Defend+1","hexamod:Defend","hexamod:Defend","hexamod:Sear","hexamod:Float+1","hexamod:GhostShield","hexamod:PhantomCloak","hexamod:GhostLash","hexamod:Hexaguard","hexamod:NightmareGuise","hexamod:FirstSeal","hexamod:RecurringNightmare+1","hexamod:ParanormalForm+1","Parasite","hexamod:SpectersWail","hexamod:FastForward","Slimebound:Tackle+1","Slimebound:Tackle+1","Slimebound:Tackle+1","hexamod:NightmareStrike+1","hexamod:EmpoweredFlame+1","hexamod:UnleashSpirits+1","hexamod:FourthSeal","hexamod:ThirdSeal","hexamod:SixthSeal"],"relics":["hexamod:SpiritBrand","hubris:Teleporter","Art of War","downfall:HeartBlessingGreen","downfall:HeartBlessingBlue","downfall:ShatteredFragment","Replay:Ancient Bell","Oddly Smooth Stone","hubris:Reverence","Torii","downfall:HeartBlessingRed","Singing Bowl","Guardian:GemstoneGun","Replay:Ringing Soul","infinitespire:Golems Mask","Smiling Mask","Runic Pyramid","Meat on the Bone","Replay:Bandana","Guardian:PocketSentry","Ancient Tea Set"],"acts_visited":["Exordium","TheCity","TheBeyond","TheEnding"],"potions_floor_usage":[21,29,29,44,44,50,50,52],"damage_taken":[{"damage":0.0,"enemies":"2 Louse","floor":2.0,"turns":2.0},{"damage":0.0,"enemies":"Jaw Worm","floor":3.0,"turns":4.0},{"damage":0.0,"enemies":"downfall:FleeingMerchant","floor":4.0,"turns":4.0},{"damage":1.0,"enemies":"Small Slimes","floor":5.0,"turns":4.0},{"damage":3.0,"enemies":"Lagavulin","floor":6.0,"turns":8.0},{"damage":12.0,"enemies":"Replay:BlueRogue","floor":8.0,"turns":8.0},{"damage":0.0,"enemies":"2 Fungi Beasts","floor":9.0,"turns":5.0},{"damage":0.0,"enemies":"downfall:FleeingMerchant","floor":14.0,"turns":4.0},{"damage":1.0,"enemies":"Blue Slaver","floor":15.0,"turns":3.0},{"damage":9.0,"enemies":"downfall:Ironclad","floor":16.0,"turns":13.0},{"damage":0.0,"enemies":"Spheric Guardian","floor":19.0,"turns":6.0},{"damage":32.0,"enemies":"3 Cultists","floor":20.0,"turns":5.0},{"damage":0,"enemies":"downfall:FleeingMerchant","floor":21,"turns":4},{"damage":4,"enemies":"downfall:FleeingMerchant","floor":27,"turns":4},{"damage":3,"enemies":"Colosseum Nobs","floor":29,"turns":3},{"damage":0,"enemies":"Replay:Snechameleon","floor":31,"turns":4},{"damage":1,"enemies":"Cultist and Chosen","floor":32,"turns":3},{"damage":12,"enemies":"downfall:Watcher","floor":33,"turns":8},{"damage":1,"enemies":"3 Shapes","floor":36,"turns":5},{"damage":0,"enemies":"3 Darklings","floor":39,"turns":4},{"damage":18,"enemies":"Sphere and 2 Shapes","floor":43,"turns":5},{"damage":7,"enemies":"downfall:FleeingMerchant","floor":44,"turns":3},{"damage":0,"enemies":"Maw","floor":46,"turns":6},{"damage":8,"enemies":"Nemesis","floor":48,"turns":5},{"damage":14,"enemies":"Writhing Mass","floor":49,"turns":5},{"damage":23,"enemies":"downfall:Defect","floor":50,"turns":6},{"damage":123,"enemies":"downfall:CharBossMerchant","floor":52,"turns":8}],"seed_played":"3930092995891161599","potions_obtained":[{"floor":2.0,"key":"SkillPotion"},{"floor":5.0,"key":"Explosive Potion"},{"floor":6.0,"key":"BlessingOfTheForge"},{"floor":8.0,"key":"Block Potion"},{"floor":16.0,"key":"EntropicBrew"},{"floor":20.0,"key":"hexamod:EctoCoolerPotion"},{"floor":29,"key":"LiquidMemories"},{"floor":39,"key":"DuplicationPotion"},{"floor":46,"key":"BlessingOfTheForge"},{"floor":48,"key":"ColorlessPotion"}],"is_trial":false,"path_per_floor":["R","M","M","$","M","E","T","E","M","R","?","?","?","$","M","B",null,"R","M","M","$","?","?","T","?","R","$","?","?","T","E","M","B",null,"R","M","?","M","?","T","AVR","M","$","R","M","T","E","M","B",null,"E"],"character_chosen":"THE_SPIRIT","items_purchased":["hexamod:GhostLash","PowerPotion"],"campfire_rested":0,"item_purchase_floors":[4,44],"current_hp_per_floor":[70,70,70,70,69,66,66,54,54,64,64,43,36,43,49,47,80,80,80,55,62,62,62,62,62,62,67,67,67,67,77,85,83,93,93,95,95,97,97,97,97,88,91,91,100,100,95,93,77,112,0,0,0],"gold":893,"neow_bonus":"REMOVE_CARD","is_daily":false,"chose_seed":false,"campfire_upgraded":5,"win_rate":0.0,"timestamp":1608727049,"path_taken":["R","M","M","$","M","E","T","E","M","R","?","?","?","$","M","BOSS","R","M","M","$","?","?","T","?","R","?","?","?","?","E","M","BOSS","R","M","?","?","?","T","AVR","M","$","R","?","?","E","M","BOSS","E"],"items_purchased_type":["Card","Potion"],"build_version":"2020-12-22","purchased_purges":1,"victory":false,"max_hp_per_floor":[70,70,70,70,70,70,70,70,70,80,80,80,80,80,80,80,80,80,80,80,80,80,80,80,80,80,82,82,85,85,88,90,93,93,93,95,95,97,97,97,97,99,102,102,104,104,107,112,112,112,112,112,112],"card_choices":[{"not_picked":["hexamod:Hexaguard","hexamod:GhostLash"],"picked":"hexamod:GhostShield","floor":2.0},{"not_picked":["hexamod:SwordOfDarkness","hexamod:ChargedBarrage","hexamod:BurningTouch"],"picked":"SKIP","floor":3.0},{"not_picked":["hexamod:GhostShield","hexamod:BurningTouch"],"picked":"hexamod:PhantomCloak","floor":4.0},{"not_picked":["hexamod:SwordOfDarkness","hexamod:GhostShield","hexamod:Firestarter"],"picked":"SKIP","floor":5.0},{"not_picked":["hexamod:InspiringFlames","hexamod:FastForward"],"picked":"hexamod:Hexaguard","floor":6.0},{"not_picked":["hexamod:SpectralAdrenaline","hexamod:ShieldOfDarkness","hexamod:RainOfEmbers"],"picked":"SKIP","floor":8.0},{"not_picked":["hexamod:SpectralAdrenaline","hexamod:GhostShield"],"picked":"hexamod:NightmareGuise","floor":9.0},{"not_picked":["hexamod:Again","hexamod:TimeWarp"],"picked":"hexamod:RecurringNightmare","floor":14.0},{"not_picked":["hexamod:GhostShield","hexamod:FastForward","hexamod:ThermalTransfer"],"picked":"SKIP","floor":15.0},{"not_picked":["hexamod:TimeWarp","hexamod:TimeOfNeed"],"picked":"hexamod:ParanormalForm","floor":16.0},{"not_picked":["Regret","hubris:Envy"],"picked":"Slimebound:Icky","floor":17.0},{"not_picked":["Guardian:Aged","sneckomod:Bewildered"],"picked":"Parasite","floor":17.0},{"not_picked":["hubris:Envy","Hallucinations"],"picked":"hubris:Compulsion","floor":17.0},{"not_picked":["hexamod:ChargedBarrage+1","hexamod:PhantomFireball"],"picked":"hexamod:SpectersWail","floor":19.0},{"not_picked":["hexamod:BacktrackSmack","hexamod:GhostShield","hexamod:Again+1"],"picked":"SKIP","floor":20.0},{"not_picked":["hexamod:SpectersWail","hexamod:SwordOfDarkness"],"picked":"hexamod:FastForward","floor":21},{"not_picked":["hexamod:VolcanoVisage","hexamod:RetreatToShadows+1","hexamod:Incineration"],"picked":"Singing Bowl","floor":27},{"not_picked":["hexamod:HeatMetal","hexamod:RadiantFlame"],"picked":"hexamod:NightmareStrike","floor":29},{"not_picked":["hexamod:ThermalTransfer","hexamod:SwordOfDarkness"],"picked":"hexamod:EmpoweredFlame+1","floor":31},{"not_picked":["hexamod:NecessarySacrifice","hexamod:PhantomCloak+1","hexamod:FastForward+1"],"picked":"Singing Bowl","floor":32},{"not_picked":["hexamod:TimeOfNeed","hexamod:TimeWarp"],"picked":"hexamod:UnleashSpirits","floor":33},{"not_picked":["hexamod:BacktrackSmack","hexamod:Rewind+1","hexamod:HeatShield"],"picked":"Singing Bowl","floor":36},{"not_picked":["hexamod:NightmareStrike","hexamod:SpectralAdrenaline+1","hexamod:HauntingEcho+1"],"picked":"Singing Bowl","floor":39},{"not_picked":["hexamod:PhantomCloak+1","hexamod:Firestarter","hexamod:CatchUp+1"],"picked":"Singing Bowl","floor":43},{"not_picked":["hexamod:GhostOfSpireFuture","hexamod:ShieldOfDarkness+1"],"picked":"hexamod:FourthSeal","floor":44},{"not_picked":["hexamod:NecessarySacrifice+1","hexamod:AdvancingGuard","hexamod:RecurringNightmare+1"],"picked":"Singing Bowl","floor":46},{"not_picked":["hexamod:ThermalTransfer+1","hexamod:AdvancingGuard+1"],"picked":"hexamod:ThirdSeal","floor":48},{"not_picked":["hexamod:Firestarter+1","hexamod:GhostLash","hexamod:GhostShield+1"],"picked":"Singing Bowl","floor":49},{"not_picked":["hexamod:DynamicBlow","hexamod:HauntingEcho"],"picked":"hexamod:SixthSeal","floor":49}],"player_experience":924113,"relics_obtained":[{"floor":6.0,"key":"hubris:Teleporter"},{"floor":8.0,"key":"Art of War"},{"floor":24,"key":"Singing Bowl"},{"floor":29,"key":"Guardian:GemstoneGun"},{"floor":29,"key":"Replay:Ringing Soul"},{"floor":30,"key":"infinitespire:Golems Mask"},{"floor":31,"key":"Smiling Mask"},{"floor":41,"key":"Meat on the Bone"},{"floor":47,"key":"Guardian:PocketSentry"},{"floor":48,"key":"Ancient Tea Set"}],"event_choices":[{"cards_removed":["hubris:Compulsion"],"damage_healed":0,"gold_gain":0,"player_choice":"Elegance","damage_taken":0,"max_hp_gain":0,"max_hp_loss":0,"event_name":"Back to Basics","floor":25,"gold_loss":0},{"damage_healed":0,"gold_gain":0,"player_choice":"Ignored","damage_taken":0,"max_hp_gain":0,"max_hp_loss":0,"event_name":"Vampires","floor":28,"gold_loss":0},{"damage_healed":0,"gold_gain":0,"player_choice":"Ignored","damage_taken":0,"max_hp_gain":0,"max_hp_loss":0,"event_name":"NoteForYourself","floor":40,"gold_loss":0}],"is_beta":false,"boss_relics":[{"not_picked":["Cursed Key","hexamod:IceCube"],"picked":"Replay:Ancient Bell"},{"not_picked":["ReplayFunnel","PreservedInsect"],"picked":"Oddly Smooth Stone"},{"not_picked":["hubris:MobiusCoin","Runesmith:Nanobots"],"picked":"hubris:Reverence"},{"not_picked":["hubris:FunFungus","Dead Branch"],"picked":"Torii"},{"not_picked":["Velvet Choker","ReplayTheSpireMod:SealedPack"],"picked":"Runic Pyramid"}],"items_purged_floors":[44],"is_endless":false,"potions_floor_spawned":[2,5,6,8,16,20,29,31,32,39,48,49],"killed_by":"downfall:CharBossMerchant","ascension_level":1}}