{"host":"bnbc66jny2i0hx0x","time":1608705185,"event":{"mods":["AchievementEnabler","BaseMod","Minty Spire (QoL Compilation)","Relic Sorter","StSLib"],"gold_per_floor":[366,366,384,218,234,261,279,279,279,289,300,300,333,32,32,111,111,125,125,142,153,243,275,275,275],"floor_reached":24,"playtime":1315,"items_purged":["Doubt"],"score":443,"play_id":"522e558d-c3e9-4fd0-90fd-a3d9793b3bbb","local_time":"20201222223305","is_ascension_mode":true,"campfire_choices":[{"data":"Chill","floor":8.0,"key":"SMITH"},{"floor":12.0,"key":"REST"},{"data":"Barrage","floor":15.0,"key":"SMITH"}],"circlet_count":0,"master_deck":["AscendersBane","Strike_B","Strike_B","Strike_B+1","Strike_B+1","Defend_B","Defend_B","Defend_B","Defend_B","Zap","Dualcast","Beam Cell","Glacier","White Noise","Barrage+1","Tempest","Capacitor","Chill+1","Capacitor","Core Surge","Doom and Gloom","Seek","Hologram","Sunder","Double Energy","Hologram+1","Glacier"],"relics":["FrozenCore","Strawberry","Whetstone","Eternal Feather","Orichalcum","Medical Kit","HornCleat"],"acts_visited":["Exordium","TheCity"],"potions_floor_usage":[23,24],"damage_taken":[{"damage":5.0,"enemies":"Small Slimes","floor":1.0,"turns":4.0},{"damage":7.0,"enemies":"Jaw Worm","floor":3.0,"turns":4.0},{"damage":1.0,"enemies":"2 Louse","floor":5.0,"turns":3.0},{"damage":24.0,"enemies":"3 Sentries","floor":6.0,"turns":9.0},{"damage":10.0,"enemies":"Gremlin Gang","floor":7.0,"turns":4.0},{"damage":0.0,"enemies":"3 Louse","floor":10.0,"turns":2.0},{"damage":9.0,"enemies":"Looter","floor":11.0,"turns":3.0},{"damage":0.0,"enemies":"Gremlin Nob","floor":13.0,"turns":3.0},{"damage":6.0,"enemies":"Slime Boss","floor":16.0,"turns":10.0},{"damage":3.0,"enemies":"Shell Parasite","floor":18.0,"turns":5.0},{"damage":1.0,"enemies":"Chosen","floor":20.0,"turns":6.0},{"damage":2.0,"enemies":"Snecko","floor":21.0,"turns":5.0},{"damage":54,"enemies":"Gremlin Leader","floor":23,"turns":7},{"damage":21,"enemies":"3 Cultists","floor":24,"turns":4}],"seed_played":"-6256353262744070443","potions_obtained":[{"floor":3.0,"key":"Strength Potion"},{"floor":5.0,"key":"Ancient Potion"},{"floor":6.0,"key":"AttackPotion"},{"floor":11.0,"key":"SteroidPotion"},{"floor":20.0,"key":"PowerPotion"},{"floor":21.0,"key":"Regen Potion"}],"is_trial":false,"path_per_floor":["M","?","M","$","M","E","M","R","T","M","M","R","E","$","R","B",null,"M","?","M","M","?","E","M"],"character_chosen":"DEFECT","items_purchased":["White Noise","Barrage","Orichalcum","Medical Kit"],"campfire_rested":1,"item_purchase_floors":[4,4,14,14],"current_hp_per_floor":[59,64,57,57,56,39,29,29,29,29,20,44,44,44,56,50,75,72,72,71,69,57,3,0,0],"gold":275,"neow_bonus":"TWO_FIFTY_GOLD","is_daily":false,"chose_seed":false,"campfire_upgraded":2,"win_rate":0.0,"timestamp":1608705185,"path_taken":["M","?","M","$","M","E","M","R","T","M","M","R","E","$","R","BOSS","M","?","M","M","?","E","?"],"items_purchased_type":["Card","Card","Relic","Relic"],"build_version":"2020-12-22","purchased_purges":1,"victory":false,"max_hp_per_floor":[71,76,76,76,76,83,83,83,83,83,83,83,83,83,83,83,83,83,83,83,83,83,83,83,83],"card_choices":[{"not_picked":["Tempest","Steam Power"],"picked":"Beam Cell","floor":1.0},{"not_picked":["Sweeping Beam","Reprogram"],"picked":"Glacier","floor":3.0},{"not_picked":["Hologram","Scrape"],"picked":"Tempest","floor":5.0},{"not_picked":["Fusion","Stack"],"picked":"Capacitor","floor":6.0},{"not_picked":["Aggregate","Sweeping Beam"],"picked":"Chill","floor":7.0},{"not_picked":["Go for the Eyes","Chaos"],"picked":"Capacitor","floor":10.0},{"not_picked":["Hologram","Streamline"],"picked":"Core Surge","floor":11.0},{"not_picked":["Ball Lightning","Gash"],"picked":"Doom and Gloom","floor":13.0},{"not_picked":["Fission","Thunder Strike"],"picked":"Seek","floor":16.0},{"not_picked":["Gash","Beam Cell"],"picked":"Hologram","floor":18.0},{"not_picked":["Sweeping Beam+1","Melter"],"picked":"Double Energy","floor":20.0},{"not_picked":["Hologram+1","Cold Snap","Gash"],"picked":"SKIP","floor":21.0},{"not_picked":["Cold Snap","Gash"],"picked":"Hologram+1","floor":21.0},{"not_picked":["Amplify","Turbo+1"],"picked":"Glacier","floor":23}],"player_experience":1263953,"relics_obtained":[{"floor":6.0,"key":"Strawberry"},{"floor":9.0,"key":"Whetstone"},{"floor":13.0,"key":"Eternal Feather"},{"floor":23,"key":"HornCleat"}],"event_choices":[{"damage_healed":0.0,"max_hp_gain":5.0,"max_hp_loss":0.0,"gold_gain":0.0,"event_name":"Big Fish","player_choice":"Donut","floor":2.0,"gold_loss":0.0,"damage_taken":0.0},{"damage_healed":0.0,"max_hp_gain":0.0,"max_hp_loss":0.0,"gold_gain":0.0,"event_name":"The Library","player_choice":"Read","floor":19.0,"gold_loss":0.0,"damage_taken":0.0,"cards_obtained":["Sunder"]},{"damage_healed":0.0,"max_hp_gain":0.0,"max_hp_loss":0.0,"gold_gain":90.0,"event_name":"Knowing Skull","player_choice":"GOLD ","floor":22.0,"potions_obtained":[],"gold_loss":0.0,"damage_taken":12.0,"cards_obtained":[]}],"is_beta":false,"boss_relics":[{"not_picked":["Sozu","Pandora\u0027s Box"],"picked":"FrozenCore"}],"items_purged_floors":[4],"is_endless":false,"potions_floor_spawned":[3,5,6,11,20,21],"killed_by":"3 Cultists","ascension_level":15}}