{"host":"30jsp143e4v19aze","time":1608745019,"event":{"mods":["BaseMod","Colored Map","Colored Powertips","Curses Come First","DeckTracker","Highlight Path","Minty Spire (QoL Compilation)","Quick Restart","Relic Stats","StSLib"],"gold_per_floor":[366,378,242,257,42,75,94,169,223,223,223,223,254,1,1,97,97,109,121,121,71,71,71,48,62,62,90,109,132,165,180,180,280,280,296,315,6,16,16,16,42,59,59,92,92,103,103,450,450,450],"floor_reached":51,"playtime":3470,"items_purged":["Capacitor"],"score":1125,"play_id":"c4536a55-2335-4b1e-b910-530c2409f213","local_time":"20201223183659","is_ascension_mode":true,"campfire_choices":[{"data":"Creative AI","floor":12,"key":"SMITH"},{"data":"Reinforced Body","floor":15,"key":"SMITH"},{"data":"Seek","floor":23,"key":"SMITH"},{"data":"Reboot","floor":32,"key":"SMITH"},{"data":"Reboot","floor":40,"key":"SMITH"},{"data":"Loop","floor":47,"key":"SMITH"},{"data":"Amplify","floor":49,"key":"SMITH"}],"circlet_count":0,"master_deck":["Zap","Dualcast","Streamline+1","Skim","Rebound","Conserve Battery","Capacitor","Creative AI+1","Ball Lightning","Reinforced Body+1","Seek+1","Reboot+1","Beam Cell","Steam Power","Conserve Battery+1","Ghostly","Ghostly","Ghostly","Ghostly","Ghostly","Go for the Eyes","BootSequence","Coolheaded","Echo Form","Self Repair+1","Amplify+1","Reboot+1","Doom and Gloom","Loop+1","Storm+1","Glacier+1"],"relics":["Cracked Core","Lee\u0027s Waffle","Meat on the Bone","Smiling Mask","Omamori","Runic Capacitor","Pandora\u0027s Box","Regal Pillow","Bottled Lightning","DataDisk","Happy Flower","Calling Bell","Oddly Smooth Stone","Cables","Gambling Chip","Dead Branch","Lantern","Symbiotic Virus","Dream Catcher","Old Coin"],"acts_visited":["Exordium","TheCity","TheBeyond"],"potions_floor_usage":[6,13,16,19,48,50],"damage_taken":[{"damage":7,"enemies":"Small Slimes","floor":1,"turns":3},{"damage":8,"enemies":"2 Louse","floor":2,"turns":2},{"damage":2,"enemies":"Jaw Worm","floor":4,"turns":4},{"damage":23,"enemies":"3 Sentries","floor":6,"turns":6},{"damage":4,"enemies":"Blue Slaver","floor":7,"turns":4},{"damage":18,"enemies":"Gremlin Nob","floor":13,"turns":3},{"damage":18,"enemies":"The Guardian","floor":16,"turns":9},{"damage":2,"enemies":"Spheric Guardian","floor":18,"turns":3},{"damage":10,"enemies":"Shell Parasite","floor":19,"turns":6},{"damage":9,"enemies":"Snake Plant","floor":25,"turns":5},{"damage":0,"enemies":"Book of Stabbing","floor":27,"turns":8},{"damage":4,"enemies":"3 Cultists","floor":28,"turns":8},{"damage":21,"enemies":"Gremlin Leader","floor":30,"turns":6},{"damage":0,"enemies":"Chosen and Byrds","floor":31,"turns":5},{"damage":0,"enemies":"Automaton","floor":33,"turns":10},{"damage":2,"enemies":"3 Shapes","floor":35,"turns":6},{"damage":6,"enemies":"Orb Walker","floor":36,"turns":6},{"damage":1,"enemies":"Transient","floor":38,"turns":5},{"damage":2,"enemies":"Giant Head","floor":41,"turns":9},{"damage":4,"enemies":"Spire Growth","floor":42,"turns":6},{"damage":13,"enemies":"Reptomancer","floor":44,"turns":5},{"damage":0,"enemies":"Sphere and 2 Shapes","floor":46,"turns":6},{"damage":12,"enemies":"2 Orb Walkers","floor":48,"turns":7},{"damage":3,"enemies":"Time Eater","floor":50,"turns":11}],"seed_played":"8193185157384191469","potions_obtained":[{"floor":2,"key":"Strength Potion"},{"floor":6,"key":"FearPotion"},{"floor":19,"key":"EssenceOfSteel"},{"floor":31,"key":"DistilledChaos"},{"floor":48,"key":"DistilledChaos"}],"is_trial":false,"path_per_floor":["M","M","$","M","$","E","M","?","T","?","?","R","E","$","R","B",null,"M","M","?","$","?","R","$","M","T","E","M","T","E","M","R","B",null,"M","M","$","M","?","R","E","M","T","E","?","M","R","?","R","B",null],"character_chosen":"DEFECT","items_purchased":["Skim","Rebound","Conserve Battery","Lee\u0027s Waffle","Capacitor","EntropicBrew","Runic Capacitor","Coolheaded","Dead Branch"],"campfire_rested":0,"item_purchase_floors":[3,3,3,5,5,14,14,24,37],"current_hp_per_floor":[43,35,35,33,82,59,55,44,44,44,37,37,31,31,31,25,68,66,56,41,41,41,41,41,32,32,32,28,28,19,31,31,41,41,41,41,41,41,41,41,39,41,41,41,39,39,39,39,39,36],"gold":450,"neow_bonus":"TWO_FIFTY_GOLD","is_daily":false,"chose_seed":false,"campfire_upgraded":7,"win_rate":0.0,"timestamp":1608745019,"path_taken":["M","M","$","M","$","E","M","?","T","?","?","R","E","?","R","BOSS","M","M","?","$","?","R","$","M","T","E","M","?","E","M","R","BOSS","M","M","$","M","?","R","E","M","T","E","?","M","R","?","R","BOSS"],"items_purchased_type":["Card","Card","Card","Relic","Card","Potion","Relic","Card","Relic"],"build_version":"2020-12-22","purchased_purges":1,"victory":true,"max_hp_per_floor":[75,75,75,75,82,82,82,82,82,82,82,82,82,82,82,82,82,82,82,41,41,41,41,41,41,41,41,41,41,41,41,41,41,41,41,41,41,41,41,41,41,41,41,41,39,39,39,39,39,39],"relic_stats":{"Lee\u0027s Waffle":49,"Regal Pillow":0,"Dream Catcher":0,"Happy Flower":[25],"counters":[24,143],"Gambling Chip":[15],"Dead Branch":[65],"Pandora\u0027s Box":["Steam Power","Reboot","Beam Cell","Sunder","Rebound","Steam Power","Capacitor"],"Smiling Mask":25,"obtain_stats":[{"Lee\u0027s Waffle":5,"Regal Pillow":26,"Lantern":41,"Happy Flower":30,"Dead Branch":37,"Oddly Smooth Stone":34,"Omamori":13,"Runic Capacitor":14,"Smiling Mask":9,"Cables":34,"Old Coin":48,"Calling Bell":34,"DataDisk":29,"Dream Catcher":44,"Gambling Chip":34,"Pandora\u0027s Box":17,"Bottled Lightning":27,"Cracked Core":0,"Symbiotic Virus":43,"Meat on the Bone":6},{"Lee\u0027s Waffle":3,"Regal Pillow":10,"Lantern":19,"Happy Flower":13,"Dead Branch":17,"Oddly Smooth Stone":15,"Omamori":6,"Runic Capacitor":6,"Smiling Mask":5,"Cables":15,"Old Coin":23,"Calling Bell":15,"DataDisk":12,"Dream Catcher":21,"Gambling Chip":15,"Pandora\u0027s Box":7,"Bottled Lightning":11,"Cracked Core":0,"Symbiotic Virus":20,"Meat on the Bone":4},{"Lee\u0027s Waffle":9,"Regal Pillow":45,"Lantern":108,"Happy Flower":67,"Dead Branch":94,"Oddly Smooth Stone":82,"Omamori":22,"Runic Capacitor":22,"Smiling Mask":19,"Cables":82,"Old Coin":132,"Calling Bell":82,"DataDisk":61,"Dream Catcher":119,"Gambling Chip":82,"Pandora\u0027s Box":31,"Bottled Lightning":53,"Cracked Core":0,"Symbiotic Virus":114,"Meat on the Bone":15}],"Meat on the Bone":48,"Cables":[57,45,7,5,0]},"card_choices":[{"not_picked":["Sweeping Beam","Barrage"],"picked":"Streamline","floor":1},{"not_picked":["Lockon","Force Field","Barrage"],"picked":"SKIP","floor":2},{"not_picked":["Steam","Turbo","Conserve Battery"],"picked":"SKIP","floor":4},{"not_picked":["Conserve Battery","Melter"],"picked":"Creative AI","floor":6},{"not_picked":["Blizzard","Recycle"],"picked":"Ball Lightning","floor":7},{"not_picked":["Force Field","Double Energy"],"picked":"Reinforced Body","floor":13},{"not_picked":["Thunder Strike","Multi-Cast"],"picked":"Seek","floor":16},{"not_picked":["Compile Driver+1","Hologram","Rip and Tear+1"],"picked":"SKIP","floor":18},{"not_picked":["Turbo+1","Genetic Algorithm"],"picked":"Conserve Battery+1","floor":19},{"not_picked":["Sweeping Beam+1","Melter","Turbo"],"picked":"SKIP","floor":25},{"not_picked":["Beam Cell","Fusion"],"picked":"Echo Form","floor":27},{"not_picked":["Rebound+1","Lockon","Sweeping Beam"],"picked":"SKIP","floor":28},{"not_picked":["Beam Cell","Redo"],"picked":"Self Repair+1","floor":30},{"not_picked":["Ball Lightning","Hello World+1"],"picked":"Amplify","floor":31},{"not_picked":["Echo Form","Meteor Strike"],"picked":"Reboot","floor":33},{"not_picked":["Aggregate","Compile Driver","Conserve Battery+1"],"picked":"SKIP","floor":35},{"not_picked":["Redo+1","Recycle+1"],"picked":"Doom and Gloom","floor":36},{"not_picked":["Hologram+1","Compile Driver+1"],"picked":"Loop","floor":38},{"not_picked":["Self Repair","Rebound","Reinforced Body+1"],"picked":"SKIP","floor":41},{"not_picked":["Conserve Battery","Force Field+1"],"picked":"Storm+1","floor":42},{"not_picked":["Streamline","Force Field","Conserve Battery+1"],"picked":"SKIP","floor":44},{"not_picked":["Capacitor+1","Loop+1"],"picked":"Glacier+1","floor":46}],"player_experience":3101847,"relics_obtained":[{"floor":6,"key":"Meat on the Bone"},{"floor":9,"key":"Smiling Mask"},{"floor":13,"key":"Omamori"},{"floor":26,"key":"Regal Pillow"},{"floor":27,"key":"Bottled Lightning"},{"floor":29,"key":"DataDisk"},{"floor":30,"key":"Happy Flower"},{"floor":34,"key":"Oddly Smooth Stone"},{"floor":34,"key":"Cables"},{"floor":34,"key":"Gambling Chip"},{"floor":41,"key":"Lantern"},{"floor":43,"key":"Symbiotic Virus"},{"floor":44,"key":"Dream Catcher"},{"floor":48,"key":"Old Coin"}],"event_choices":[{"damage_healed":0,"gold_gain":75,"player_choice":"Gather Gold","damage_taken":11,"max_hp_gain":0,"max_hp_loss":0,"event_name":"World of Goop","floor":8,"gold_loss":0},{"damage_healed":0,"gold_gain":0,"player_choice":"Grow","damage_taken":0,"max_hp_gain":0,"max_hp_loss":0,"event_name":"Living Wall","floor":10,"gold_loss":0,"cards_upgraded":["Streamline"]},{"cards_removed":["Strike_B"],"damage_healed":0,"gold_gain":0,"player_choice":"Card Removal","damage_taken":7,"max_hp_gain":0,"max_hp_loss":0,"event_name":"Golden Wing","floor":11,"gold_loss":0},{"damage_healed":0,"gold_gain":0,"player_choice":"Became a Ghost","damage_taken":0,"max_hp_gain":0,"max_hp_loss":41,"event_name":"Ghosts","floor":20,"gold_loss":0,"cards_obtained":["Ghostly","Ghostly","Ghostly","Ghostly","Ghostly"]},{"damage_healed":0,"gold_gain":0,"cards_transformed":["Rebound","Sunder"],"player_choice":"Became Test Subject","damage_taken":0,"max_hp_gain":0,"max_hp_loss":0,"event_name":"Drug Dealer","floor":22,"gold_loss":0,"cards_obtained":["Go for the Eyes","BootSequence"]},{"cards_removed":["Steam Power"],"damage_healed":0,"gold_gain":0,"player_choice":"Removed Skill","damage_taken":0,"max_hp_gain":0,"max_hp_loss":0,"event_name":"Falling","floor":39,"gold_loss":0},{"damage_healed":0,"gold_gain":0,"player_choice":"Max HP","damage_taken":0,"max_hp_gain":0,"max_hp_loss":2,"event_name":"Winding Halls","floor":45,"gold_loss":0},{"damage_healed":0,"gold_gain":0,"player_choice":"Fight","damage_taken":0,"max_hp_gain":0,"max_hp_loss":0,"event_name":"Mysterious Sphere","floor":48,"gold_loss":0}],"is_beta":false,"boss_relics":[{"not_picked":["Fusion Hammer","Velvet Choker"],"picked":"Pandora\u0027s Box"},{"not_picked":["Coffee Dripper","Philosopher\u0027s Stone"],"picked":"Calling Bell"}],"items_purged_floors":[21],"is_endless":false,"potions_floor_spawned":[2,6,16,19,31,33,35,41,44,48],"ascension_level":7}}