{"host":"ov7kp8bjf83ind03","time":1608698951,"event":{"mods":["AchievementEnabler","BaseMod","Better Note","Colored Map","Colored Powertips","Downfall","Minty Spire (QoL Compilation)","Permanent Neow","Rare Cards Sparkle","Relic Sorter","Relic Stats","StSLib","everything is the same but u backflip on backflip"],"gold_per_floor":[99,118,133,49,59,59,111,136,73,144,189,221,262,284,308,418,430,442,468,493,505,527,568,580,624,636,667,537,537,572,649,669,773,773,623,640,656,656,670,403,403,403,432,432,460,476,476,511,530,530],"floor_reached":51,"playtime":4561,"items_purged":["Regret","Parasite"],"score":1050,"play_id":"e0cce3c6-764f-4aef-b9fe-0f3b26acb3ce","local_time":"20201222234911","is_ascension_mode":true,"campfire_choices":[{"floor":1,"key":"RECALL"},{"data":"champ:Taunt","floor":9,"key":"SMITH"},{"data":"champ:Lariat","floor":18,"key":"SMITH"},{"data":"champ:DefensiveStyle","floor":26,"key":"SMITH"},{"data":"champ:SwordSigil","floor":35,"key":"SMITH"},{"data":"champ:ViciousMockery","floor":42,"key":"SMITH"},{"data":"champ:ViciousMockery","floor":44,"key":"SMITH"},{"data":"champ:FalseCounter","floor":47,"key":"SMITH"}],"circlet_count":0,"master_deck":["champ:Strike+1","champ:Strike+1","champ:Strike","champ:Strike","champ:Defend","champ:Defend","champ:Defend","champ:Defend","champ:Execute","champ:Taunt+1","champ:BringItOn+1","champ:FocusedDefense","champ:TornadoPunch","champ:RisingSlash","champ:ViciousMockery+1","champ:Lariat+1","champ:ViciousMockery+1","champ:DefensiveStyle+1","champ:RisingSlash","champ:HoldFirm","champ:PerfectedStrike","champ:ShieldThrow","champ:SwordSigil+1","champ:Circumvent","champ:SkillfulDodge+1","champ:DefensiveShout","Apotheosis+1","Decay","champ:FalseCounter+1","champ:DefensiveStyle+1"],"relics":["Velvet Choker","MawBank","downfall:HeartBlessingRed","FossilizedHelix","Mummified Hand","Omamori","Cursed Key","Darkstone Periapt","HornCleat","Mercury Hourglass","Blood Vial","Philosopher\u0027s Stone","downfall:HeartBlessingBlue","downfall:HeartBlessingGreen","Question Card","Chemical X","champ:DefensiveTrainingManual","Frozen Egg 2","Happy Flower","InkBottle"],"acts_visited":["Exordium","TheCity","TheBeyond"],"potions_floor_usage":[10,16,22,23],"damage_taken":[{"damage":9,"enemies":"Jaw Worm","floor":2,"turns":3},{"damage":0,"enemies":"Small Slimes","floor":3,"turns":3},{"damage":10,"enemies":"downfall:FleeingMerchant","floor":4,"turns":4},{"damage":0,"enemies":"2 Louse","floor":5,"turns":1},{"damage":6,"enemies":"Large Slime","floor":8,"turns":5},{"damage":16,"enemies":"Lagavulin Event","floor":10,"turns":5},{"damage":8,"enemies":"Lagavulin","floor":11,"turns":7},{"damage":0,"enemies":"Blue Slaver","floor":12,"turns":3},{"damage":1,"enemies":"3 Sentries","floor":13,"turns":5},{"damage":0,"enemies":"Red Slaver","floor":14,"turns":2},{"damage":0,"enemies":"Lots of Slimes","floor":15,"turns":2},{"damage":67,"enemies":"downfall:Defect","floor":16,"turns":9},{"damage":0,"enemies":"Chosen","floor":19,"turns":5},{"damage":25,"enemies":"Snecko","floor":20,"turns":6},{"damage":20,"enemies":"Snake Plant","floor":22,"turns":4},{"damage":16,"enemies":"Gremlin Leader","floor":23,"turns":14},{"damage":1,"enemies":"Book of Stabbing","floor":25,"turns":5},{"damage":2,"enemies":"Shelled Parasite and Fungi","floor":27,"turns":4},{"damage":0,"enemies":"downfall:FleeingMerchant","floor":28,"turns":4},{"damage":9,"enemies":"Gremlin Leader","floor":30,"turns":7},{"damage":0,"enemies":"Centurion and Healer","floor":32,"turns":4},{"damage":12,"enemies":"downfall:Ironclad","floor":33,"turns":7},{"damage":0,"enemies":"Orb Walker","floor":36,"turns":3},{"damage":8,"enemies":"3 Darklings","floor":37,"turns":6},{"damage":5,"enemies":"Writhing Mass","floor":39,"turns":6},{"damage":0,"enemies":"downfall:FleeingMerchant","floor":40,"turns":4},{"damage":0,"enemies":"Giant Head","floor":43,"turns":6},{"damage":0,"enemies":"Nemesis","floor":45,"turns":5},{"damage":0,"enemies":"Sphere and 2 Shapes","floor":46,"turns":4},{"damage":0,"enemies":"Reptomancer","floor":48,"turns":5},{"damage":0,"enemies":"Jaw Worm Horde","floor":49,"turns":4},{"damage":20,"enemies":"downfall:Silent","floor":50,"turns":6}],"seed_played":"6583244145641836793","potions_obtained":[{"floor":3,"key":"SkillPotion"},{"floor":8,"key":"champ:OpenerPotion"},{"floor":11,"key":"AttackPotion"},{"floor":12,"key":"Regen Potion"},{"floor":20,"key":"PowerPotion"},{"floor":22,"key":"FearPotion"},{"floor":27,"key":"LiquidMemories"},{"floor":37,"key":"Strength Potion"}],"is_trial":false,"path_per_floor":["R","M","M","$","M","?","T","M","R","?","E","M","E","M","M","B",null,"R","M","M","?","M","E","T","E","R","M","$","?","E","T","M","B",null,"R","M","M","T","M","$","T","R","E","R","E","M","R","E","M","B",null],"character_chosen":"THE_CHAMP","items_purchased":["champ:RisingSlash","champ:DefensiveShout","Chemical X"],"campfire_rested":0,"item_purchase_floors":[4,28,40],"current_hp_per_floor":[90,86,86,86,86,86,86,85,85,79,71,71,70,70,70,13,90,90,90,70,55,52,46,46,45,45,48,48,48,44,44,51,46,90,100,100,97,103,100,102,108,108,109,109,109,109,109,109,109,89],"gold":530,"neow_bonus":"BOSS_RELIC","is_daily":false,"chose_seed":false,"campfire_upgraded":7,"win_rate":0.0,"timestamp":1608698951,"path_taken":["R","M","M","$","M","?","T","M","R","?","E","M","E","M","M","BOSS","R","M","M","?","M","E","T","E","R","M","$","?","E","?","M","BOSS","R","M","M","?","M","$","T","R","E","R","E","M","R","E","M","BOSS"],"items_purchased_type":["Card","Card","Relic"],"build_version":"2020-12-13","purchased_purges":2,"victory":true,"max_hp_per_floor":[90,90,90,90,90,90,90,90,90,90,90,90,90,90,90,90,90,90,90,90,90,90,90,90,90,90,90,90,90,90,90,90,90,90,100,100,100,106,106,103,109,109,109,109,109,109,109,109,109,109],"relic_stats":{"Darkstone Periapt":12,"Blood Vial":9,"Happy Flower":[6],"counters":[32,156],"Mummified Hand":[29],"Chemical X":[7],"MawBank":252,"Cursed Key":4,"Question Card":7,"obtain_stats":[{"Darkstone Periapt":23,"downfall:HeartBlessingRed":9,"Happy Flower":45,"Velvet Choker":0,"champ:ChampionCrown":0,"downfall:HeartBlessingGreen":35,"Omamori":13,"Frozen Egg 2":43,"MawBank":7,"Cursed Key":17,"Question Card":38,"Mercury Hourglass":25,"Blood Vial":30,"HornCleat":24,"Mummified Hand":11,"downfall:HeartBlessingBlue":35,"champ:DefensiveTrainingManual":41,"Philosopher\u0027s Stone":34,"Chemical X":40,"FossilizedHelix":10,"InkBottle":48},{"Darkstone Periapt":16,"downfall:HeartBlessingRed":5,"Happy Flower":28,"Velvet Choker":0,"champ:ChampionCrown":0,"downfall:HeartBlessingGreen":22,"Omamori":9,"Frozen Egg 2":27,"MawBank":4,"Cursed Key":12,"Question Card":24,"Mercury Hourglass":17,"Blood Vial":20,"HornCleat":16,"Mummified Hand":7,"downfall:HeartBlessingBlue":22,"champ:DefensiveTrainingManual":26,"Philosopher\u0027s Stone":22,"Chemical X":26,"FossilizedHelix":6,"InkBottle":30},{"Darkstone Periapt":78,"downfall:HeartBlessingRed":16,"Happy Flower":137,"Velvet Choker":0,"champ:ChampionCrown":0,"downfall:HeartBlessingGreen":109,"Omamori":36,"Frozen Egg 2":132,"MawBank":11,"Cursed Key":49,"Question Card":116,"Mercury Hourglass":83,"Blood Vial":98,"HornCleat":78,"Mummified Hand":28,"downfall:HeartBlessingBlue":109,"champ:DefensiveTrainingManual":126,"Philosopher\u0027s Stone":109,"Chemical X":126,"FossilizedHelix":21,"InkBottle":146}],"InkBottle":[4],"Mercury Hourglass":[212]},"card_choices":[{"not_picked":["champ:Riposte","champ:IronFortress"],"picked":"champ:BringItOn","floor":2},{"not_picked":["champ:RecklessLeap","champ:DefensiveShout"],"picked":"champ:FocusedDefense","floor":3},{"not_picked":["champ:BerserkersShout","champ:Haymaker"],"picked":"champ:TornadoPunch","floor":4},{"not_picked":["champ:PerfectedStrike","champ:HeartStrike"],"picked":"champ:ViciousMockery","floor":5},{"not_picked":["champ:RisingSlash","champ:FlashCut"],"picked":"champ:Lariat","floor":8},{"not_picked":["champ:DefensiveShout","champ:StrikeOfGenius"],"picked":"champ:ViciousMockery","floor":10},{"not_picked":["champ:Riposte","champ:CrookedStrike"],"picked":"champ:DefensiveStyle","floor":11},{"not_picked":["champ:Lariat","champ:GladiatorsShout"],"picked":"champ:RisingSlash","floor":12},{"not_picked":["champ:CalledShot","champ:BerserkersShout","champ:GutPunch"],"picked":"SKIP","floor":13},{"not_picked":["champ:BladeFlurry","champ:GladiatorsShout"],"picked":"champ:HoldFirm","floor":14},{"not_picked":["champ:Encircle","champ:StanceDance"],"picked":"champ:PerfectedStrike","floor":15},{"not_picked":["champ:LastStand","champ:Devastate"],"picked":"champ:ShieldThrow","floor":16},{"not_picked":["champ:GladiatorsShout","champ:FlashCut"],"picked":"champ:SwordSigil","floor":19},{"not_picked":["champ:TornadoPunch","champ:FlashCut"],"picked":"champ:Circumvent","floor":20},{"not_picked":["champ:StanceDance","champ:Shatter","champ:PreciseThrust"],"picked":"SKIP","floor":22},{"not_picked":["champ:Improvising","champ:TornadoPunch"],"picked":"champ:SkillfulDodge+1","floor":23},{"not_picked":["champ:AdrenalArmor","champ:Lariat","champ:RageSigil"],"picked":"SKIP","floor":25},{"not_picked":["champ:RageSigil","champ:RapidStrikes","champ:Haymaker+1"],"picked":"SKIP","floor":27},{"not_picked":["champ:EnchantCrown","champ:Circumvent","champ:DefensiveStyle"],"picked":"SKIP","floor":28},{"not_picked":["champ:ViciousMockery","champ:FocusedGladiator","champ:ShieldSigil+1"],"picked":"SKIP","floor":30},{"not_picked":["champ:CrookedStrike","champ:PreciseThrust","champ:SkillfulDodge+1"],"picked":"SKIP","floor":32},{"not_picked":["champ:Backstep+1","champ:BladeFlurry","champ:BerserkersShout"],"picked":"SKIP","floor":36},{"not_picked":["champ:FlashCut+1","champ:Aggression","champ:FanOfKnives"],"picked":"SKIP","floor":37},{"not_picked":["champ:BringItOn","champ:GladiatorStyle","champ:GladiatorsShout","champ:Haymaker+1"],"picked":"SKIP","floor":39},{"not_picked":["champ:FocusedGladiator+1","champ:RageSigil","champ:GladiatorStyle","champ:EndlessRage+1"],"picked":"SKIP","floor":40},{"not_picked":["champ:RapidStrikes","champ:RageSigil","champ:SkillfulDodge+1","champ:FlashCut+1"],"picked":"SKIP","floor":43},{"not_picked":["champ:DefensiveShout","champ:Encircle+1","champ:FlashCut+1"],"picked":"champ:FalseCounter","floor":45},{"not_picked":["champ:Riposte","champ:FocusedBerserking+1","champ:Haymaker+1","champ:GladiatorsShout"],"picked":"SKIP","floor":46},{"not_picked":["champ:Lariat","champ:IronFortress+1","champ:StanceDance"],"picked":"champ:DefensiveStyle+1","floor":48},{"not_picked":["champ:Circumvent","champ:AdrenalArmor","champ:Haymaker+1","champ:ArenaPreparation"],"picked":"SKIP","floor":49}],"player_experience":190938,"relics_obtained":[{"floor":7,"key":"MawBank"},{"floor":10,"key":"FossilizedHelix"},{"floor":11,"key":"Mummified Hand"},{"floor":13,"key":"Omamori"},{"floor":23,"key":"Darkstone Periapt"},{"floor":24,"key":"HornCleat"},{"floor":25,"key":"Mercury Hourglass"},{"floor":30,"key":"Blood Vial"},{"floor":38,"key":"Question Card"},{"floor":41,"key":"champ:DefensiveTrainingManual"},{"floor":43,"key":"Frozen Egg 2"},{"floor":45,"key":"Happy Flower"},{"floor":48,"key":"InkBottle"}],"event_choices":[{"cards_removed":["champ:SwordSigil"],"damage_healed":0,"gold_gain":0,"player_choice":"Take \u0026 Give","damage_taken":0,"max_hp_gain":0,"max_hp_loss":0,"event_name":"betterNote:BetterNote","floor":29,"gold_loss":0,"cards_obtained":["Apotheosis"]}],"is_beta":false,"boss_relics":[{"not_picked":["Empty Cage","Runic Pyramid"],"picked":"Cursed Key"},{"not_picked":["Runic Dome","SacredBark"],"picked":"Philosopher\u0027s Stone"}],"items_purged_floors":[28,40],"is_endless":false,"potions_floor_spawned":[3,8,11,12,13,14,20,22,27,30,32,37,39,45,46],"ascension_level":2}}