{"host":"asvo3lww92cpth4d","time":1608717690,"event":{"mods":["AchievementEnabler","Act Like it!","Aspiration","BaseMod","Colored Map","Conspire","Downfall","Duelist Mod","GifTheSpireLib","GungeonMod","Halation","Hubris","Hyrulean Relics","Infinite Spire","Jedi Mod","Lobotomy","Minty Spire (QoL Compilation)","Rare Cards Sparkle","Replay The Spire","SCP261 Mod","Shop Mod","Spikes Relics","Spires And Sneckos","StSLib","Stuff the Spire","The Factory","The Jungle","The Kombatant","The Necromancer","The Wild Card","TheArtist","TheHero","vexMod"],"gold_per_floor":[139,40,58,71,90,90,125,137,137,137,157,157,171,191,191,288,288,306,323,339,183,183,183,183],"floor_reached":23,"playtime":2142,"items_purged":[],"score":222,"play_id":"e0f2d1d0-5a0b-41b4-9826-2506b7dcd9bf","local_time":"20201223210130","is_ascension_mode":false,"campfire_choices":[{"floor":6,"key":"REST"},{"data":"theDuelist:SwampFrog","floor":15,"key":"SMITH"}],"circlet_count":0,"master_deck":["theDuelist:SevenColoredFish","theDuelist:SevenColoredFish","theDuelist:AquaSpirit","theDuelist:CastleWalls","theDuelist:CastleWalls","theDuelist:IslandTurtle","theDuelist:RevivalJam","theDuelist:Sparks","theDuelist:Sparks","theDuelist:GishkiAriel","theDuelist:FishKicks","theDuelist:SwampFrog+1","theDuelist:Umi","theDuelist:MorayGreed","theDuelist:Wingedtortoise","theDuelist:RevivalJam","theDuelist:GishkiMarker","theDuelist:WaterHazard","theDuelist:AbyssWarrior","theDuelist:GemKnightAmethyst","theDuelist:DewlorenTigerKing","theDuelist:CyberShark+1","Jack Of All Trades+1","theDuelist:NimbleAngler","theDuelist:AtlanteanHeavyInfantry"],"relics":["theDuelist:MillenniumPuzzle","theDuelist:CardPoolRelic","theDuelist:CardPoolBasicRelic","theDuelist:BoosterPackPoolRelic","theDuelist:CardPoolAddRelic","theDuelist:CardPoolMinusRelic","theDuelist:CardPoolSaveRelic","theDuelist:CardPoolOptionsRelic","theDuelist:WhiteBowlRelic","Pantograph","HoveringKite"],"acts_visited":["Exordium","TheCity"],"potions_floor_usage":[20,23],"damage_taken":[{"damage":4,"enemies":"conspire:RoseBush","floor":1,"turns":2},{"damage":9,"enemies":"2 Louse","floor":3,"turns":3},{"damage":0,"enemies":"Cultist","floor":4,"turns":3},{"damage":11,"enemies":"Exordium Thugs","floor":5,"turns":3},{"damage":0,"enemies":"3 Sentries","floor":7,"turns":8},{"damage":0,"enemies":"Looter","floor":8,"turns":3},{"damage":1,"enemies":"Blue Slaver","floor":11,"turns":3},{"damage":1,"enemies":"2 Fungi Beasts","floor":13,"turns":4},{"damage":0,"enemies":"Looter","floor":14,"turns":3},{"damage":24,"enemies":"Slime Boss","floor":16,"turns":10},{"damage":19,"enemies":"conspire:FuzzyDice","floor":18,"turns":5},{"damage":34,"enemies":"3 Byrds","floor":19,"turns":7},{"damage":8,"enemies":"conspire:HollyBat","floor":20,"turns":7},{"damage":33,"enemies":"Snake Plant","floor":23,"turns":4}],"seed_played":"3701070494476816263","potions_obtained":[{"floor":5,"key":"Elixir"},{"floor":8,"key":"Adrenaline Potion"},{"floor":11,"key":"Strength Potion"},{"floor":19,"key":"theDuelist:MillenniumElixir"},{"floor":20,"key":"SteroidPotion"}],"is_trial":false,"path_per_floor":["M","$","M","M","M","R","E","M","T","?","M","$","M","M","R","B",null,"M","M","M","$","?","M"],"character_chosen":"THE_DUELIST","items_purchased":["theDuelist:SwampFrog","theDuelist:Umi","theDuelist:NimbleAngler","theDuelist:AtlanteanHeavyInfantry"],"campfire_rested":1,"item_purchase_floors":[2,2,21,21],"current_hp_per_floor":[76,76,67,67,56,80,80,80,80,80,79,79,78,78,78,56,80,61,27,19,19,27,0,0],"gold":183,"neow_bonus":"RANDOM_EVENT","is_daily":false,"chose_seed":false,"campfire_upgraded":1,"win_rate":0.0,"timestamp":1608717690,"path_taken":["M","$","M","M","M","R","E","M","T","?","M","$","M","M","R","BOSS","M","M","M","$","?","M"],"items_purchased_type":["Card","Card","Card","Card"],"build_version":"2020-12-22","purchased_purges":0,"victory":false,"max_hp_per_floor":[80,80,80,80,80,80,80,80,80,80,80,80,80,80,80,80,80,80,80,80,80,80,80,80],"card_choices":[{"not_picked":["theDuelist:DiamondDust","theDuelist:Wetlands","theDuelist:FishSwaps","theDuelist:WaterHazard"],"picked":"theDuelist:FishKicks","floor":1},{"not_picked":["theDuelist:SplashCapture","theDuelist:LostBlueBreaker","theDuelist:EvigishkiLevianima","theDuelist:ColdEnchanter"],"picked":"theDuelist:MorayGreed","floor":3},{"not_picked":["theDuelist:LeviaDragon","theDuelist:IceHand","theDuelist:BubbleBringer","theDuelist:Monokeros"],"picked":"theDuelist:Wingedtortoise","floor":4},{"not_picked":["theDuelist:AbyssWarrior","theDuelist:OhFish","theDuelist:GishkiBeast","theDuelist:NimbleSunfish"],"picked":"theDuelist:RevivalJam","floor":5},{"not_picked":["theDuelist:FishKicks","theDuelist:DiamondDust","theDuelist:FishSwaps","theDuelist:BigWaveSmallWave","theDuelist:Wetlands"],"picked":"SKIP","floor":7},{"not_picked":["theDuelist:GishkiNoellia","theDuelist:PreventRat","theDuelist:GishkiAquamirror","theDuelist:ChangeHeart"],"picked":"theDuelist:GishkiMarker","floor":8},{"not_picked":["theDuelist:SharkStickers","theDuelist:CatapultTurtle","theDuelist:AegisOceanDragon"],"picked":"theDuelist:WaterHazard","floor":11},{"not_picked":["theDuelist:GiantTurtle","theDuelist:EnchantingMermaid","theDuelist:GishkiAvance","theDuelist:DiamondDust"],"picked":"theDuelist:AbyssWarrior","floor":13},{"not_picked":["theDuelist:AbyssWarrior","theDuelist:AbyssDweller","theDuelist:Skystarray","theDuelist:OldWhiteTurtle"],"picked":"theDuelist:GemKnightAmethyst","floor":14},{"not_picked":["theDuelist:TorrentialReborn","theDuelist:SeaLordAmulet","theDuelist:EvigishkiLevianima","theDuelist:AquaactressArowana"],"picked":"theDuelist:DewlorenTigerKing","floor":16},{"not_picked":["theDuelist:GishkiAvance+1","theDuelist:AbyssWarrior","theDuelist:GraydleSlime+1","theDuelist:ArmoredStarfish"],"picked":"theDuelist:CyberShark+1","floor":18},{"not_picked":["theDuelist:LeviairSeaDragon+1","theDuelist:GishkiReliever","theDuelist:AbyssWarrior","theDuelist:HumanoidSlime","theDuelist:DiamondDust"],"picked":"SKIP","floor":19},{"not_picked":["Magnetism+1","Panache","Transmutation"],"picked":"Jack Of All Trades+1","floor":20}],"player_experience":179204,"relics_obtained":[{"floor":7,"key":"theDuelist:WhiteBowlRelic"},{"floor":9,"key":"Pantograph"}],"event_choices":[{"damage_healed":0,"gold_gain":0,"cards_transformed":["theDuelist:IslandTurtle"],"player_choice":"Change","damage_taken":0,"max_hp_gain":0,"max_hp_loss":0,"event_name":"Living Wall","floor":0,"gold_loss":0,"cards_obtained":["theDuelist:GishkiAriel"]},{"damage_healed":0,"gold_gain":0,"player_choice":"Ignored","damage_taken":0,"max_hp_gain":0,"max_hp_loss":0,"event_name":"Liars Game","floor":10,"gold_loss":0}],"is_beta":false,"boss_relics":[{"not_picked":["Black Star","vexMod:CursedCompass"],"picked":"HoveringKite"}],"items_purged_floors":[],"is_endless":false,"potions_floor_spawned":[5,8,11,14,19,20],"killed_by":"Snake Plant","ascension_level":0}}