{"host":"tzyzz5n7hg2ni9q2","time":1608754161,"event":{"mods":["BaseMod","Minty Spire (QoL Compilation)","Quick Restart"],"gold_per_floor":[212,37,56,56,74,103,103,123,202,202,234,234,266,280,280,381,381,400,418,437,453,453,453,473,473,473,473,506,522,301,301,301,301,301],"floor_reached":33,"playtime":1559,"items_purged":["Strike_R"],"score":355,"play_id":"fac23bbe-c61a-4909-82c5-7d112d293a07","local_time":"20201223210921","is_ascension_mode":true,"campfire_choices":[{"data":"Armaments","floor":7.0,"key":"SMITH"},{"floor":10.0,"key":"REST"},{"data":"Uppercut","floor":12.0,"key":"SMITH"},{"floor":15.0,"key":"REST"},{"data":"Berserk","floor":23.0,"key":"SMITH"},{"floor":25.0,"key":"REST"},{"data":"Shrug It Off","floor":27.0,"key":"SMITH"},{"floor":32.0,"key":"REST"}],"circlet_count":0,"master_deck":["Strike_R","Strike_R","Strike_R","Strike_R","Defend_R","Defend_R","Defend_R","Defend_R","Bash","Flame Barrier","Armaments+1","Shrug It Off+1","Reaper","Twin Strike","Uppercut+1","Entrench+1","Berserk+1","Body Slam","Shrug It Off+1","True Grit+1","Inflame+1"],"relics":["Burning Blood","MealTicket","Mango","Potion Belt","Darkstone Periapt","Blood Vial","Centennial Puzzle","Black Star","FossilizedHelix","Bag of Marbles","Calipers","Strawberry","Toy Ornithopter"],"acts_visited":["Exordium","TheCity"],"potions_floor_usage":[33,33],"damage_taken":[{"damage":7.0,"enemies":"Jaw Worm","floor":1.0,"turns":3.0},{"damage":0.0,"enemies":"2 Louse","floor":3.0,"turns":3.0},{"damage":0.0,"enemies":"Small Slimes","floor":5.0,"turns":3.0},{"damage":38.0,"enemies":"Gremlin Nob","floor":6.0,"turns":5.0},{"damage":30.0,"enemies":"Exordium Thugs","floor":8.0,"turns":9.0},{"damage":36.0,"enemies":"3 Sentries","floor":11.0,"turns":10.0},{"damage":36.0,"enemies":"Lagavulin","floor":13.0,"turns":8.0},{"damage":3.0,"enemies":"Looter","floor":14.0,"turns":4.0},{"damage":72.0,"enemies":"Hexaghost","floor":16.0,"turns":14.0},{"damage":25.0,"enemies":"Shell Parasite","floor":18.0,"turns":8.0},{"damage":24.0,"enemies":"3 Byrds","floor":19.0,"turns":4.0},{"damage":25.0,"enemies":"Snecko","floor":20.0,"turns":6.0},{"damage":31.0,"enemies":"3 Cultists","floor":21.0,"turns":7.0},{"damage":23.0,"enemies":"Sentry and Sphere","floor":24.0,"turns":9.0},{"damage":59.0,"enemies":"Slavers","floor":28.0,"turns":9.0},{"damage":13.0,"enemies":"Snecko","floor":29.0,"turns":7.0},{"damage":62,"enemies":"Collector","floor":33,"turns":7}],"seed_played":"2885421409942429974","potions_obtained":[{"floor":1.0,"key":"Dexterity Potion"},{"floor":3.0,"key":"FairyPotion"},{"floor":5.0,"key":"Block Potion"},{"floor":16.0,"key":"EssenceOfSteel"},{"floor":19.0,"key":"Block Potion"},{"floor":20.0,"key":"EssenceOfSteel"},{"floor":21.0,"key":"CultistPotion"},{"floor":24.0,"key":"LiquidMemories"}],"is_trial":false,"path_per_floor":["M","$","M","?","M","E","R","M","T","R","E","R","E","M","R","B",null,"M","M","M","M","?","R","M","R","T","R","E","M","$","?","R","B"],"character_chosen":"IRONCLAD","items_purchased":["MealTicket","Armaments","Toy Ornithopter"],"campfire_rested":4,"item_purchase_floors":[2,2,30],"current_hp_per_floor":[79,79,80,82,88,56,56,39,39,67,49,49,27,39,67,31,94,75,65,53,38,38,38,27,55,55,55,29,29,44,44,74,24,24],"gold":301,"neow_bonus":"HUNDRED_GOLD","is_daily":false,"chose_seed":false,"campfire_upgraded":4,"win_rate":0.0,"timestamp":1608754161,"path_taken":["M","$","M","?","M","E","R","M","T","R","E","R","E","M","R","BOSS","M","M","M","M","?","R","M","R","T","R","E","M","$","?","R","BOSS"],"items_purchased_type":["Relic","Card","Relic"],"build_version":"2020-12-22","purchased_purges":1,"victory":false,"max_hp_per_floor":[80,80,80,94,94,94,94,94,94,94,94,94,94,94,94,94,94,94,94,94,94,94,94,94,94,94,94,101,101,101,101,101,101,101],"card_choices":[{"not_picked":["Blood for Blood","Havoc"],"picked":"Flame Barrier","floor":1.0},{"not_picked":["Seeing Red","Twin Strike"],"picked":"Shrug It Off","floor":3.0},{"not_picked":["Havoc","Clash","Clothesline"],"picked":"SKIP","floor":5.0},{"not_picked":["Havoc","Rampage"],"picked":"Reaper","floor":6.0},{"not_picked":["Wild Strike","Rage"],"picked":"Twin Strike","floor":8.0},{"not_picked":["Impervious","Cleave"],"picked":"Uppercut","floor":11.0},{"not_picked":["Havoc","Reckless Charge","Sword Boomerang"],"picked":"SKIP","floor":13.0},{"not_picked":["Heavy Blade","Clothesline"],"picked":"Entrench","floor":14.0},{"not_picked":["Double Tap","Limit Break"],"picked":"Berserk","floor":16.0},{"not_picked":["Perfected Strike","Headbutt"],"picked":"Body Slam","floor":18.0},{"not_picked":["Heavy Blade","Reckless Charge","Anger+1"],"picked":"SKIP","floor":19.0},{"not_picked":["Combust","Uppercut+1"],"picked":"Shrug It Off+1","floor":20.0},{"not_picked":["Sword Boomerang","Burning Pact+1"],"picked":"True Grit+1","floor":21.0},{"not_picked":["Clothesline","Bloodletting","True Grit"],"picked":"SKIP","floor":24.0},{"not_picked":["Spot Weakness+1","Feed","Perfected Strike"],"picked":"SKIP","floor":28.0},{"not_picked":["Pommel Strike","Thunderclap"],"picked":"Inflame+1","floor":29.0}],"player_experience":183021,"relics_obtained":[{"floor":6.0,"key":"Potion Belt"},{"floor":9.0,"key":"Darkstone Periapt"},{"floor":11.0,"key":"Blood Vial"},{"floor":13.0,"key":"Centennial Puzzle"},{"floor":26.0,"key":"Bag of Marbles"},{"floor":28.0,"key":"Calipers"},{"floor":28.0,"key":"Strawberry"}],"event_choices":[{"damage_healed":0.0,"max_hp_gain":0.0,"max_hp_loss":0.0,"gold_gain":0.0,"event_name":"Scrap Ooze","player_choice":"Success","floor":4.0,"gold_loss":0.0,"damage_taken":12.0,"relics_obtained":["Mango"]},{"damage_healed":0.0,"max_hp_gain":0.0,"max_hp_loss":0.0,"gold_gain":0.0,"event_name":"The Mausoleum","player_choice":"Opened","floor":22.0,"gold_loss":0.0,"damage_taken":0.0,"relics_obtained":["FossilizedHelix"]},{"damage_healed":0.0,"max_hp_gain":0.0,"max_hp_loss":0.0,"gold_gain":0.0,"event_name":"Upgrade Shrine","player_choice":"Upgraded","floor":31.0,"gold_loss":0.0,"damage_taken":0.0,"cards_upgraded":["Entrench"]}],"is_beta":false,"boss_relics":[{"not_picked":["SlaversCollar","Runic Cube"],"picked":"Black Star"}],"items_purged_floors":[30],"is_endless":false,"potions_floor_spawned":[1,3,5,16,19,20,21,24],"killed_by":"Collector","ascension_level":3}}