{"host":"fxrgx7wt2cpkbhka","time":1608717198,"event":{"mods":["AchievementEnabler","BaseMod","Colored Powertips","Minty Spire (QoL Compilation)","Permanent Neow","Slay-I","StSLib","Waifu the Spire"],"gold_per_floor":[114,189,189,206,206,206,231,231,231,264,283,283,283,299,299,376,376,389,4,18,33,0,0,20,20,20,20,20,20,20,39,39,39,39],"floor_reached":33,"playtime":1671,"items_purged":[],"score":417,"play_id":"d66ae43c-6900-4c00-af43-cde1cae4655d","local_time":"20201223015318","is_ascension_mode":true,"campfire_choices":[{"floor":6,"key":"REST"},{"floor":8,"key":"REST"},{"floor":13,"key":"REST"},{"data":"Zap","floor":15,"key":"SMITH"},{"data":"White Noise","floor":23,"key":"SMITH"},{"floor":25,"key":"REST"},{"floor":27,"key":"REST"},{"floor":32,"key":"REST"}],"circlet_count":0,"master_deck":["AscendersBane","Strike_B+1","Strike_B+1","Strike_B+1","Defend_B+1","Defend_B+1","Defend_B+1","Defend_B+1","Zap+1","Dualcast+1","Coolheaded","BootSequence+1","Cold Snap","Conserve Battery","Buffer","Glacier","Capacitor","FTL","White Noise+1","BootSequence"],"relics":["Cracked Core","Nunchaku","Toy Ornithopter","War Paint","Orichalcum","Runic Pyramid","Calipers","HornCleat","Enchiridion"],"acts_visited":["Exordium","TheCity"],"potions_floor_usage":[7,10,16,21,33,33,33,33],"damage_taken":[{"damage":0,"enemies":"Small Slimes","floor":1,"turns":3},{"damage":7,"enemies":"Cultist","floor":4,"turns":5},{"damage":45,"enemies":"3 Sentries","floor":7,"turns":14},{"damage":28,"enemies":"Lagavulin","floor":10,"turns":10},{"damage":0,"enemies":"2 Louse","floor":11,"turns":2},{"damage":3,"enemies":"2 Fungi Beasts","floor":14,"turns":4},{"damage":46,"enemies":"Hexaghost","floor":16,"turns":15},{"damage":15,"enemies":"3 Byrds","floor":18,"turns":7},{"damage":0,"enemies":"Chosen","floor":20,"turns":11},{"damage":28,"enemies":"Snecko","floor":21,"turns":12},{"damage":18,"enemies":"Chosen and Byrds","floor":24,"turns":10},{"damage":9,"enemies":"Centurion and Healer","floor":31,"turns":11},{"damage":98,"enemies":"Automaton","floor":33,"turns":18}],"seed_played":"-6285303436533245894","potions_obtained":[{"floor":4,"key":"Swift Potion"},{"floor":7,"key":"LiquidMemories"},{"floor":14,"key":"LiquidBronze"},{"floor":16,"key":"Dexterity Potion"},{"floor":18,"key":"PowerPotion"},{"floor":30,"key":"EntropicBrew"}],"is_trial":false,"path_per_floor":["M","?","?","M","?","R","E","R","T","E","M","?","R","M","R","B",null,"M","$","M","M","?","R","M","R","T","R","?","?","?","M","R","B"],"character_chosen":"DEFECT","items_purchased":["Calipers","Capacitor"],"campfire_rested":6,"item_purchase_floors":[19,19],"current_hp_per_floor":[68,57,57,50,32,54,9,31,31,8,8,33,55,52,52,11,59,44,44,44,21,21,21,3,25,25,47,31,31,31,22,44,0,0],"gold":39,"neow_bonus":"UPGRADE_CARD","is_daily":false,"chose_seed":false,"campfire_upgraded":2,"win_rate":0.0,"timestamp":1608717198,"path_taken":["M","?","?","?","?","R","E","R","T","E","M","?","R","M","R","BOSS","M","$","M","M","?","R","M","R","T","R","?","?","?","?","R","BOSS"],"items_purchased_type":["Relic","Card"],"build_version":"2020-12-22","purchased_purges":0,"victory":false,"max_hp_per_floor":[75,75,75,75,75,75,75,75,75,75,75,75,75,75,75,75,75,75,75,75,75,75,75,75,75,75,75,75,75,75,75,75,75,75],"card_choices":[{"not_picked":["Streamline","Conserve Battery"],"picked":"Coolheaded","floor":1},{"not_picked":["Gash","Turbo"],"picked":"BootSequence","floor":4},{"not_picked":["Rebound","Doom and Gloom","Reboot"],"picked":"SKIP","floor":7},{"not_picked":["Stack","Leap"],"picked":"Cold Snap","floor":10},{"not_picked":["Scrape","Steam","Rebound"],"picked":"SKIP","floor":11},{"not_picked":["Compile Driver","Scrape"],"picked":"Conserve Battery","floor":14},{"not_picked":["Meteor Strike","Core Surge"],"picked":"Buffer","floor":16},{"not_picked":["Go for the Eyes","Ball Lightning"],"picked":"Glacier","floor":18},{"not_picked":["Rebound","Steam"],"picked":"FTL","floor":20},{"not_picked":["Gash","Fusion"],"picked":"White Noise","floor":21},{"not_picked":["Compile Driver","Beam Cell+1"],"picked":"BootSequence","floor":24},{"not_picked":["Coolheaded","Steam Power","Lockon"],"picked":"SKIP","floor":31}],"player_experience":672618,"relics_obtained":[{"floor":7,"key":"Toy Ornithopter"},{"floor":9,"key":"War Paint"},{"floor":10,"key":"Orichalcum"},{"floor":26,"key":"HornCleat"},{"floor":28,"key":"Enchiridion"}],"event_choices":[{"damage_healed":0,"gold_gain":75,"player_choice":"Gather Gold","damage_taken":11,"max_hp_gain":0,"max_hp_loss":0,"event_name":"World of Goop","floor":2,"gold_loss":0},{"cards_removed":["Strike_B"],"damage_healed":0,"gold_gain":0,"player_choice":"Purged","damage_taken":0,"max_hp_gain":0,"max_hp_loss":0,"event_name":"Purifier","floor":3,"gold_loss":0},{"damage_healed":0,"gold_gain":0,"player_choice":"Success","damage_taken":18,"relics_obtained":["Nunchaku"],"max_hp_gain":0,"max_hp_loss":0,"event_name":"Scrap Ooze","floor":5,"gold_loss":0},{"damage_healed":25,"gold_gain":0,"player_choice":"Banana","damage_taken":0,"max_hp_gain":0,"max_hp_loss":0,"event_name":"Big Fish","floor":12,"gold_loss":0},{"damage_healed":0,"gold_gain":0,"player_choice":"Paid Fearfully","damage_taken":0,"max_hp_gain":0,"max_hp_loss":0,"event_name":"Masked Bandits","floor":22,"gold_loss":33},{"damage_healed":0,"gold_gain":0,"player_choice":"Obtained Book","damage_taken":16,"max_hp_gain":0,"max_hp_loss":0,"event_name":"Cursed Tome","floor":28,"gold_loss":0},{"damage_healed":0,"gold_gain":0,"player_choice":"Simplicity","damage_taken":0,"max_hp_gain":0,"max_hp_loss":0,"event_name":"Back to Basics","floor":29,"gold_loss":0,"cards_upgraded":["Strike_B","Strike_B","Strike_B","Defend_B","Defend_B","Defend_B"]},{"damage_healed":0,"gold_gain":0,"player_choice":"Got Potions","damage_taken":0,"max_hp_gain":0,"max_hp_loss":0,"event_name":"Lab","floor":30,"gold_loss":0}],"is_beta":false,"boss_relics":[{"not_picked":["SacredBark","Empty Cage"],"picked":"Runic Pyramid"}],"items_purged_floors":[],"is_endless":false,"potions_floor_spawned":[4,7,14,16,18],"killed_by":"Automaton","ascension_level":13}}