{"host":"icu9bzloi3moo4ss","time":1608745607,"event":{"mods":["Act Like it!","BaseMod","Minty Spire (QoL Compilation)","Robot Space Explorer","StSLib"],"gold_per_floor":[117,117,16,31,45,45,70,90,90,108,122,122,135,60,60,163,163,153,173,73,84,84,84,97,97,120,132,158,180,205,217,229,339,351,381,404,416,438,460,507,519,87,136,148,148,166,166,166,166,166],"floor_reached":51,"playtime":3879,"items_purged":["RobotSpaceExplorer:Strike","RobotSpaceExplorer:Strike"],"score":635,"play_id":"24c1707f-75e4-4e94-b000-db282afcc2d1","local_time":"20201223204647","is_ascension_mode":false,"campfire_choices":[{"data":"RobotSpaceExplorer:Pulsar","floor":6,"key":"SMITH"},{"data":"RobotSpaceExplorer:StarDust","floor":15,"key":"SMITH"},{"data":"RobotSpaceExplorer:Calculate","floor":23,"key":"SMITH"},{"floor":25,"key":"REST"},{"data":"RobotSpaceExplorer:Smokescreen","floor":27,"key":"SMITH"},{"data":"RobotSpaceExplorer:DroneSwarm","floor":32,"key":"SMITH"},{"data":"RobotSpaceExplorer:SurgingShield","floor":41,"key":"SMITH"},{"data":"RobotSpaceExplorer:Comet","floor":45,"key":"SMITH"},{"data":"RobotSpaceExplorer:Comet","floor":47,"key":"SMITH"},{"floor":49,"key":"REST"}],"circlet_count":0,"master_deck":["RobotSpaceExplorer:Strike","RobotSpaceExplorer:Strike","RobotSpaceExplorer:Defend","RobotSpaceExplorer:Defend","RobotSpaceExplorer:Defend","RobotSpaceExplorer:Defend","RobotSpaceExplorer:Scan","RobotSpaceExplorer:MiniLasers","RobotSpaceExplorer:PowerGlove","RobotSpaceExplorer:Pulsar+1","RobotSpaceExplorer:SurgingStrike","RobotSpaceExplorer:SurgingShield+1","RobotSpaceExplorer:Calculate+1","RobotSpaceExplorer:FreezeRay","RobotSpaceExplorer:StarDust+1","RobotSpaceExplorer:DroneSwarm+1","RobotSpaceExplorer:MiniDrones","RobotSpaceExplorer:Smokescreen+1","RobotSpaceExplorer:GearShield+1","RobotSpaceExplorer:IronShell+1","RobotSpaceExplorer:GearShield","RobotSpaceExplorer:Comet+1","RobotSpaceExplorer:IronShell+1","RobotSpaceExplorer:Comet+1"],"relics":["RobotSpaceExplorer:TurboCore","NeowsBlessing","NlothsMask","Juzu Bracelet","Runic Dome","MawBank","Kunai","Turnip","Toy Ornithopter"],"acts_visited":["Exordium","TheCity","TheBeyond"],"potions_floor_usage":[8,21,40,40,40,40,40,44,50,50],"damage_taken":[{"damage":0,"enemies":"2 Louse","floor":1,"turns":1},{"damage":0,"enemies":"Cultist","floor":4,"turns":1},{"damage":0,"enemies":"Jaw Worm","floor":5,"turns":1},{"damage":22,"enemies":"Lagavulin","floor":7,"turns":9},{"damage":12,"enemies":"Exordium Thugs","floor":8,"turns":5},{"damage":0,"enemies":"Large Slime","floor":10,"turns":6},{"damage":11,"enemies":"3 Louse","floor":11,"turns":3},{"damage":2,"enemies":"Gremlin Gang","floor":13,"turns":6},{"damage":40,"enemies":"The Guardian","floor":16,"turns":9},{"damage":20,"enemies":"2 Thieves","floor":18,"turns":4},{"damage":10,"enemies":"Shell Parasite","floor":19,"turns":6},{"damage":11,"enemies":"Sentry and Sphere","floor":21,"turns":4},{"damage":19,"enemies":"Snake Plant","floor":24,"turns":4},{"damage":2,"enemies":"Shelled Parasite and Fungi","floor":28,"turns":6},{"damage":14,"enemies":"Centurion and Healer","floor":29,"turns":6},{"damage":0,"enemies":"Cultist and Chosen","floor":30,"turns":7},{"damage":19,"enemies":"Automaton","floor":33,"turns":9},{"damage":0,"enemies":"3 Shapes","floor":35,"turns":5},{"damage":0,"enemies":"Orb Walker","floor":36,"turns":4},{"damage":0,"enemies":"Maw","floor":38,"turns":7},{"damage":3,"enemies":"3 Darklings","floor":39,"turns":6},{"damage":43,"enemies":"Giant Head","floor":40,"turns":10},{"damage":0,"enemies":"Sphere and 2 Shapes","floor":44,"turns":5},{"damage":3,"enemies":"4 Shapes","floor":46,"turns":4},{"damage":26,"enemies":"Time Eater","floor":50,"turns":9}],"seed_played":"3740764462004200696","potions_obtained":[{"floor":4,"key":"RobotSpaceExplorer:RecyclePotion"},{"floor":8,"key":"Swift Potion"},{"floor":18,"key":"EssenceOfSteel"},{"floor":19,"key":"PowerPotion"},{"floor":33,"key":"EntropicBrew"},{"floor":40,"key":"SkillPotion"},{"floor":44,"key":"AttackPotion"},{"floor":46,"key":"SmokeBomb"}],"is_trial":false,"path_per_floor":["M","?","$","M","M","R","E","M","T","M","M","?","M","$","R","B",null,"M","M","$","M","?","R","M","R","T","R","M","M","M","?","R","B",null,"M","M","?","M","M","E","R","$","T","M","R","M","R","?","R","B",null],"character_chosen":"RobotSpaceExplorer","items_purchased":["RobotSpaceExplorer:Pulsar","RobotSpaceExplorer:SurgingStrike","RobotSpaceExplorer:Comet","Turnip"],"campfire_rested":2,"item_purchase_floors":[3,3,42,42],"current_hp_per_floor":[75,75,75,75,75,75,53,41,41,41,30,85,83,83,83,43,85,65,55,55,44,44,44,25,50,50,50,48,34,34,34,34,15,85,85,85,85,85,82,39,39,39,39,44,44,41,41,41,66,50],"gold":166,"neow_bonus":"THREE_ENEMY_KILL","is_daily":false,"chose_seed":false,"campfire_upgraded":8,"win_rate":0.0,"timestamp":1608745607,"path_taken":["M","?","$","?","M","R","E","M","T","M","M","?","M","?","R","BOSS","M","M","$","M","?","R","M","R","T","R","M","M","M","?","R","BOSS","M","M","?","M","M","E","R","$","T","M","R","M","R","?","R","BOSS"],"items_purchased_type":["Card","Card","Card","Relic"],"build_version":"2020-12-22","purchased_purges":2,"victory":true,"max_hp_per_floor":[75,75,75,75,75,75,75,75,75,75,75,85,85,85,85,85,85,85,85,85,85,85,85,85,85,85,85,85,85,85,85,85,85,85,85,85,85,85,85,85,85,85,85,85,85,85,85,85,85,85],"card_choices":[{"not_picked":["RobotSpaceExplorer:SlimeMissile","RobotSpaceExplorer:MiniDrones"],"picked":"RobotSpaceExplorer:PowerGlove","floor":1},{"not_picked":["RobotSpaceExplorer:ToxicBomb","RobotSpaceExplorer:SwiftStep"],"picked":"RobotSpaceExplorer:SurgingShield","floor":4},{"not_picked":["RobotSpaceExplorer:Probe","RobotSpaceExplorer:TurboDodge"],"picked":"RobotSpaceExplorer:Calculate","floor":5},{"not_picked":["RobotSpaceExplorer:DualCore","RobotSpaceExplorer:GlueSpray"],"picked":"RobotSpaceExplorer:FreezeRay","floor":7},{"not_picked":["RobotSpaceExplorer:ImprovisedAttack","RobotSpaceExplorer:PowerGlove","RobotSpaceExplorer:MiniDrones"],"picked":"SKIP","floor":8},{"not_picked":["RobotSpaceExplorer:FrostMissile","RobotSpaceExplorer:Ammunition"],"picked":"RobotSpaceExplorer:StarDust","floor":10},{"not_picked":["RobotSpaceExplorer:ScrapMissile","RobotSpaceExplorer:ShockKick"],"picked":"RobotSpaceExplorer:BlastShield","floor":11},{"not_picked":["RobotSpaceExplorer:Calculate","RobotSpaceExplorer:FranticSearch","RobotSpaceExplorer:RigExplosive"],"picked":"SKIP","floor":13},{"not_picked":["RobotSpaceExplorer:Explosion","RobotSpaceExplorer:HighVoltage"],"picked":"RobotSpaceExplorer:DroneSwarm","floor":16},{"not_picked":["RobotSpaceExplorer:StunGrenade+1","RobotSpaceExplorer:Ammunition+1"],"picked":"RobotSpaceExplorer:MiniDrones","floor":18},{"not_picked":["RobotSpaceExplorer:SwiftStep+1","RobotSpaceExplorer:StunGrenade","RobotSpaceExplorer:SelfCleaning"],"picked":"SKIP","floor":19},{"not_picked":["RobotSpaceExplorer:Ammunition","RobotSpaceExplorer:PlasmaMissile","RobotSpaceExplorer:Pulsar"],"picked":"SKIP","floor":21},{"not_picked":["RobotSpaceExplorer:StunGrenade","RobotSpaceExplorer:LaserBurst"],"picked":"RobotSpaceExplorer:Smokescreen","floor":24},{"not_picked":["RobotSpaceExplorer:ExhaustFan","RobotSpaceExplorer:ScrapToss"],"picked":"RobotSpaceExplorer:GearShield+1","floor":28},{"not_picked":["RobotSpaceExplorer:SurgingStrike","RobotSpaceExplorer:LaserBurst"],"picked":"RobotSpaceExplorer:IronShell+1","floor":29},{"not_picked":["RobotSpaceExplorer:Pulsar","RobotSpaceExplorer:SlimeMissile+1","RobotSpaceExplorer:LaserBurst"],"picked":"SKIP","floor":30},{"not_picked":["RobotSpaceExplorer:BlastShield","RobotSpaceExplorer:Asteroid"],"picked":"RobotSpaceExplorer:Comet","floor":33},{"not_picked":["RobotSpaceExplorer:MetalStrike+1","RobotSpaceExplorer:SwiftStep+1","RobotSpaceExplorer:ShockKick+1"],"picked":"SKIP","floor":35},{"not_picked":["RobotSpaceExplorer:StunGrenade+1","RobotSpaceExplorer:SurgingStrike+1"],"picked":"RobotSpaceExplorer:IronShell+1","floor":36},{"not_picked":["RobotSpaceExplorer:ShovelStrike+1","RobotSpaceExplorer:GlueShot","RobotSpaceExplorer:SlimeMissile"],"picked":"SKIP","floor":38},{"not_picked":["RobotSpaceExplorer:Ammunition+1","RobotSpaceExplorer:Electroshield","RobotSpaceExplorer:ShockMissile"],"picked":"SKIP","floor":39},{"not_picked":["RobotSpaceExplorer:ImprovisedAttack","RobotSpaceExplorer:FrostMissile+1","RobotSpaceExplorer:ScrapMissile"],"picked":"SKIP","floor":40},{"not_picked":["RobotSpaceExplorer:FreezeRay","RobotSpaceExplorer:Reload","RobotSpaceExplorer:ScrapMissile+1"],"picked":"SKIP","floor":44},{"not_picked":["RobotSpaceExplorer:Probe+1","RobotSpaceExplorer:ScrapMissile+1","RobotSpaceExplorer:SurgingShield"],"picked":"SKIP","floor":46}],"player_experience":637919,"relics_obtained":[{"floor":7,"key":"Juzu Bracelet"},{"floor":26,"key":"MawBank"},{"floor":40,"key":"Kunai"},{"floor":43,"key":"Toy Ornithopter"}],"event_choices":[{"damage_healed":0,"gold_gain":0,"player_choice":"Trade","damage_taken":0,"relics_obtained":["NlothsMask"],"max_hp_gain":0,"max_hp_loss":0,"event_name":"FaceTrader","floor":2,"gold_loss":0},{"cards_removed":["RobotSpaceExplorer:BlastShield"],"damage_healed":45,"gold_gain":0,"player_choice":"Offered Rare","damage_taken":0,"max_hp_gain":10,"max_hp_loss":0,"event_name":"Bonfire Elementals","floor":12,"gold_loss":0},{"damage_healed":0,"gold_gain":0,"player_choice":"Ignored","damage_taken":0,"max_hp_gain":0,"max_hp_loss":0,"event_name":"Vampires","floor":22,"gold_loss":0},{"damage_healed":0,"gold_gain":0,"player_choice":"1 cards matched","damage_taken":0,"max_hp_gain":0,"max_hp_loss":0,"event_name":"Match and Keep!","floor":31,"gold_loss":0,"cards_obtained":["RobotSpaceExplorer:GearShield"]},{"damage_healed":0,"gold_gain":0,"player_choice":"Ignored","damage_taken":0,"max_hp_gain":0,"max_hp_loss":0,"event_name":"Tomb of Lord Red Mask","floor":37,"gold_loss":0},{"damage_healed":0,"gold_gain":0,"player_choice":"Ignored","damage_taken":0,"max_hp_gain":0,"max_hp_loss":0,"event_name":"NoteForYourself","floor":48,"gold_loss":0}],"is_beta":false,"boss_relics":[{"not_picked":["Fusion Hammer","Astrolabe"],"picked":"Runic Dome"},{"not_picked":["Empty Cage","SacredBark"],"picked":"RobotSpaceExplorer:TurboCore"}],"items_purged_floors":[14,20],"is_endless":false,"potions_floor_spawned":[4,8,18,19,33,36,40,44,46],"ascension_level":0}}