{"host":"qm4rv4rkpk76sbxu","time":1608714356,"event":{"mods":["BaseMod","Bestiary","Block Reminder","DeckTracker","Filter the Spire","Keyboard Shortcuts","Minty Spire (QoL Compilation)","MonsterHotkey","Potion Indicator Mod","Quick Restart","Random Character Button","Relic Stats","Slay-I","StSLib","ojb\u0027s Better Paths Mod"],"gold_per_floor":[113,38,113,113,1,36,36,36,36],"floor_reached":8,"playtime":270,"items_purged":["Defend_B"],"score":104,"play_id":"de2200a8-9c1e-4d63-8c67-d485413c22b4","local_time":"20201223100556","is_ascension_mode":true,"campfire_choices":[],"circlet_count":0,"master_deck":["AscendersBane","Strike_B","Strike_B","Defend_B","Defend_B","Defend_B","Zap","Dualcast","Self Repair","Capacitor","Coolheaded"],"relics":["Cracked Core","Bottled Tornado"],"acts_visited":["Exordium"],"potions_floor_usage":[8,8],"damage_taken":[{"damage":2.0,"enemies":"Jaw Worm","floor":1.0,"turns":3.0},{"damage":30.0,"enemies":"Lagavulin","floor":6.0,"turns":7.0},{"damage":34,"enemies":"3 Sentries","floor":8,"turns":5}],"seed_played":"8247657418124255728","potions_obtained":[{"floor":0.0,"key":"Dexterity Potion"},{"floor":0.0,"key":"SteroidPotion"},{"floor":0.0,"key":"LiquidBronze"}],"is_trial":false,"path_per_floor":["M","?","?","$","$","E","?","E"],"character_chosen":"DEFECT","items_purchased":["Capacitor"],"campfire_rested":0,"item_purchase_floors":[5],"current_hp_per_floor":[62,62,51,51,51,28,28,0,0],"gold":36,"neow_bonus":"THREE_SMALL_POTIONS","is_daily":false,"chose_seed":false,"campfire_upgraded":0,"win_rate":0.0,"timestamp":1608714356,"path_taken":["M","?","?","?","$","E","?","E"],"items_purchased_type":["Card"],"build_version":"2020-12-22","purchased_purges":1,"victory":false,"max_hp_per_floor":[71,71,71,71,71,71,71,71,71],"relic_stats":{"counters":[3,15],"obtain_stats":[{"Bottled Tornado":6,"Cracked Core":0},{"Bottled Tornado":2,"Cracked Core":0},{"Bottled Tornado":10,"Cracked Core":0}]},"card_choices":[{"not_picked":["Cold Snap","Go for the Eyes"],"picked":"Self Repair","floor":1.0},{"not_picked":["Aggregate","Rebound"],"picked":"Coolheaded","floor":6.0}],"player_experience":1101543,"relics_obtained":[{"floor":6.0,"key":"Bottled Tornado"}],"event_choices":[{"cards_removed":["Strike_B"],"damage_healed":0.0,"max_hp_gain":0.0,"max_hp_loss":0.0,"gold_gain":0.0,"event_name":"The Cleric","player_choice":"Card Removal","floor":2.0,"gold_loss":75.0,"damage_taken":0.0},{"damage_healed":0.0,"max_hp_gain":0.0,"max_hp_loss":0.0,"gold_gain":75.0,"event_name":"World of Goop","player_choice":"Gather Gold","floor":3.0,"gold_loss":0.0,"damage_taken":11.0},{"cards_removed":["Strike_B"],"damage_healed":0.0,"max_hp_gain":0.0,"max_hp_loss":0.0,"gold_gain":0.0,"event_name":"Bonfire Elementals","player_choice":"Offered Basic","floor":7.0,"gold_loss":0.0,"damage_taken":0.0}],"is_beta":false,"boss_relics":[],"items_purged_floors":[5],"is_endless":false,"potions_floor_spawned":[],"killed_by":"3 Sentries","ascension_level":20}}