{"host":"vvaf77k5q4hdboei","time":1608695942,"event":{"mods":["BaseMod","Block Reminder","Curses Come First","DeckTracker","Hubris","Marisa????????","Minty Spire (QoL Compilation)","Quick Restart","Rare Cards Sparkle","Replay The Spire","Shade Mod","StSLib","The Cursed","The Hierophant","The Marked","The Necromancer","The Servant 0.9.4","The Wild Card"],"gold_per_floor":[110,110,39,39,58,88,88,119,119,19,39,55,74,174,174,272,272,254,271,287,302,402,402,402,402],"floor_reached":24,"playtime":2409,"items_purged":[],"score":208,"play_id":"d8b21192-dc43-45d5-87cb-fc87156d6bd4","local_time":"20201223015902","is_ascension_mode":false,"campfire_choices":[{"data":"Shade:AnimateDead","floor":7,"key":"SMITH"},{"floor":15,"key":"REST"},{"data":"Shade:FreshBones","floor":23,"key":"SMITH"}],"circlet_count":0,"master_deck":["Shade:Strike_Shade","Shade:Strike_Shade","Shade:Strike_Shade","Shade:Strike_Shade","Shade:Defend_Shade","Shade:Defend_Shade","Shade:Defend_Shade","Shade:Defend_Shade","Shade:CarefulCut","Shade:AuraOfUnlife","Shade:SkeletonHug","Shade:ClawBack","hubris:DuctTapeCard","Shade:CommandSoldier","Shade:CallWraith","Shade:FreshBones+1","Shade:SkeletonHug","Shade:CommandSoldier","Shade:GraveStillness","Shade:Frenzy","Shade:CommandSoldier","Shade:ExtraLimbs"],"relics":["Shade:YorickSkull","hubris:Towel","Calipers","Happy Flower","Ornamental Fan","hubris:DuctTape","Replay:Grab Bag","Painkiller Herb","Busted Crown","Black Star","Ring of Chaos"],"acts_visited":["Exordium","TheCity"],"potions_floor_usage":[16,21,21,24],"damage_taken":[{"damage":0,"enemies":"Cultist","floor":1,"turns":3},{"damage":0,"enemies":"2 Louse","floor":5,"turns":4},{"damage":28,"enemies":"Lagavulin","floor":6,"turns":9},{"damage":10,"enemies":"3 Sentries","floor":8,"turns":10},{"damage":2,"enemies":"Small Slimes","floor":11,"turns":4},{"damage":0,"enemies":"Exordium Wildlife","floor":12,"turns":6},{"damage":13,"enemies":"2 Fungi Beasts","floor":13,"turns":4},{"damage":8,"enemies":"Slime Boss","floor":16,"turns":8},{"damage":10,"enemies":"2 Thieves","floor":18,"turns":4},{"damage":6,"enemies":"3 Byrds","floor":19,"turns":2},{"damage":1,"enemies":"Centurion and Healer","floor":20,"turns":7},{"damage":19,"enemies":"3 Cultists","floor":21,"turns":5},{"damage":35,"enemies":"Slavers","floor":24,"turns":3}],"seed_played":"-37373145628893961","potions_obtained":[{"floor":5,"key":"LiquidBronze"},{"floor":8,"key":"LiquidBronze"},{"floor":13,"key":"DistilledChaos"},{"floor":21,"key":"SteroidPotion"}],"is_trial":false,"path_per_floor":["M","?","$","?","M","E","R","E","T","$","M","M","M","?","R","B",null,"?","?","?","?","?","T","E"],"character_chosen":"SHADE","items_purchased":["Shade:AuraOfUnlife","Shade:CommandSoldier","Shade:CallWraith"],"campfire_rested":1,"item_purchase_floors":[3,10,10],"current_hp_per_floor":[71,71,71,68,68,40,40,30,30,30,28,28,15,15,36,28,71,61,55,54,35,35,35,0,0],"gold":402,"neow_bonus":"TEN_PERCENT_HP_BONUS","is_daily":false,"chose_seed":false,"campfire_upgraded":2,"win_rate":0.0,"timestamp":1608695942,"path_taken":["M","?","$","?","M","E","R","E","T","$","M","M","M","?","R","BOSS","?","?","?","?","?","T","E"],"items_purchased_type":["Card","Card","Card"],"build_version":"2020-12-13","purchased_purges":0,"victory":false,"max_hp_per_floor":[71,71,71,71,71,71,71,71,71,71,71,71,71,71,71,71,71,71,71,71,71,71,71,71,71],"card_choices":[{"not_picked":["Shade:FleshToFlesh","Shade:Frenzy"],"picked":"Shade:WallOfFlesh","floor":1},{"not_picked":["Shade:FuneraryArmor","Shade:Consume","Shade:SkeletonHug"],"picked":"SKIP","floor":5},{"not_picked":["Shade:WallOfFlesh","Shade:AncientSpear"],"picked":"Shade:SkeletonHug","floor":6},{"not_picked":["Shade:PotionOfRestlessness","Shade:Bite_Shade"],"picked":"Shade:ClawBack","floor":8},{"not_picked":["Shade:TouchOfTheGrave","Shade:BoneShards"],"picked":"Shade:FreshBones","floor":11},{"not_picked":["Shade:OminousRitual","Shade:SpectralStrikes"],"picked":"Shade:SkeletonHug","floor":12},{"not_picked":["Shade:Premonition","Shade:AncientSpear"],"picked":"Shade:CommandSoldier","floor":13},{"not_picked":[],"picked":"Shade:GraveStillness","floor":18},{"not_picked":[],"picked":"Shade:Frenzy","floor":19},{"not_picked":[],"picked":"Shade:CommandSoldier","floor":20},{"not_picked":[],"picked":"Shade:ExtraLimbs","floor":21}],"player_experience":19022,"relics_obtained":[{"floor":6,"key":"Happy Flower"},{"floor":8,"key":"Ornamental Fan"},{"floor":9,"key":"hubris:DuctTape"}],"event_choices":[{"damage_healed":0,"gold_gain":0,"player_choice":"Success","damage_taken":3,"relics_obtained":["Calipers"],"max_hp_gain":0,"max_hp_loss":0,"event_name":"Scrap Ooze","floor":4,"gold_loss":0},{"damage_healed":0,"gold_gain":100,"player_choice":"Gold","damage_taken":0,"max_hp_gain":0,"max_hp_loss":0,"event_name":"Wheel of Change","floor":14,"gold_loss":0},{"damage_healed":0,"gold_gain":100,"player_choice":"Pray","damage_taken":0,"max_hp_gain":0,"max_hp_loss":0,"event_name":"Golden Shrine","floor":22,"gold_loss":0}],"is_beta":false,"boss_relics":[{"not_picked":["Velvet Choker","hubris:CrackedHourglass"],"picked":"Replay:Grab Bag"},{"not_picked":["hubris:VirtuousBlindfold","Replay:Wanted Poster"],"picked":"Painkiller Herb"},{"not_picked":["ReplayTheSpireMod:DimensionalGlitch","Philosopher\u0027s Stone"],"picked":"Busted Crown"},{"not_picked":["hubris:Backtick","Replay:Drink Me"],"picked":"Black Star"},{"not_picked":["Astrolabe","hubris:BlackHole"],"picked":"Ring of Chaos"}],"items_purged_floors":[],"is_endless":false,"potions_floor_spawned":[5,8,13,21],"killed_by":"Slavers","ascension_level":0}}