{"host":"l66odvkqh04jpxx0","time":1608712926,"event":{"mods":["BaseMod","Colored Powertips","Conspire","Luminous","Minty Spire (QoL Compilation)","Replay The Spire","StSLib","The Construct","The Cursed","The Mystic","The Servant 0.9.4"],"gold_per_floor":[116,66,66,29,104,104,24,36,36,47,47,47,47,47,78,92,92,92,92],"floor_reached":18,"playtime":1611,"items_purged":[],"score":108,"play_id":"8b9f46cb-fe0f-403b-ba55-466f93e8af5d","local_time":"20201223164206","is_ascension_mode":false,"campfire_choices":[{"floor":6,"key":"REST"},{"data":"Luminous:Darks_Surge_Luminous","floor":11,"key":"SMITH"},{"floor":17,"key":"REST"}],"circlet_count":0,"master_deck":["Luminous:Light_Flash_Shower","Luminous:Light_Flash_Shower","Luminous:Light_Flash_Shower","Luminous:Dark_Abyssal_Drop","Luminous:Dark_Abyssal_Drop","Luminous:Dark_Abyssal_Drop","Luminous:Defend_Luminous","Luminous:Defend_Luminous","Luminous:Defend_Luminous","Luminous:Switch_Luminous","Luminous:Dark_Pressure_Void+1","Luminous:Darks_Surge_Luminous","Luminous:Dark_Arcane_Pitch","Luminous:Dark_Extract","Luminous:Darks_Surge_Luminous+1","Luminous:Chaos_Field_Luminous","Luminous:Light_Glare"],"relics":["Luminous:MirrorRelic","Sundial","Replay:Rubber Ducky"],"acts_visited":["Exordium"],"potions_floor_usage":[15],"damage_taken":[{"damage":1,"enemies":"2 Louse","floor":1,"turns":4},{"damage":6,"enemies":"Small Slimes","floor":8,"turns":3},{"damage":5,"enemies":"Jaw Worm","floor":10,"turns":3},{"damage":43,"enemies":"3 Sentries","floor":15,"turns":10},{"damage":9,"enemies":"Blue Slaver","floor":16,"turns":3},{"damage":43,"enemies":"The Guardian","floor":18,"turns":8}],"seed_played":"5802640073802206386","potions_obtained":[{"floor":8,"key":"SpeedPotion"},{"floor":10,"key":"Block Potion"}],"is_trial":false,"path_per_floor":["M","?","?","$","?","R","$","M","T","M","R","?","PTL","PTL","E","M","R","B"],"character_chosen":"LuminousClass","items_purchased":["Luminous:Darks_Surge_Luminous","Luminous:Dark_Arcane_Pitch"],"campfire_rested":2,"item_purchase_floors":[4,7],"current_hp_per_floor":[81,81,81,81,70,82,82,76,76,71,71,71,71,71,28,19,43,0,0],"gold":92,"neow_bonus":"TEN_PERCENT_HP_BONUS","is_daily":false,"chose_seed":false,"campfire_upgraded":1,"win_rate":0.0,"timestamp":1608712926,"path_taken":["M","?","?","$","?","R","?","?","T","M","R","?","PTL","PTL","E","M","R","BOSS"],"items_purchased_type":["Card","Card"],"build_version":"2020-12-22","purchased_purges":0,"victory":false,"max_hp_per_floor":[82,82,82,82,82,82,82,82,82,82,82,82,82,82,82,82,82,82,82],"card_choices":[{"not_picked":["Luminous:Light_Wash_Luminous","Luminous:Dusk_Guard_Luminous"],"picked":"Luminous:Dark_Pressure_Void","floor":1},{"not_picked":["Luminous:Light_Disperse","Luminous:Light_Sylvan_Lance"],"picked":"Luminous:Dark_Extract","floor":8},{"not_picked":["Luminous:Light_Wash_Luminous","Luminous:Accumulation_Luminous"],"picked":"Luminous:Darks_Surge_Luminous","floor":10},{"not_picked":["Luminous:Light_Glare","Luminous:Blinding_Pillar_Luminous"],"picked":"Luminous:Chaos_Field_Luminous","floor":15},{"not_picked":["Luminous:Light_Disperse","Luminous:Light_Sylvan_Lance"],"picked":"Luminous:Light_Glare","floor":16}],"player_experience":1854,"relics_obtained":[{"floor":9,"key":"Sundial"},{"floor":15,"key":"Replay:Rubber Ducky"}],"event_choices":[{"cards_removed":["Luminous:Defend_Luminous"],"damage_healed":0,"gold_gain":0,"player_choice":"Card Removal","damage_taken":0,"max_hp_gain":0,"max_hp_loss":0,"event_name":"The Cleric","floor":2,"gold_loss":50},{"damage_healed":0,"gold_gain":0,"player_choice":"Grow","damage_taken":0,"max_hp_gain":0,"max_hp_loss":0,"event_name":"Living Wall","floor":3,"gold_loss":0,"cards_upgraded":["Luminous:Dark_Pressure_Void"]},{"damage_healed":0,"gold_gain":75,"player_choice":"Gather Gold","damage_taken":11,"max_hp_gain":0,"max_hp_loss":0,"event_name":"World of Goop","floor":5,"gold_loss":0},{"damage_healed":0,"gold_gain":0,"player_choice":"Leave","damage_taken":0,"max_hp_gain":0,"max_hp_loss":0,"event_name":"conspire:Investor","floor":12,"gold_loss":0}],"is_beta":false,"boss_relics":[],"items_purged_floors":[],"is_endless":false,"potions_floor_spawned":[8,10],"killed_by":"The Guardian","ascension_level":0}}