{"host":"i73ch23exsqar74a","time":1608734805,"event":{"mods":["AchievementEnabler","Aspiration","Astrologer","Bard","Bartender","BaseMod","Beaked The Cultist","Better Sensory Stone","CCEM","CapriCore","Challenge The Spire","ChefMod","Chen","Colored Map","Colored Powertips","Conjunction","Conspire","Downfall","Fireblade Mod","FutureSeer","GifTheSpireLib","Glutton Mod","Gremlin Mod","Halation","Hermit","Highlight Path","HololiveMod","Hubris","Infinite Spire","Jedi Mod","Lobotomy","LobotomyExtend","Luminous","Marked Mod","Minty Spire (QoL Compilation)","Prisma Mod","Quarter Circle Forward PUNCH!","Quick Restart","Random Character Button","RatMod","Relic Sorter","Replay The Spire","SOS???????","Shade Mod","Spicy Shops","Spikes Relics","StSLib","Stuff the Spire","The Alterego","The Animator","The Bug Knight","The Construct","The Cursed","The Druid","The Exalted","The Immortal","The Judge","The Poker Player","The Sage","The Wild Card","TheHero","TheSwordswoman","TheVacant","TheVelvet","Thieving Mod","Yuri Mod","vexMod","???Mod??????Boss","???mod?????"],"gold_per_floor":[99,119,119,138,171,171,171,171,204,204,204,239,258,274,289,391,391,391,405,505,524,524,524,549,549,564,20,38,71,71,102,114,212,212,137,150,150,167,265,265,291,141,168,168,184,197,197,227,238,238,238,238,271,8,8,8],"floor_reached":57,"playtime":2955,"items_purged":[],"score":1685,"play_id":"4e71be6b-1fb8-48aa-8125-d7857dff18a0","local_time":"20201223184645","is_ascension_mode":false,"campfire_choices":[{"data":"Jack Of All Trades","floor":1.0,"key":"SMITH"},{"floor":8.0,"key":"REST"},{"data":"champ:BladeFlurry","floor":10.0,"key":"SMITH"},{"data":"champ:DancingMaster","floor":18.0,"key":"SMITH"},{"data":"infinitespire:Punishment","floor":23.0,"key":"SMITH"},{"data":"champ:MurderStrike","floor":25.0,"key":"SMITH"},{"data":"champ:StrikeOfGenius","floor":30.0,"key":"SMITH"},{"floor":35.0,"key":"RECALL"},{"data":"infinitespire:Collect","floor":42.0,"key":"SMITH"},{"data":"champ:PerfectForm","floor":44,"key":"SMITH"},{"data":"champ:LastStand","floor":47,"key":"SMITH"},{"data":"champ:PerfectForm","floor":55,"key":"SMITH"}],"circlet_count":0,"master_deck":["champ:Strike","champ:Strike","champ:Strike","champ:Strike","champ:Defend","champ:Defend","champ:Defend","champ:Defend","champ:Execute","champ:Taunt","Jack Of All Trades+1","champ:TornadoPunch","infinitespire:Punishment+1","champ:CalledShot","champ:Haymaker","champ:BladeFlurry+1","champ:GladiatorsShout","champ:StanceDance","champ:DancingMaster+1","champ:MurderStrike+1","champ:DefensiveStyle","champ:DeathBlow","champ:AdrenalArmor+1","champ:Encircle+1","champ:BladeFlurry","champ:RapidStrikes","champ:DefensiveShout","champ:RisingSlash+1","champ:StrikeOfGenius+1","champ:Backstep+1","champ:GladiatorsShout","champ:CheapShot","champ:StanceDance+1","infinitespire:Collect+1","champ:SteelEdge","champ:HeavySlash","champ:PerfectForm+1","champ:Improvising","champ:LastStand+1","champ:SteelEdge","champ:PerfectForm+1","champ:HoldFirm"],"relics":["champ:ChampionCrown","hubris:Icosahedron","LetterFromLob","halation:KoshaPiece","Replay:Rubber Ducky","aspiration:SeaSaltIceCream","construct:WeddingRing","aspiration:HummingbirdHeart","LaetitiaHeart","Onion Ring","Sandwich","White Beast Statue","Cleaning_Rag","aspiration:Nostalgia","construct:Cogwheel","halation:Jellyphish","Centennial Puzzle","halation:WeightlessCrab","CosmicIsotope","downfall:HeartBlessingGreen","vexMod:GildedClover","PreservedInsect","Bronze Scales","downfall:HeartBlessingBlue","downfall:HeartBlessingRed","Shovel","construct:BoolHorns","Vajra","Membership Card","conspire:DeflatedDodgeball"],"acts_visited":["Exordium","TheCity","TheBeyond","TheEnding"],"potions_floor_usage":[54,56,56],"damage_taken":[{"damage":19.0,"enemies":"Jaw Worm","floor":2.0,"turns":5.0},{"damage":3.0,"enemies":"2 Louse","floor":4.0,"turns":2.0},{"damage":31.0,"enemies":"conspire:MimicChest","floor":5.0,"turns":4.0},{"damage":5.0,"enemies":"3 Sentries","floor":9.0,"turns":5.0},{"damage":0.0,"enemies":"Small Slimes","floor":11.0,"turns":2.0},{"damage":8.0,"enemies":"Lagavulin","floor":12.0,"turns":4.0},{"damage":0.0,"enemies":"Small Slimes","floor":13.0,"turns":1.0},{"damage":0.0,"enemies":"Exordium Wildlife","floor":14.0,"turns":2.0},{"damage":8.0,"enemies":"Exordium Thugs","floor":15.0,"turns":5.0},{"damage":25.0,"enemies":"downfall:Silent","floor":16.0,"turns":7.0},{"damage":6.0,"enemies":"conspire:FuzzyDice","floor":19.0,"turns":4.0},{"damage":13.0,"enemies":"downfall:LadyInBlue","floor":20.0,"turns":8.0},{"damage":18.0,"enemies":"Sentry and Sphere","floor":21.0,"turns":4.0},{"damage":7.0,"enemies":"Cultist and Chosen","floor":26.0,"turns":2.0},{"damage":19.0,"enemies":"downfall:FleeingMerchant","floor":27.0,"turns":4.0},{"damage":11.0,"enemies":"conspire:HollyBat","floor":28.0,"turns":6.0},{"damage":2.0,"enemies":"Nightmare","floor":29.0,"turns":3.0},{"damage":3.0,"enemies":"Gremlin Leader","floor":31.0,"turns":3.0},{"damage":3.0,"enemies":"Centurion and Healer","floor":32.0,"turns":2.0},{"damage":9.0,"enemies":"downfall:Watcher","floor":33.0,"turns":5.0},{"damage":19.0,"enemies":"3 Darklings","floor":36.0,"turns":4.0},{"damage":2.0,"enemies":"3 Shapes","floor":38.0,"turns":3.0},{"damage":2.0,"enemies":"downfall:FleeingMerchant","floor":39.0,"turns":2.0},{"damage":2,"enemies":"Reptomancer","floor":43,"turns":1},{"damage":6,"enemies":"Jaw Worm Horde","floor":45,"turns":4},{"damage":74,"enemies":"4 Shapes","floor":46,"turns":3},{"damage":21,"enemies":"R_Hoarder","floor":48,"turns":3},{"damage":37,"enemies":"Sphere and 2 Shapes","floor":49,"turns":3},{"damage":51,"enemies":"downfall:Ironclad","floor":50,"turns":5},{"damage":31,"enemies":"downfall:CharBossMerchant","floor":53,"turns":2},{"damage":80,"enemies":"downfall:NeowBoss","floor":56,"turns":15}],"seed_played":"-9213389959082901600","potions_obtained":[{"floor":2.0,"key":"Flashbang"},{"floor":4.0,"key":"SkillPotion"},{"floor":5.0,"key":"sagemod:Wine"},{"floor":13.0,"key":"Reflective Coating"},{"floor":20.0,"key":"DistilledChaos"},{"floor":31.0,"key":"Adrenaline Potion"},{"floor":33.0,"key":"Swift Potion"},{"floor":43,"key":"champ:OpenerPotion"}],"is_trial":false,"path_per_floor":["R","M","?","M","?","?","T","R","E","R","M","E","M","M","M","B",null,"R","M","?","M","?","R","T","R","M","$","M","NM","R","E","M","B",null,"R","M","AVR","M","$","?","T","R","E","R","M","M","R","E","M","B",null,null,"E","$","R","B",null],"character_chosen":"THE_CHAMP","items_purchased":["aspiration:Nostalgia","halation:Jellyphish","champ:BladeFlurry","champ:RapidStrikes","champ:DefensiveShout","PreservedInsect","Bronze Scales","Membership Card","conspire:DeflatedDodgeball","champ:HoldFirm"],"campfire_rested":1,"item_purchase_floors":[27,27,27,27,27,39,39,54,54,54],"current_hp_per_floor":[90,81,58,55,34,31,31,58,58,58,58,55,55,55,50,25,90,90,90,90,80,80,80,80,80,80,80,80,88,88,88,90,90,90,90,90,90,90,90,90,90,100,100,100,100,59,59,59,36,100,100,100,100,100,100,100],"gold":8,"neow_bonus":"RANDOM_COLORLESS","is_daily":false,"chose_seed":false,"campfire_upgraded":10,"win_rate":0.0,"timestamp":1608734805,"path_taken":["R","M","?","M","?","?","T","R","E","R","M","E","M","?","M","BOSS","R","M","?","?","?","R","T","R","M","$","M","NM","R","E","M","BOSS","R","M","AVR","M","$","?","T","R","E","R","M","M","R","E","M","BOSS","E","$","R","BOSS"],"items_purchased_type":["Relic","Relic","Card","Card","Card","Relic","Relic","Relic","Relic","Card"],"build_version":"2020-12-22","purchased_purges":0,"victory":true,"max_hp_per_floor":[90,90,90,90,90,90,90,90,90,90,90,90,90,90,90,90,90,90,90,90,90,90,90,90,90,90,90,90,90,90,90,90,90,90,90,90,90,90,90,90,90,100,100,100,100,100,100,100,100,100,100,100,100,100,100,100],"card_choices":[{"not_picked":["expansioncontent:DarkVoid","Mind Blast"],"picked":"Jack Of All Trades","floor":0.0},{"not_picked":["champ:StanceDance","champ:HeartStrike"],"picked":"champ:TornadoPunch","floor":2.0},{"not_picked":["ReplayTheSpireMod:??????????????????????","infinitespire:Menacing"],"picked":"infinitespire:Punishment","floor":3.0},{"not_picked":["champ:HeartStrike","champ:StanceDance"],"picked":"champ:CalledShot","floor":4.0},{"not_picked":["champ:RecklessLeap","champ:BerserkersShout"],"picked":"champ:Haymaker","floor":5.0},{"not_picked":["champ:HeartStrike","champ:FightOn"],"picked":"champ:BladeFlurry","floor":9.0},{"not_picked":["champ:AdrenalArmor","champ:ShieldSlam"],"picked":"champ:GladiatorsShout","floor":12.0},{"not_picked":["champ:DefensiveShout","champ:SkillfulDodge"],"picked":"champ:StanceDance","floor":13.0},{"not_picked":["champ:AdrenalArmor","champ:FaceSlap","champ:Lariat"],"picked":"SKIP","floor":14.0},{"not_picked":["champ:Circumvent","champ:FaceSlap"],"picked":"champ:DancingMaster","floor":15.0},{"not_picked":["champ:DancingMaster","champ:ShieldThrow"],"picked":"champ:MurderStrike","floor":16.0},{"not_picked":["champ:ViciousMockery","champ:Backstep"],"picked":"champ:DefensiveStyle","floor":19.0},{"not_picked":["champ:FightOn","champ:HeartStrike"],"picked":"champ:DeathBlow","floor":20.0},{"not_picked":["champ:Lariat","champ:RisingSlash"],"picked":"champ:AdrenalArmor+1","floor":21.0},{"not_picked":["champ:TornadoPunch","champ:Shatter"],"picked":"champ:Encircle+1","floor":26.0},{"not_picked":["champ:Haymaker","champ:TornadoPunch+1","champ:BringItOn"],"picked":"SKIP","floor":27.0},{"not_picked":["champ:MurderStrike","champ:Circumvent"],"picked":"champ:RisingSlash+1","floor":28.0},{"not_picked":["champ:Encircle+1","champ:FalseCounter"],"picked":"champ:StrikeOfGenius","floor":29.0},{"not_picked":["champ:Encircle+1","champ:Circumvent"],"picked":"champ:Backstep+1","floor":31.0},{"not_picked":["champ:FanOfKnives","champ:Backstep"],"picked":"champ:GladiatorsShout","floor":32.0},{"not_picked":["champ:CrownThrow","champ:ShieldThrow"],"picked":"champ:CheapShot","floor":33.0},{"not_picked":["champ:HeartStrike+1","champ:Haymaker"],"picked":"champ:StanceDance+1","floor":36.0},{"not_picked":["champ:VampiricStrike","champ:DancingMaster"],"picked":"champ:SteelEdge","floor":38.0},{"not_picked":["champ:HoldFirm","champ:StrikeOfGenius"],"picked":"champ:HeavySlash","floor":39.0},{"not_picked":["champ:HeavySlash","champ:VampiricStrike"],"picked":"champ:PerfectForm","floor":43},{"not_picked":["champ:HeavySlash","champ:Devastate"],"picked":"champ:Improvising","floor":45},{"not_picked":["champ:HoldFirm","champ:CheapShot"],"picked":"champ:LastStand","floor":46},{"not_picked":["champ:VampiricStrike","champ:ShieldThrow"],"picked":"champ:SteelEdge","floor":48},{"not_picked":["champ:Devastate","champ:ShieldSlam","champ:LastStand"],"picked":"SKIP","floor":49},{"not_picked":["champ:HeavySlash","champ:ShieldSlam"],"picked":"champ:PerfectForm","floor":53}],"player_experience":1389426,"relics_obtained":[{"floor":2.0,"key":"LetterFromLob"},{"floor":5.0,"key":"halation:KoshaPiece"},{"floor":7.0,"key":"aspiration:SeaSaltIceCream"},{"floor":9.0,"key":"aspiration:HummingbirdHeart"},{"floor":12.0,"key":"Onion Ring"},{"floor":20.0,"key":"White Beast Statue"},{"floor":24.0,"key":"Cleaning_Rag"},{"floor":29.0,"key":"Centennial Puzzle"},{"floor":31.0,"key":"halation:WeightlessCrab"},{"floor":43,"key":"Shovel"},{"floor":48,"key":"construct:BoolHorns"},{"floor":53,"key":"Vajra"}],"event_choices":[{"damage_healed":0.0,"max_hp_gain":0.0,"max_hp_loss":0.0,"gold_gain":0.0,"event_name":"Scrap Ooze","player_choice":"Success","floor":6.0,"gold_loss":0.0,"damage_taken":3.0,"relics_obtained":["Replay:Rubber Ducky"]},{"damage_healed":0.0,"max_hp_gain":0.0,"max_hp_loss":0.0,"gold_gain":0.0,"event_name":"Lab","player_choice":"Got Potions","floor":40.0,"gold_loss":0.0,"damage_taken":0.0}],"is_beta":false,"boss_relics":[{"not_picked":["vexMod:CursedCompass","Abe\u0027s Treasure"],"picked":"Sandwich"},{"not_picked":["hubris:ScarierMask","qcfpunch:Dark_Gi"],"picked":"CosmicIsotope"}],"items_purged_floors":[],"is_endless":false,"potions_floor_spawned":[2,4,5,11,13,16,19,21,26,27,28,31,32,33,36,38,39,43,45,46,48,49,53],"ascension_level":0}}