{"host":"94aus4jnk6thj94q","time":1608743686,"event":{"mods":["BaseMod","Minty Spire (QoL Compilation)","Quick Restart","StSLib"],"gold_per_floor":[113,132,147,25,25,57,57,90,90,90,103,103,28,53,53,155,155,174,194,47,47,47,47,62,62,143,68,87,116,116,135,135,234,234,252,252,264,284,304,304,324,324,324,324],"floor_reached":43,"playtime":2130,"items_purged":["Regret"],"score":518,"play_id":"10083017-46e1-45c5-803d-63d4e1ca663b","local_time":"20201223191446","is_ascension_mode":false,"campfire_choices":[{"floor":10.0,"key":"REST"},{"data":"Fire Breathing","floor":12.0,"key":"SMITH"},{"floor":15.0,"key":"REST"},{"floor":23,"key":"RECALL"},{"data":"Berserk","floor":25,"key":"SMITH"},{"floor":30,"key":"REST"},{"floor":32,"key":"REST"},{"floor":40,"key":"REST"}],"circlet_count":0,"master_deck":["Strike_R","Strike_R","Strike_R","Strike_R","Strike_R","Defend_R","Defend_R","Defend_R","Defend_R","Bash","Impervious","Fire Breathing+1","Shrug It Off","Wild Strike","Reckless Charge","Blood for Blood","Berserk+1","Fire Breathing","Fire Breathing","Pain","Normality","Fire Breathing+1"],"relics":["Burning Blood","PreservedInsect","Charon\u0027s Ashes","MealTicket","Singing Bowl","Paper Frog","Cursed Key","Red Skull","WarpedTongs","Bottled Tornado","Prayer Wheel","Sozu"],"acts_visited":["Exordium","TheCity","TheBeyond"],"potions_floor_usage":[31,33,35],"damage_taken":[{"damage":10.0,"enemies":"Cultist","floor":1.0,"turns":4.0},{"damage":6.0,"enemies":"2 Louse","floor":2.0,"turns":4.0},{"damage":9.0,"enemies":"Small Slimes","floor":3.0,"turns":4.0},{"damage":21.0,"enemies":"Lagavulin","floor":6.0,"turns":5.0},{"damage":11.0,"enemies":"3 Sentries","floor":8.0,"turns":5.0},{"damage":4.0,"enemies":"Red Slaver","floor":11.0,"turns":3.0},{"damage":19.0,"enemies":"Lagavulin","floor":14.0,"turns":6.0},{"damage":32.0,"enemies":"Slime Boss","floor":16.0,"turns":6.0},{"damage":17.0,"enemies":"Spheric Guardian","floor":18.0,"turns":5.0},{"damage":25.0,"enemies":"Shell Parasite","floor":19.0,"turns":7.0},{"damage":3,"enemies":"Snake Plant","floor":24,"turns":3},{"damage":24,"enemies":"Centurion and Healer","floor":28,"turns":6},{"damage":56,"enemies":"Slavers","floor":29,"turns":5},{"damage":10,"enemies":"3 Cultists","floor":31,"turns":4},{"damage":74,"enemies":"Champ","floor":33,"turns":10},{"damage":52,"enemies":"3 Darklings","floor":35,"turns":4},{"damage":14,"enemies":"3 Shapes","floor":37,"turns":4},{"damage":29,"enemies":"Spire Growth","floor":38,"turns":5},{"damage":8,"enemies":"4 Shapes","floor":39,"turns":3},{"damage":56,"enemies":"Writhing Mass","floor":41,"turns":6}],"seed_played":"4904761607375081210","potions_obtained":[{"floor":2.0,"key":"Strength Potion"},{"floor":3.0,"key":"Ancient Potion"},{"floor":6.0,"key":"Weak Potion"},{"floor":18.0,"key":"BlessingOfTheForge"},{"floor":24,"key":"Dexterity Potion"},{"floor":31,"key":"AttackPotion"},{"floor":33,"key":"BloodPotion"}],"is_trial":false,"path_per_floor":["M","M","M","$","?","E","?","E","T","R","M","R","$","E","R","B",null,"M","M","$","?","?","R","M","R","T","$","M","E","R","M","R","B",null,"M","?","M","M","M","R","M","?","T"],"character_chosen":"IRONCLAD","items_purchased":["Wild Strike","Reckless Charge","Fire Breathing","Red Skull"],"campfire_rested":5,"item_purchase_floors":[4,4,13,20],"current_hp_per_floor":[76,76,73,73,73,58,58,53,53,77,81,81,82,69,82,58,84,75,58,73,88,88,88,90,90,90,90,74,26,54,52,80,14,98,75,75,71,52,54,88,42,42,42,42],"gold":324,"neow_bonus":"ONE_RANDOM_RARE_CARD","is_daily":false,"chose_seed":false,"campfire_upgraded":2,"win_rate":0.0,"timestamp":1608743686,"path_taken":["M","M","M","$","?","E","?","E","T","R","M","R","$","E","R","BOSS","M","M","$","?","?","R","M","R","T","$","?","E","R","M","R","BOSS","M","?","M","M","M","R","M","?","T"],"items_purchased_type":["Card","Card","Card","Relic"],"build_version":"2020-12-22","purchased_purges":1,"victory":false,"max_hp_per_floor":[80,80,80,80,80,80,80,80,80,80,82,82,82,82,82,84,84,86,88,88,88,88,88,90,90,90,90,92,94,94,96,96,98,98,102,102,106,110,114,114,118,118,118,118],"card_choices":[{"not_picked":["Armaments","True Grit"],"picked":"Fire Breathing","floor":1.0},{"not_picked":["Clash","Seeing Red","Second Wind"],"picked":"SKIP","floor":2.0},{"not_picked":["Sentinel","True Grit"],"picked":"Shrug It Off","floor":3.0},{"not_picked":["Iron Wave","Heavy Blade"],"picked":"Blood for Blood","floor":6.0},{"not_picked":["Sword Boomerang","Iron Wave"],"picked":"Berserk","floor":8.0},{"not_picked":["Warcry","Rage","Rampage"],"picked":"Singing Bowl","floor":11.0},{"not_picked":["Disarm","Battle Trance"],"picked":"Fire Breathing","floor":14.0},{"not_picked":["Berserk","Demon Form","Double Tap"],"picked":"Singing Bowl","floor":16.0},{"not_picked":["Clash+1","Metallicize","Feel No Pain"],"picked":"Singing Bowl","floor":18.0},{"not_picked":["Warcry","Havoc+1","Headbutt"],"picked":"Singing Bowl","floor":19},{"not_picked":["Anger","Armaments","Shrug It Off"],"picked":"Singing Bowl","floor":24},{"not_picked":["Heavy Blade","Havoc","Ghostly Armor"],"picked":"Singing Bowl","floor":28},{"not_picked":["Havoc","Hemokinesis","Bloodletting"],"picked":"Singing Bowl","floor":29},{"not_picked":["Perfected Strike+1","Double Tap"],"picked":"Fire Breathing+1","floor":31},{"not_picked":["Sword Boomerang","Body Slam","Anger"],"picked":"Singing Bowl","floor":31},{"not_picked":["Corruption","Demon Form","Reaper"],"picked":"Singing Bowl","floor":33},{"not_picked":["Perfected Strike+1","Sever Soul","Clothesline"],"picked":"Singing Bowl","floor":35},{"not_picked":["Warcry+1","Uppercut+1","Anger"],"picked":"Singing Bowl","floor":35},{"not_picked":["Thunderclap+1","Shockwave","Twin Strike"],"picked":"Singing Bowl","floor":37},{"not_picked":["Heavy Blade","Uppercut+1","Anger+1"],"picked":"Singing Bowl","floor":37},{"not_picked":["Pommel Strike","Rampage","Clothesline+1"],"picked":"Singing Bowl","floor":38},{"not_picked":["Battle Trance","Searing Blow","Anger"],"picked":"Singing Bowl","floor":38},{"not_picked":["Immolate","Anger+1","Clash+1"],"picked":"Singing Bowl","floor":39},{"not_picked":["True Grit+1","Shockwave","Iron Wave"],"picked":"Singing Bowl","floor":39},{"not_picked":["Thunderclap+1","Perfected Strike+1","Dual Wield+1"],"picked":"Singing Bowl","floor":41},{"not_picked":["Pommel Strike+1","Uppercut+1","Cleave+1"],"picked":"Singing Bowl","floor":41}],"player_experience":5632913,"relics_obtained":[{"floor":6.0,"key":"Charon\u0027s Ashes"},{"floor":8.0,"key":"MealTicket"},{"floor":9.0,"key":"Singing Bowl"},{"floor":14.0,"key":"Paper Frog"},{"floor":26,"key":"Bottled Tornado"},{"floor":29,"key":"Prayer Wheel"}],"event_choices":[{"damage_healed":0.0,"max_hp_gain":0.0,"max_hp_loss":0.0,"gold_gain":0.0,"event_name":"Big Fish","player_choice":"Box","floor":5.0,"gold_loss":0.0,"damage_taken":0.0,"relics_obtained":["PreservedInsect"],"cards_obtained":["Regret"]},{"damage_healed":0.0,"max_hp_gain":0.0,"max_hp_loss":0.0,"gold_gain":0.0,"event_name":"Scrap Ooze","player_choice":"Fled","floor":7.0,"gold_loss":0.0,"damage_taken":0.0},{"damage_healed":29,"gold_gain":0,"player_choice":"Heal","damage_taken":0,"max_hp_gain":0,"max_hp_loss":0,"event_name":"The Library","floor":21,"gold_loss":0},{"damage_healed":0,"gold_gain":0,"player_choice":"Rummage","damage_taken":0,"relics_obtained":["WarpedTongs"],"max_hp_gain":0,"max_hp_loss":0,"event_name":"Accursed Blacksmith","floor":22,"gold_loss":0,"cards_obtained":["Pain"]},{"damage_healed":0,"gold_gain":0,"player_choice":"Ignored","damage_taken":0,"max_hp_gain":0,"max_hp_loss":0,"event_name":"Mysterious Sphere","floor":36,"gold_loss":0},{"damage_healed":0,"gold_gain":0,"player_choice":"Ignored","damage_taken":0,"max_hp_gain":0,"max_hp_loss":0,"event_name":"SecretPortal","floor":42,"gold_loss":0}],"is_beta":false,"boss_relics":[{"not_picked":["SlaversCollar","Philosopher\u0027s Stone"],"picked":"Cursed Key"},{"not_picked":["Astrolabe","Runic Pyramid"],"picked":"Sozu"}],"items_purged_floors":[27],"is_endless":false,"potions_floor_spawned":[2,3,6,18,24,31,33,41],"ascension_level":0}}