{"host":"6s2g4ctvxbrgoc4e","time":1608715670,"event":{"mods":["BaseMod","Minty Spire (QoL Compilation)"],"gold_per_floor":[18,32,42,42,57,57,75,90,116,126,143,153,153,171,171,269,269,280,280,294,314,314,314,95,95,95,108,108,143,143,161,161,161,161],"floor_reached":33,"playtime":2033,"items_purged":["Strike_G"],"score":310,"play_id":"1b6c1a90-51c0-4644-b881-96721dc2c48b","local_time":"20201223102750","is_ascension_mode":false,"campfire_choices":[{"data":"Distraction","floor":6,"key":"SMITH"},{"data":"Bane","floor":13,"key":"SMITH"},{"data":"Bane","floor":15,"key":"SMITH"},{"data":"Burst","floor":25,"key":"SMITH"},{"floor":28,"key":"REST"},{"floor":30,"key":"REST"},{"data":"Caltrops","floor":32,"key":"SMITH"}],"circlet_count":0,"master_deck":["Strike_G","Defend_G","Defend_G","Defend_G","Defend_G","Defend_G","Survivor","Neutralize+1","Distraction+1","After Image","Bane+1","Prepared","Deadly Poison","Bane+1","Escape Plan","Corpse Explosion","Deadly Poison","Burst+1","Backstab+1","Prepared","Iron Wave","Distraction+1","Escape Plan","Caltrops+1"],"relics":["Ring of the Snake","The Specimen","Pen Nib","Busted Crown","DollysMirror","Ninja Scroll","Whetstone"],"acts_visited":["Exordium","TheCity"],"potions_floor_usage":[7,14,21,23,29],"damage_taken":[{"damage":2,"enemies":"Small Slimes","floor":1,"turns":3},{"damage":0,"enemies":"Cultist","floor":2,"turns":4},{"damage":0,"enemies":"Jaw Worm","floor":3,"turns":8},{"damage":8,"enemies":"Exordium Thugs","floor":5,"turns":7},{"damage":0,"enemies":"Looter","floor":7,"turns":4},{"damage":5,"enemies":"Large Slime","floor":8,"turns":9},{"damage":5,"enemies":"3 Louse","floor":10,"turns":4},{"damage":0,"enemies":"Looter","floor":11,"turns":2},{"damage":3,"enemies":"Lots of Slimes","floor":12,"turns":4},{"damage":7,"enemies":"Exordium Thugs","floor":14,"turns":3},{"damage":11,"enemies":"Slime Boss","floor":16,"turns":6},{"damage":7,"enemies":"Spheric Guardian","floor":18,"turns":5},{"damage":20,"enemies":"2 Thieves","floor":20,"turns":2},{"damage":10,"enemies":"Cultist and Chosen","floor":21,"turns":4},{"damage":0,"enemies":"Book of Stabbing","floor":23,"turns":1},{"damage":4,"enemies":"Centurion and Healer","floor":27,"turns":3},{"damage":20,"enemies":"Gremlin Leader","floor":29,"turns":6},{"damage":2,"enemies":"Sentry and Sphere","floor":31,"turns":4},{"damage":99,"enemies":"Champ","floor":33,"turns":11}],"seed_played":"6731531475379586100","potions_obtained":[{"floor":3,"key":"Energy Potion"},{"floor":5,"key":"Poison Potion"},{"floor":10,"key":"Regen Potion"},{"floor":11,"key":"BlessingOfTheForge"},{"floor":12,"key":"SmokeBomb"},{"floor":21,"key":"Strength Potion"},{"floor":27,"key":"CunningPotion"},{"floor":31,"key":"FairyPotion"}],"is_trial":false,"path_per_floor":["M","M","M","?","M","R","M","M","T","M","M","M","R","M","R","B",null,"M","?","M","M","?","E","$","R","T","M","R","E","R","M","R","B"],"character_chosen":"THE_SILENT","items_purchased":["DollysMirror"],"campfire_rested":2,"item_purchase_floors":[24],"current_hp_per_floor":[68,68,68,68,60,60,60,55,55,50,50,47,47,40,40,29,70,63,63,43,47,47,47,47,47,47,43,64,44,65,63,63,0,0],"gold":161,"neow_bonus":"ONE_RARE_RELIC","is_daily":false,"chose_seed":false,"campfire_upgraded":5,"win_rate":0.0,"timestamp":1608715670,"path_taken":["M","M","M","?","M","R","M","?","T","M","M","M","R","M","R","BOSS","M","?","?","M","?","E","$","R","T","M","R","E","R","M","R","BOSS"],"items_purchased_type":["Relic"],"build_version":"2020-12-22","purchased_purges":1,"victory":false,"max_hp_per_floor":[70,70,70,70,70,70,70,70,70,70,70,70,70,70,70,70,70,70,70,70,70,70,70,70,70,70,70,70,70,70,70,70,70,70],"card_choices":[{"not_picked":["Dagger Spray","Endless Agony","Flying Knee"],"picked":"SKIP","floor":1},{"not_picked":["Deflect","Sucker Punch"],"picked":"Distraction","floor":2},{"not_picked":["Sucker Punch","Choke"],"picked":"After Image","floor":3},{"not_picked":["Slice","Dodge and Roll"],"picked":"Bane","floor":5},{"not_picked":["Dagger Spray","Blade Dance"],"picked":"Prepared","floor":7},{"not_picked":["Sucker Punch","Leg Sweep"],"picked":"Deadly Poison","floor":8},{"not_picked":["Masterful Stab","Prepared"],"picked":"Bane","floor":10},{"not_picked":["Acrobatics","Sucker Punch"],"picked":"Escape Plan","floor":11},{"not_picked":["Deadly Poison","Outmaneuver"],"picked":"Corpse Explosion","floor":12},{"not_picked":["PiercingWail","Slice"],"picked":"Deadly Poison","floor":14},{"not_picked":["A Thousand Cuts","Glass Knife"],"picked":"Burst","floor":16},{"not_picked":["Deflect"],"picked":"SKIP","floor":18},{"not_picked":[],"picked":"Backstab","floor":20},{"not_picked":[],"picked":"Prepared","floor":21},{"not_picked":["Expertise"],"picked":"SKIP","floor":27},{"not_picked":[],"picked":"Escape Plan","floor":29},{"not_picked":[],"picked":"Caltrops","floor":31}],"player_experience":12597,"relics_obtained":[{"floor":9,"key":"Pen Nib"},{"floor":26,"key":"Ninja Scroll"},{"floor":29,"key":"Whetstone"}],"event_choices":[{"cards_removed":["Strike_G"],"damage_healed":0,"gold_gain":0,"player_choice":"Card Removal","damage_taken":0,"max_hp_gain":0,"max_hp_loss":0,"event_name":"Wheel of Change","floor":4,"gold_loss":0},{"cards_removed":["Strike_G"],"damage_healed":0,"gold_gain":0,"player_choice":"Card Removal","damage_taken":0,"max_hp_gain":0,"max_hp_loss":0,"event_name":"Wheel of Change","floor":19,"gold_loss":0},{"cards_removed":["Strike_G"],"damage_healed":0,"gold_gain":0,"player_choice":"Took Card","damage_taken":0,"max_hp_gain":0,"max_hp_loss":0,"event_name":"NoteForYourself","floor":22,"gold_loss":0,"cards_obtained":["Iron Wave"]}],"is_beta":false,"boss_relics":[{"not_picked":["WristBlade","Velvet Choker"],"picked":"Busted Crown"}],"items_purged_floors":[24],"is_endless":false,"potions_floor_spawned":[3,5,10,11,12,21,27,31],"killed_by":"Champ","ascension_level":0}}