{"host":"3srbdas3e7jgqz5l","time":1608694936,"event":{"mods":["BaseMod","Downfall","Minty Spire (QoL Compilation)","StSLib"],"gold_per_floor":[114,114,79,94,94,94,128,148,148,148,165,183,183,194,194,295,295,311,311,325,337,17,17,31,31,79,79,94,94,94,113,113,211,211,230,245,259,107,126,146,0,29,29,46,64,92,118,146,146,146,146,146,67,94,94,94],"floor_reached":55,"playtime":2690,"items_purged":["Strike_G"],"score":1131,"play_id":"7c0f3093-9e14-4dbc-a7f1-59432358f6ee","local_time":"20201223034216","is_ascension_mode":true,"campfire_choices":[{"data":"Dagger Spray","floor":6.0,"key":"SMITH"},{"data":"Corpse Explosion","floor":10.0,"key":"SMITH"},{"floor":15.0,"key":"REST"},{"data":"Footwork","floor":23.0,"key":"SMITH"},{"data":"Noxious Fumes","floor":25.0,"key":"SMITH"},{"floor":27.0,"key":"REST"},{"data":"Dodge and Roll","floor":32.0,"key":"SMITH"},{"floor":49.0,"key":"RECALL"},{"data":"Well Laid Plans","floor":52.0,"key":"SMITH"}],"circlet_count":0,"master_deck":["Defend_G","Defend_G","Defend_G","Defend_G","Defend_G","Survivor","Neutralize","Corpse Explosion+1","Dagger Throw","Dagger Spray+1","PiercingWail","Leg Sweep","Well Laid Plans+1","Footwork+1","After Image","Dodge and Roll+1","Noxious Fumes+1","After Image","Backflip+1","PiercingWail+1","Cloak And Dagger+1","Poisoned Stab+1","PiercingWail+1","Noxious Fumes"],"relics":["Ring of the Snake","Bronze Scales","Bottled Lightning","Calipers","Sozu","Enchiridion","Singing Bowl","Nunchaku","Empty Cage","Lee\u0027s Waffle","Red Mask","Art of War","War Paint","Bag of Marbles","Sundial","Incense Burner"],"acts_visited":["Exordium","TheCity","TheBeyond","TheEnding"],"potions_floor_usage":[55],"damage_taken":[{"damage":10.0,"enemies":"Small Slimes","floor":1.0,"turns":6.0},{"damage":1.0,"enemies":"2 Louse","floor":4.0,"turns":2.0},{"damage":30.0,"enemies":"Lagavulin","floor":7.0,"turns":6.0},{"damage":0.0,"enemies":"Jaw Worm","floor":8.0,"turns":3.0},{"damage":0.0,"enemies":"Lots of Slimes","floor":11.0,"turns":1.0},{"damage":4.0,"enemies":"Blue Slaver","floor":12.0,"turns":3.0},{"damage":0.0,"enemies":"3 Louse","floor":14.0,"turns":1.0},{"damage":15.0,"enemies":"Hexaghost","floor":16.0,"turns":11.0},{"damage":1.0,"enemies":"3 Byrds","floor":18.0,"turns":2.0},{"damage":0.0,"enemies":"Shell Parasite","floor":20.0,"turns":6.0},{"damage":8.0,"enemies":"Snake Plant","floor":21.0,"turns":4.0},{"damage":10.0,"enemies":"Centurion and Healer","floor":24.0,"turns":5.0},{"damage":0.0,"enemies":"Cultist and Chosen","floor":28.0,"turns":4.0},{"damage":4.0,"enemies":"Sentry and Sphere","floor":31.0,"turns":6.0},{"damage":14.0,"enemies":"Automaton","floor":33.0,"turns":12.0},{"damage":4.0,"enemies":"3 Shapes","floor":35.0,"turns":2.0},{"damage":1.0,"enemies":"Orb Walker","floor":36.0,"turns":6.0},{"damage":34.0,"enemies":"Transient","floor":37.0,"turns":5.0},{"damage":0.0,"enemies":"Spire Growth","floor":39.0,"turns":8.0},{"damage":0.0,"enemies":"Writhing Mass","floor":40.0,"turns":9.0},{"damage":0.0,"enemies":"Nemesis","floor":42.0,"turns":11.0},{"damage":3.0,"enemies":"Jaw Worm Horde","floor":44.0,"turns":6.0},{"damage":0.0,"enemies":"Maw","floor":45.0,"turns":8.0},{"damage":15.0,"enemies":"Giant Head","floor":46.0,"turns":11.0},{"damage":30.0,"enemies":"Nemesis","floor":48.0,"turns":9.0},{"damage":37.0,"enemies":"Donu and Deca","floor":50.0,"turns":11.0},{"damage":40.0,"enemies":"Shield and Spear","floor":54.0,"turns":6.0},{"damage":37,"enemies":"The Heart","floor":55,"turns":3}],"seed_played":"-8525737844642864267","potions_obtained":[{"floor":1.0,"key":"champ:CounterPotion"},{"floor":4.0,"key":"DuplicationPotion"},{"floor":16.0,"key":"Fire Potion"}],"is_trial":false,"path_per_floor":["M","?","?","M","?","R","E","M","T","R","M","M","T","M","R","B",null,"M","?","M","M","$","R","M","R","T","R","M","?","?","M","R","B",null,"M","M","M","$","M","M","?","E","T","M","M","E","T","E","R","B",null,"R","$","E","B"],"character_chosen":"THE_SILENT","items_purchased":["Singing Bowl","Lee\u0027s Waffle","Noxious Fumes"],"campfire_rested":2,"item_purchase_floors":[22,38,53],"current_hp_per_floor":[35,58,70,69,62,62,32,32,32,32,32,28,28,28,49,34,61,60,44,44,36,36,36,28,28,28,49,49,49,49,47,47,35,66,62,61,29,85,87,89,89,91,91,90,90,77,77,47,47,10,74,74,74,36,0,0],"gold":94,"neow_bonus":"THREE_RARE_CARDS","is_daily":false,"chose_seed":false,"campfire_upgraded":6,"win_rate":0.0,"timestamp":1608694936,"path_taken":["M","?","?","M","?","R","E","?","T","R","?","M","?","M","R","BOSS","M","?","M","M","$","R","M","R","T","R","M","?","?","M","R","BOSS","M","M","M","$","M","M","?","E","T","M","M","E","?","E","R","BOSS","R","$","E","BOSS"],"items_purchased_type":["Relic","Relic","Card"],"build_version":"2020-12-13","purchased_purges":1,"victory":false,"max_hp_per_floor":[70,70,70,70,70,70,70,70,70,70,70,70,70,70,70,70,70,70,70,70,70,70,70,72,72,72,72,72,72,72,74,74,76,76,76,76,78,85,87,89,89,91,91,93,93,95,95,95,95,95,95,95,95,97,97,97],"card_choices":[{"not_picked":["Grand Finale","Venomology"],"picked":"Corpse Explosion","floor":0.0},{"not_picked":["Reflex","Underhanded Strike"],"picked":"Dagger Throw","floor":1.0},{"not_picked":["Dodge and Roll","PiercingWail"],"picked":"Dagger Spray","floor":4.0},{"not_picked":["Sucker Punch","Accuracy"],"picked":"PiercingWail","floor":7.0},{"not_picked":["Underhanded Strike","Calculated Gamble","Flying Knee"],"picked":"SKIP","floor":8.0},{"not_picked":["Dagger Spray","Infinite Blades"],"picked":"Leg Sweep","floor":11.0},{"not_picked":["Reflex","Blade Dance"],"picked":"Well Laid Plans","floor":12.0},{"not_picked":["Underhanded Strike","Setup"],"picked":"Footwork","floor":14.0},{"not_picked":["Die Die Die","Night Terror"],"picked":"After Image","floor":16.0},{"not_picked":["Quick Slash","Endless Agony"],"picked":"Dodge and Roll","floor":18.0},{"not_picked":["Terror","Underhanded Strike","Endless Agony+1"],"picked":"SKIP","floor":20.0},{"not_picked":["Blade Dance","Flying Knee+1"],"picked":"Noxious Fumes","floor":21.0},{"not_picked":["Calculated Gamble","Sucker Punch","Setup"],"picked":"Singing Bowl","floor":24.0},{"not_picked":["Outmaneuver+1","Concentrate+1"],"picked":"After Image","floor":28.0},{"not_picked":["Sucker Punch+1","Outmaneuver","Dodge and Roll"],"picked":"Singing Bowl","floor":31.0},{"not_picked":["Venomology","Tools of the Trade","Grand Finale"],"picked":"Singing Bowl","floor":33.0},{"not_picked":["Blade Dance","Slice"],"picked":"PiercingWail","floor":35.0},{"not_picked":["Blur","Accuracy+1"],"picked":"Cloak And Dagger+1","floor":36.0},{"not_picked":["Quick Slash+1","Tactician","Noxious Fumes"],"picked":"Singing Bowl","floor":37.0},{"not_picked":["Outmaneuver","Quick Slash","Infinite Blades"],"picked":"Singing Bowl","floor":39.0},{"not_picked":["Poisoned Stab","Accuracy+1","Deadly Poison"],"picked":"Singing Bowl","floor":40.0},{"not_picked":["Dodge and Roll+1","Poisoned Stab+1","Flying Knee+1"],"picked":"Singing Bowl","floor":42.0},{"not_picked":["Storm of Steel","Slice","Cloak And Dagger"],"picked":"Singing Bowl","floor":44.0},{"not_picked":["PiercingWail","Backstab+1"],"picked":"Poisoned Stab+1","floor":45.0},{"not_picked":["Dodge and Roll+1","Deflect+1","Underhanded Strike+1"],"picked":"Singing Bowl","floor":46.0},{"not_picked":["Expertise+1","Acrobatics"],"picked":"PiercingWail+1","floor":48.0},{"not_picked":["Acrobatics+1","Finisher+1","Burst"],"picked":"Singing Bowl","floor":54.0}],"player_experience":497674,"relics_obtained":[{"floor":7.0,"key":"Bronze Scales"},{"floor":9.0,"key":"Bottled Lightning"},{"floor":13.0,"key":"Calipers"},{"floor":19.0,"key":"Enchiridion"},{"floor":26.0,"key":"Nunchaku"},{"floor":42.0,"key":"Art of War"},{"floor":46.0,"key":"War Paint"},{"floor":47.0,"key":"Bag of Marbles"},{"floor":48.0,"key":"Sundial"},{"floor":54.0,"key":"Incense Burner"}],"event_choices":[{"damage_healed":23.0,"max_hp_gain":0.0,"max_hp_loss":0.0,"gold_gain":0.0,"event_name":"Big Fish","player_choice":"Banana","floor":2.0,"gold_loss":0.0,"damage_taken":0.0},{"damage_healed":17.0,"max_hp_gain":0.0,"max_hp_loss":0.0,"gold_gain":0.0,"event_name":"The Cleric","player_choice":"Healed","floor":3.0,"gold_loss":35.0,"damage_taken":0.0},{"cards_removed":["Strike_G"],"damage_healed":0.0,"max_hp_gain":0.0,"max_hp_loss":0.0,"gold_gain":0.0,"event_name":"Golden Wing","player_choice":"Card Removal","floor":5.0,"gold_loss":0.0,"damage_taken":7.0},{"damage_healed":0.0,"max_hp_gain":0.0,"max_hp_loss":0.0,"gold_gain":0.0,"event_name":"Cursed Tome","player_choice":"Obtained Book","floor":19.0,"gold_loss":0.0,"damage_taken":16.0},{"damage_healed":0.0,"max_hp_gain":0.0,"max_hp_loss":0.0,"gold_gain":0.0,"event_name":"The Library","player_choice":"Read","floor":29.0,"gold_loss":0.0,"damage_taken":0.0,"cards_obtained":["Backflip"]},{"cards_removed":["Strike_G"],"damage_healed":0.0,"max_hp_gain":0.0,"max_hp_loss":0.0,"gold_gain":0.0,"event_name":"Purifier","player_choice":"Purged","floor":30.0,"gold_loss":0.0,"damage_taken":0.0},{"damage_healed":0.0,"max_hp_gain":0.0,"max_hp_loss":0.0,"gold_gain":0.0,"event_name":"Tomb of Lord Red Mask","player_choice":"Paid","floor":41.0,"gold_loss":146.0,"damage_taken":0.0,"relics_obtained":["Red Mask"]}],"is_beta":false,"boss_relics":[{"not_picked":["Astrolabe","Ring of the Serpent"],"picked":"Sozu"},{"not_picked":["Coffee Dripper","HoveringKite"],"picked":"Empty Cage"}],"items_purged_floors":[22],"is_endless":false,"potions_floor_spawned":[1,4,16,24,28,33,35,42,44,45],"killed_by":"The Heart","ascension_level":9}}