{"host":"ypphcgdomtfqpc2w","time":1608727399,"event":{"mods":["BaseMod","Minty Spire (QoL Compilation)","StSLib"],"gold_per_floor":[119,129,129,129,146,146,56,117,165,130,130,142,173,173,173,249,249,264,534,553,553,553],"floor_reached":21,"playtime":1137,"items_purged":[],"score":354,"play_id":"d4d6211e-1980-44fc-81d5-0439ea630bc7","local_time":"20201223214319","is_ascension_mode":true,"campfire_choices":[{"data":"Armaments","floor":6.0,"key":"SMITH"},{"data":"True Grit","floor":11.0,"key":"SMITH"},{"data":"Entrench","floor":15.0,"key":"SMITH"}],"circlet_count":0,"master_deck":["AscendersBane","Strike_R","Strike_R","Defend_R","Defend_R","Defend_R","Entrench+1","True Grit+1","Body Slam","Armaments+1","Feel No Pain","Warcry","Offering","Anger","Corruption"],"relics":["Burning Blood","Kunai","Akabeko","Nunchaku","Empty Cage"],"acts_visited":["Exordium","TheCity"],"potions_floor_usage":[21,21],"damage_taken":[{"damage":18.0,"enemies":"Small Slimes","floor":1.0,"turns":5.0},{"damage":17.0,"enemies":"Jaw Worm","floor":2.0,"turns":5.0},{"damage":1.0,"enemies":"2 Louse","floor":5.0,"turns":3.0},{"damage":7.0,"enemies":"3 Sentries","floor":8.0,"turns":4.0},{"damage":13.0,"enemies":"2 Fungi Beasts","floor":12.0,"turns":5.0},{"damage":19.0,"enemies":"3 Sentries","floor":13.0,"turns":22.0},{"damage":22.0,"enemies":"The Guardian","floor":16.0,"turns":15.0},{"damage":9.0,"enemies":"Chosen","floor":18.0,"turns":11.0},{"damage":6.0,"enemies":"Spheric Guardian","floor":20.0,"turns":1.0},{"damage":47,"enemies":"Snecko","floor":21,"turns":6}],"seed_played":"-7327788037461467680","potions_obtained":[{"floor":2.0,"key":"ColorlessPotion"},{"floor":5.0,"key":"Explosive Potion"},{"floor":18.0,"key":"Energy Potion"}],"is_trial":false,"path_per_floor":["M","M","?","?","M","R","$","?","T","?","R","M","E","?","R","B",null,"M","?","M","M"],"character_chosen":"IRONCLAD","items_purchased":["Feel No Pain"],"campfire_rested":0,"item_purchase_floors":[7],"current_hp_per_floor":[56,45,38,43,48,48,48,47,47,67,67,60,47,47,47,31,68,65,38,38,0,0],"gold":553,"neow_bonus":"TRANSFORM_CARD","is_daily":false,"chose_seed":false,"campfire_upgraded":3,"win_rate":0.0,"timestamp":1608727399,"path_taken":["M","M","?","?","M","R","$","?","T","?","R","M","E","?","R","BOSS","M","?","M","M"],"items_purchased_type":["Card"],"build_version":"2020-12-22","purchased_purges":0,"victory":false,"max_hp_per_floor":[75,75,75,80,80,80,80,80,80,80,80,80,80,80,80,80,80,80,80,80,80,80],"card_choices":[{"not_picked":["Clothesline","Fire Breathing"],"picked":"True Grit","floor":1.0},{"not_picked":["Power Through","Dark Embrace"],"picked":"Body Slam","floor":2.0},{"not_picked":["Thunderclap","Burning Pact"],"picked":"Armaments","floor":5.0},{"not_picked":["Havoc","Cleave","Sword Boomerang"],"picked":"SKIP","floor":12.0},{"not_picked":["Clothesline","Entrench"],"picked":"Warcry","floor":13.0},{"not_picked":["Fiend Fire","Bludgeon"],"picked":"Offering","floor":16.0},{"not_picked":["Headbutt","Sword Boomerang"],"picked":"Anger","floor":18.0},{"not_picked":["Anger","True Grit"],"picked":"Corruption","floor":20.0}],"player_experience":1953168,"relics_obtained":[{"floor":8.0,"key":"Kunai"},{"floor":9.0,"key":"Akabeko"},{"floor":13.0,"key":"Nunchaku"}],"event_choices":[{"cards_removed":["Strike_R"],"damage_healed":0.0,"max_hp_gain":0.0,"max_hp_loss":0.0,"gold_gain":0.0,"event_name":"Golden Wing","player_choice":"Card Removal","floor":3.0,"gold_loss":0.0,"damage_taken":7.0},{"damage_healed":0.0,"max_hp_gain":5.0,"max_hp_loss":0.0,"gold_gain":0.0,"event_name":"Big Fish","player_choice":"Donut","floor":4.0,"gold_loss":0.0,"damage_taken":0.0},{"damage_healed":0.0,"max_hp_gain":0.0,"max_hp_loss":0.0,"gold_gain":30.0,"event_name":"Dead Adventurer","player_choice":"Searched \u00273\u0027 times","floor":8.0,"gold_loss":0.0,"damage_taken":0.0},{"damage_healed":20.0,"max_hp_gain":0.0,"max_hp_loss":0.0,"gold_gain":0.0,"event_name":"The Cleric","player_choice":"Healed","floor":10.0,"gold_loss":35.0,"damage_taken":0.0},{"cards_removed":["Strike_R"],"damage_healed":0.0,"max_hp_gain":0.0,"max_hp_loss":0.0,"gold_gain":0.0,"event_name":"Living Wall","player_choice":"Forget","floor":14.0,"gold_loss":0.0,"damage_taken":0.0},{"damage_healed":0.0,"max_hp_gain":0.0,"max_hp_loss":0.0,"gold_gain":270.0,"event_name":"Knowing Skull","player_choice":"GOLD GOLD GOLD ","floor":19.0,"potions_obtained":[],"gold_loss":0.0,"damage_taken":27.0,"cards_obtained":[]}],"is_beta":false,"boss_relics":[{"not_picked":["Cursed Key","Mark of Pain"],"picked":"Empty Cage"}],"items_purged_floors":[],"is_endless":false,"potions_floor_spawned":[2,5,18,20],"killed_by":"Snecko","ascension_level":20}}