{"host":"qwie84gwfccqh4mc","time":1608700309,"event":{"mods":["Act Like it!","Aspiration","BaseMod","Challenge The Spire","Colored Map","Colored Powertips","Conspire","Downfall","GifTheSpireLib","Hubris","Marisa（F雨　魔理沙）","Minty Spire (QoL Compilation)","Pale of the Ancients","Quick Restart","Relic Sorter","Relic Stats","Replay The Spire","RumiaBox-露米娅的神秘盒子","StSLib","Stuff the Spire","WarShipGirlsR/战舰少女R mod"],"gold_per_floor":[115,115,135,135,155,155,155],"floor_reached":6,"playtime":180,"items_purged":[],"score":45,"play_id":"f9f51fdd-111a-443e-b304-e95dea228346","local_time":"20201223131149","is_ascension_mode":true,"campfire_choices":[],"circlet_count":0,"master_deck":["Strike_MRS","Strike_MRS","Strike_MRS","Defend_MRS","Defend_MRS","Defend_MRS","Defend_MRS","MasterSpark","UpSweep","Acceleration","EarthLightRay","DarkMatter","ShootingEcho"],"relics":["MiniHakkero","NeowsBlessing"],"acts_visited":["Exordium"],"potions_floor_usage":[],"damage_taken":[{"damage":0.0,"enemies":"Jaw Worm","floor":1.0,"turns":1.0},{"damage":0.0,"enemies":"Small Slimes","floor":3.0,"turns":1.0},{"damage":0,"enemies":"Cultist","floor":5,"turns":1},{"damage":0,"enemies":"Gremlin Nob","floor":6,"turns":2}],"seed_played":"-8075400942266604028","potions_obtained":[],"is_trial":false,"path_per_floor":["M","?","M","?","M","E"],"character_chosen":"MARISA","items_purchased":[],"campfire_rested":0,"item_purchase_floors":[],"current_hp_per_floor":[75,75,75,75,75,75,75],"gold":155,"neow_bonus":"THREE_ENEMY_KILL","is_daily":false,"chose_seed":false,"campfire_upgraded":0,"win_rate":0.0,"timestamp":1608700309,"path_taken":["M","?","M","?","?","E"],"items_purchased_type":[],"build_version":"2020-12-13","purchased_purges":0,"victory":false,"max_hp_per_floor":[75,75,75,75,75,75,75],"relic_stats":{"counters":[4,5],"obtain_stats":[{"NeowsBlessing":0,"MiniHakkero":0},{"NeowsBlessing":0,"MiniHakkero":0},{"NeowsBlessing":0,"MiniHakkero":0}]},"card_choices":[{"not_picked":["ShootingEcho","StarlightTyphoon"],"picked":"Acceleration","floor":1.0},{"not_picked":["MeteoricShower","GrandCross"],"picked":"DarkMatter","floor":3.0},{"not_picked":["MeteoricShower","Occultation"],"picked":"ShootingEcho","floor":5}],"player_experience":180401,"relics_obtained":[],"event_choices":[{"damage_healed":0.0,"max_hp_gain":0.0,"max_hp_loss":0.0,"gold_gain":0.0,"cards_transformed":["Strike_MRS"],"event_name":"Living Wall","player_choice":"Change","floor":2.0,"gold_loss":0.0,"damage_taken":0.0,"cards_obtained":["EarthLightRay"]},{"damage_healed":0,"gold_gain":0,"player_choice":"Fled","damage_taken":0,"max_hp_gain":0,"max_hp_loss":0,"event_name":"Scrap Ooze","floor":4,"gold_loss":0}],"is_beta":false,"boss_relics":[],"items_purged_floors":[],"is_endless":false,"potions_floor_spawned":[],"killed_by":"Gremlin Nob","ascension_level":5}}