{"host":"15dd7v8o90xso62x","time":1608752679,"event":{"mods":["BaseMod","Minty Spire (QoL Compilation)","Quick Restart","StSLib"],"gold_per_floor":[113,131,56,56,56,86,44,58,58,93,111,111,111,143,143,214,214,234,247,89,100,129,129,157,157,182,197,197,217,235,150,150,150,150],"floor_reached":33,"playtime":1025,"items_purged":["Strike_G"],"score":620,"play_id":"25ae6017-16a8-4605-9a7d-55cbb6ffa74d","local_time":"20201224044439","is_ascension_mode":true,"campfire_choices":[{"data":"Bouncing Flask","floor":12.0,"key":"SMITH"},{"data":"Crippling Poison","floor":15.0,"key":"SMITH"},{"data":"Calculated Gamble","floor":23.0,"key":"SMITH"},{"data":"Tactician","floor":25.0,"key":"SMITH"},{"data":"Deadly Poison","floor":28.0,"key":"SMITH"},{"data":"Footwork","floor":32,"key":"SMITH"}],"circlet_count":0,"master_deck":["AscendersBane","Strike_G","Strike_G","Strike_G","Strike_G","Defend_G","Defend_G","Defend_G","Defend_G","Survivor","Neutralize","Deflect","Tactician+1","Escape Plan","Poisoned Stab","Acrobatics","Bouncing Flask+1","Crippling Poison+1","Venomology","Footwork+1","Calculated Gamble+1","Backflip","Deadly Poison+1"],"relics":["Ring of the Snake","NeowsBlessing","Darkstone Periapt","Paper Crane","Bag of Marbles","Lantern","Ninja Scroll","Oddly Smooth Stone","Runic Pyramid","Red Mask","Meat on the Bone","Strawberry","Orichalcum"],"acts_visited":["Exordium","TheCity"],"potions_floor_usage":[29,30,33,33],"damage_taken":[{"damage":0.0,"enemies":"Cultist","floor":1.0,"turns":1.0},{"damage":0.0,"enemies":"Small Slimes","floor":2.0,"turns":1.0},{"damage":0.0,"enemies":"Lagavulin","floor":6.0,"turns":1.0},{"damage":0.0,"enemies":"2 Louse","floor":8.0,"turns":4.0},{"damage":18.0,"enemies":"Gremlin Nob","floor":10.0,"turns":5.0},{"damage":0.0,"enemies":"Exordium Thugs","floor":11.0,"turns":4.0},{"damage":1.0,"enemies":"Lagavulin","floor":14.0,"turns":5.0},{"damage":9.0,"enemies":"Hexaghost","floor":16.0,"turns":8.0},{"damage":0.0,"enemies":"3 Byrds","floor":18.0,"turns":3.0},{"damage":9.0,"enemies":"Shell Parasite","floor":19.0,"turns":4.0},{"damage":13.0,"enemies":"Cultist and Chosen","floor":21.0,"turns":5.0},{"damage":6.0,"enemies":"Masked Bandits","floor":22.0,"turns":3.0},{"damage":7.0,"enemies":"Slavers","floor":24.0,"turns":5.0},{"damage":0.0,"enemies":"Centurion and Healer","floor":27.0,"turns":6.0},{"damage":0,"enemies":"Sentry and Sphere","floor":29,"turns":2},{"damage":28,"enemies":"Snecko","floor":30,"turns":5},{"damage":43,"enemies":"Collector","floor":33,"turns":6}],"seed_played":"5716449848040363276","potions_obtained":[{"floor":2.0,"key":"Dexterity Potion"},{"floor":6.0,"key":"GhostInAJar"},{"floor":10.0,"key":"Block Potion"},{"floor":16.0,"key":"AttackPotion"},{"floor":18.0,"key":"Regen Potion"},{"floor":24.0,"key":"Swift Potion"},{"floor":27.0,"key":"Fire Potion"}],"is_trial":false,"path_per_floor":["M","M","?","$","?","E","$","M","T","E","M","R","T","E","R","B",null,"M","M","$","M","?","R","E","R","T","M","R","M","M","?","R","B"],"character_chosen":"THE_SILENT","items_purchased":["Escape Plan","Calculated Gamble"],"campfire_rested":0,"item_purchase_floors":[7,20],"current_hp_per_floor":[59,59,59,59,54,54,54,54,54,36,36,36,36,35,35,26,56,56,47,47,34,40,40,33,33,40,40,40,40,24,24,24,0,0],"gold":150,"neow_bonus":"THREE_ENEMY_KILL","is_daily":false,"chose_seed":false,"campfire_upgraded":6,"win_rate":0.0,"timestamp":1608752679,"path_taken":["M","?","?","$","?","E","$","M","T","E","?","R","?","E","R","BOSS","M","M","$","M","?","R","E","R","T","M","R","M","M","?","R","BOSS"],"items_purchased_type":["Card","Card"],"build_version":"2020-12-22","purchased_purges":1,"victory":false,"max_hp_per_floor":[66,66,66,66,66,66,66,66,66,66,66,66,66,66,66,66,66,66,66,66,66,66,66,66,66,73,73,73,73,73,73,73,73,73],"card_choices":[{"not_picked":["Dodge and Roll","Setup"],"picked":"Deflect","floor":1.0},{"not_picked":["Acrobatics","Finisher"],"picked":"Tactician","floor":2.0},{"not_picked":["Slice","Outmaneuver","Concentrate"],"picked":"SKIP","floor":6.0},{"not_picked":["Cloak And Dagger","Deadly Poison"],"picked":"Poisoned Stab","floor":8.0},{"not_picked":["Poisoned Stab","Backflip"],"picked":"Acrobatics","floor":10.0},{"not_picked":["Terror","Sucker Punch"],"picked":"Bouncing Flask","floor":11.0},{"not_picked":["Night Terror","Blur"],"picked":"Crippling Poison","floor":14.0},{"not_picked":["Bullet Time","Envenom"],"picked":"Venomology","floor":16.0},{"not_picked":["Poisoned Stab","Cloak And Dagger"],"picked":"Footwork","floor":18.0},{"not_picked":["Underhanded Strike","Blade Dance","Sucker Punch"],"picked":"SKIP","floor":19.0},{"not_picked":["Blade Dance+1","Underhanded Strike","Quick Slash"],"picked":"SKIP","floor":21.0},{"not_picked":["Slice","Cloak And Dagger"],"picked":"Backflip","floor":22.0},{"not_picked":["Crippling Poison","Calculated Gamble","All Out Attack"],"picked":"SKIP","floor":24.0},{"not_picked":["Venomology","Flechettes"],"picked":"Deadly Poison","floor":27.0},{"not_picked":["Sucker Punch+1","Flechettes","Escape Plan"],"picked":"SKIP","floor":29},{"not_picked":["Finisher","Choke","Dash"],"picked":"SKIP","floor":30}],"player_experience":937380,"relics_obtained":[{"floor":6.0,"key":"Paper Crane"},{"floor":9.0,"key":"Bag of Marbles"},{"floor":10.0,"key":"Lantern"},{"floor":13.0,"key":"Ninja Scroll"},{"floor":14.0,"key":"Oddly Smooth Stone"},{"floor":22.0,"key":"Red Mask"},{"floor":24.0,"key":"Meat on the Bone"},{"floor":26.0,"key":"Strawberry"}],"event_choices":[{"cards_removed":["Defend_G"],"damage_healed":0.0,"max_hp_gain":0.0,"max_hp_loss":0.0,"gold_gain":0.0,"event_name":"The Cleric","player_choice":"Card Removal","floor":3.0,"gold_loss":75.0,"damage_taken":0.0},{"damage_healed":0.0,"max_hp_gain":0.0,"max_hp_loss":0.0,"gold_gain":0.0,"event_name":"Scrap Ooze","player_choice":"Success","floor":5.0,"gold_loss":0.0,"damage_taken":5.0,"relics_obtained":["Darkstone Periapt"]},{"damage_healed":0.0,"max_hp_gain":0.0,"max_hp_loss":0.0,"gold_gain":0.0,"event_name":"Masked Bandits","player_choice":"Fought Bandits","floor":22.0,"gold_loss":0.0,"damage_taken":0.0},{"damage_healed":0,"gold_gain":0,"player_choice":"Obtained Relic","damage_taken":0,"relics_obtained":["Orichalcum"],"max_hp_gain":0,"max_hp_loss":0,"event_name":"Addict","floor":31,"gold_loss":85}],"is_beta":false,"boss_relics":[{"not_picked":["Calling Bell","Sozu"],"picked":"Runic Pyramid"}],"items_purged_floors":[20],"is_endless":false,"potions_floor_spawned":[2,6,10,16,18,21,24,27],"killed_by":"Collector","ascension_level":20}}