{"host":"njruw0b0uprlitpx","time":1608709786,"event":{"mods":["2.2 Compatiblity","Astrologer","BaseMod","Better Altar","Better Match","Better Note","Better Sensory Stone","Better Skull","Better Third Choice","BetterRewards","Block Reminder","Colored Map","Colored Powertips","Hermit","Jedi Mod","Keyboard Shortcuts","Minty Spire (QoL Compilation)","Quick Restart","Relic Stats","Replay The Spire","SacredBarkPlus","Spicy Shops","StSLib","SuperFastMode","The Construct","The Cursed","The Marked","The Mystic","The Necromancer","The Spell Scribe"],"gold_per_floor":[115,190,190,200,210,244,254,254,328,345,370,95,95,126,126,231,231,242,461,461,38,38,64,64,97,97,97,113,140,158,9,9,104,104,117,127,50,50,85,117,117,150,175,185,204,238,238,253,253,253],"floor_reached":51,"playtime":2461,"items_purged":["TheCursedMod:Strike_TheCursed","TheCursedMod:Defend_TheCursed","Shame"],"score":1627,"play_id":"c492f4ab-9b3e-4df9-8700-3d765520a635","local_time":"20201223014946","is_ascension_mode":true,"campfire_choices":[{"floor":8,"key":"REST"},{"floor":13,"key":"REST"},{"data":"TheCursedMod:DarkBarrier","floor":15,"key":"SMITH"},{"floor":24,"key":"REST"},{"data":"TheCursedMod:ManaBullet","floor":27,"key":"SMITH"},{"floor":32,"key":"REST"},{"data":"TheCursedMod:ForbiddenAlchemy","floor":41,"key":"SMITH"},{"data":"TheCursedMod:CleanUpWorkshop","floor":47,"key":"SMITH"},{"data":"TheCursedMod:CursedSpellbook","floor":49,"key":"SMITH"}],"circlet_count":0,"master_deck":["TheCursedMod:Strike_TheCursed+1","TheCursedMod:Strike_TheCursed+1","TheCursedMod:Defend_TheCursed","TheCursedMod:CursedWand","TheCursedMod:CleanUpWorkshop+1","TheCursedMod:Dregs","Clumsy","TheCursedMod:StunningStrike","TheCursedMod:WearCloak","TheCursedMod:CursedSpellbook+1","TheCursedMod:CursedBlade","TheCursedMod:DarkBarrier+1","TheCursedMod:CursedShiv","TheCursedMod:SpitefulPray","TheCursedMod:CollectTribute+1","TheCursedMod:SpitefulPray","TheCursedMod:SpitefulPlan+1","TheCursedMod:ForbiddenAlchemy+1","TheCursedMod:SoulCrush+1","TheCursedMod:CircleOfFocus+1","TheCursedMod:CursedAmulet+1","Pot Of Greed+1","jedi:RedIncense+1","TheCursedMod:SoulCrush+1","TheCursedMod:ManaBullet+1","TheCursedMod:SmokeScreen+1","TheCursedMod:CursedMace+1","Looming Evil","TheCursedMod:CursedBoomerang+1","TheCursedMod:DoubleShield+1","TheCursedMod:DemonicPact+1","AbeCurse","TheCursedMod:CursedMace+1","TheCursedMod:DoubleShield","TheCursedMod:StunningStrike+1","TheCursedMod:SurpriseAttack+1","TheCursedMod:CursedStaff+1","TheCursedMod:SpreadPlague+1","TheCursedMod:ShockAndAwe+1"],"relics":["TheCursedMod:BlackMagic101","Du-Vu Doll","Frozen Egg 2","Ginger","Membership Card","Incense Burner","Mummified Hand","Potion Belt","Whetstone","Cauldron","Astrolabe","Golden Egg","Replay:WaspNest","BargainBundle","Dream Catcher","Frozen Eye","Strawberry","Toy Ornithopter","BranchBurnRelic","InkBottle","Molten Egg 2","Smiling Mask","ReplayTheSpireMod:CursedCoin","ReplayTheSpireMod:Ninjato","Orichalcum","Abe\u0027s Treasure","DollysMirror","TheCursedMod:CrystalBall","jedi:heavyjacket","Blue Doll","Lantern","Regal Pillow"],"acts_visited":["Exordium","TheCity","TheBeyond"],"potions_floor_usage":[11,11,16,16,18,18,23,23,23,23,23,23,25,25,28,28,28,29,29,33,35,42,45,45,45,46,50,50,50,50,50,50,50,50,50,50,50,50,50,50,50,50,50,50,50,50],"damage_taken":[{"damage":2,"enemies":"Jaw Worm","floor":1,"turns":3},{"damage":4,"enemies":"2 Louse","floor":4,"turns":2},{"damage":0,"enemies":"Cultist","floor":5,"turns":3},{"damage":24,"enemies":"Lagavulin","floor":6,"turns":8},{"damage":0,"enemies":"2 Fungi Beasts","floor":7,"turns":4},{"damage":2,"enemies":"Large Slime","floor":10,"turns":5},{"damage":1,"enemies":"Gremlin Nob","floor":11,"turns":4},{"damage":5,"enemies":"3 Sentries","floor":14,"turns":5},{"damage":12,"enemies":"Hexaghost","floor":16,"turns":8},{"damage":0,"enemies":"Shell Parasite","floor":18,"turns":2},{"damage":14,"enemies":"Slavers","floor":23,"turns":2},{"damage":0,"enemies":"Book of Stabbing","floor":25,"turns":3},{"damage":12,"enemies":"Chosen","floor":28,"turns":3},{"damage":18,"enemies":"Slavers","floor":29,"turns":3},{"damage":2,"enemies":"Snecko","floor":30,"turns":3},{"damage":0,"enemies":"Champ","floor":33,"turns":4},{"damage":2,"enemies":"Orb Walker","floor":35,"turns":2},{"damage":1,"enemies":"3 Shapes","floor":36,"turns":3},{"damage":7,"enemies":"Giant Head","floor":40,"turns":4},{"damage":0,"enemies":"R_Hoarder","floor":42,"turns":4},{"damage":1,"enemies":"Transient","floor":44,"turns":5},{"damage":2,"enemies":"Maw","floor":45,"turns":3},{"damage":0,"enemies":"Nemesis","floor":46,"turns":1},{"damage":0,"enemies":"Spire Growth","floor":48,"turns":2},{"damage":0,"enemies":"Donu and Deca","floor":50,"turns":3}],"seed_played":"574062241410495508","potions_obtained":[{"floor":1,"key":"Weak Potion"},{"floor":7,"key":"Toxic Potion"},{"floor":11,"key":"ColorlessPotion"},{"floor":12,"key":"ColorlessPotion"},{"floor":12,"key":"Block Potion"},{"floor":12,"key":"Swift Potion"},{"floor":12,"key":"Milkshake"},{"floor":16,"key":"Milkshake"},{"floor":23,"key":"Energy Potion"},{"floor":29,"key":"Cursed Concoction"},{"floor":33,"key":"Languid Potion"},{"floor":42,"key":"EssenceOfSteel"}],"is_trial":false,"path_per_floor":["M","?","?","M","M","E","M","R","T","M","E","$","R","E","R","B",null,"M","?","?","$","T","E","R","E","T","R","M","E","M","$","R","B",null,"M","M","$","?","?","E","R","E","T","M","M","E","R","M","R","B",null],"character_chosen":"THE_CURSED","items_purchased":["Du-Vu Doll","Frozen Egg 2","TheCursedMod:StunningStrike","Membership Card","TheCursedMod:SpitefulPray","Whetstone","Cauldron","PrismaticShard","Golden Egg","Replay:WaspNest","jedi:RedIncense","BargainBundle","Dream Catcher","Frozen Eye","Dexterity Potion","Explosive Potion","TheCursedMod:Hemoplague+1","TheCursedMod:SoulCrush","ReplayTheSpireMod:CursedCoin","ReplayTheSpireMod:Ninjato","TheCursedMod:CursedBoomerang+1","Orichalcum","TheCursedMod:DoubleShield+1","DollysMirror"],"campfire_rested":4,"item_purchase_floors":[0,0,0,0,12,12,12,12,21,21,21,21,21,21,21,21,21,21,31,31,31,31,31,37],"current_hp_per_floor":[66,55,59,55,55,31,31,53,53,51,50,50,72,67,67,63,72,72,58,58,58,65,51,75,82,82,82,74,64,62,62,82,82,82,80,79,79,79,79,72,72,82,82,81,80,82,82,82,82,82],"gold":253,"neow_bonus":"","is_daily":false,"chose_seed":false,"campfire_upgraded":5,"win_rate":0.0,"timestamp":1608709786,"path_taken":["M","?","?","M","?","E","M","R","T","M","E","$","R","E","R","BOSS","M","?","?","$","?","E","R","E","T","R","M","E","M","$","R","BOSS","M","?","$","?","?","E","R","E","T","M","?","E","R","M","R","BOSS"],"items_purchased_type":["Relic","Relic","Card","Relic","Card","Relic","Relic","Relic","Relic","Relic","Card","Relic","Relic","Relic","Potion","Potion","Card","Card","Relic","Relic","Card","Relic","Card","Relic"],"build_version":"2020-12-22","purchased_purges":3,"victory":true,"max_hp_per_floor":[75,75,75,75,75,75,75,75,75,75,75,75,75,75,75,75,75,75,75,75,75,82,82,82,82,82,82,82,82,82,82,82,82,82,82,82,82,82,82,82,82,82,82,82,82,82,82,82,82,82],"relic_stats":{"Dream Catcher":2,"Regal Pillow":0,"counters":[25,89],"Mummified Hand":[78],"Astrolabe":["TheCursedMod:SoulCrush","TheCursedMod:CircleOfFocus","TheCursedMod:CursedAmulet"],"Ginger":[6],"Whetstone":["TheCursedMod:Strike_TheCursed","TheCursedMod:Strike_TheCursed"],"Orichalcum":[42],"Smiling Mask":0,"obtain_stats":[{"Golden Egg":21,"Lantern":43,"Regal Pillow":46,"Blue Doll":42,"Incense Burner":6,"Ginger":0,"Whetstone":12,"construct:ClockworkPhoenix":0,"PrismaticShard":12,"Smiling Mask":29,"Frozen Eye":21,"BranchBurnRelic":24,"Dream Catcher":21,"Mummified Hand":9,"DollysMirror":37,"Strawberry":22,"TheCursedMod:CrystalBall":39,"InkBottle":25,"Potion Belt":11,"TheCursedMod:BlackMagic101":12,"BargainBundle":21,"ReplayTheSpireMod:Ninjato":31,"ReplayTheSpireMod:CursedCoin":31,"Dead Branch":14,"Astrolabe":17,"Replay:WaspNest":21,"Frozen Egg 2":0,"Orichalcum":31,"Du-Vu Doll":0,"Cauldron":12,"jedi:heavyjacket":40,"Molten Egg 2":26,"Membership Card":0,"Toy Ornithopter":23,"Abe\u0027s Treasure":34},{"Golden Egg":10,"Lantern":20,"Regal Pillow":23,"Blue Doll":20,"Incense Burner":4,"Ginger":0,"Whetstone":7,"construct:ClockworkPhoenix":0,"PrismaticShard":7,"Smiling Mask":14,"Frozen Eye":10,"BranchBurnRelic":11,"Dream Catcher":10,"Mummified Hand":5,"DollysMirror":18,"Strawberry":10,"TheCursedMod:CrystalBall":18,"InkBottle":12,"Potion Belt":7,"TheCursedMod:BlackMagic101":7,"BargainBundle":10,"ReplayTheSpireMod:Ninjato":15,"ReplayTheSpireMod:CursedCoin":15,"Dead Branch":8,"Astrolabe":9,"Replay:WaspNest":10,"Frozen Egg 2":0,"Orichalcum":15,"Du-Vu Doll":0,"Cauldron":7,"jedi:heavyjacket":19,"Molten Egg 2":12,"Membership Card":0,"Toy Ornithopter":11,"Abe\u0027s Treasure":16},{"Golden Egg":44,"Lantern":75,"Regal Pillow":84,"Blue Doll":75,"Incense Burner":16,"Ginger":0,"Whetstone":29,"construct:ClockworkPhoenix":0,"PrismaticShard":29,"Smiling Mask":55,"Frozen Eye":44,"BranchBurnRelic":46,"Dream Catcher":44,"Mummified Hand":20,"DollysMirror":67,"Strawberry":44,"TheCursedMod:CrystalBall":67,"InkBottle":49,"Potion Belt":29,"TheCursedMod:BlackMagic101":29,"BargainBundle":44,"ReplayTheSpireMod:Ninjato":58,"ReplayTheSpireMod:CursedCoin":58,"Dead Branch":34,"Astrolabe":42,"Replay:WaspNest":44,"Frozen Egg 2":0,"Orichalcum":58,"Du-Vu Doll":0,"Cauldron":29,"jedi:heavyjacket":71,"Molten Egg 2":49,"Membership Card":0,"Toy Ornithopter":46,"Abe\u0027s Treasure":62}],"Toy Ornithopter":23,"InkBottle":[27]},"card_choices":[{"not_picked":["TheCursedMod:SmokeScreen","TheCursedMod:Wield"],"picked":"TheCursedMod:WearCloak","floor":1},{"not_picked":["TheCursedMod:WearCloak","TheCursedMod:RapidMovement"],"picked":"TheCursedMod:CursedSpellbook","floor":4},{"not_picked":["TheCursedMod:WearCloak","TheCursedMod:CircleOfCorruption"],"picked":"TheCursedMod:CursedBlade","floor":5},{"not_picked":["TheCursedMod:Torture","TheCursedMod:AbyssShockwave"],"picked":"TheCursedMod:DarkBarrier","floor":6},{"not_picked":["TheCursedMod:CircleOfFocus","TheCursedMod:Evocation"],"picked":"TheCursedMod:CursedShiv","floor":7},{"not_picked":["TheCursedMod:RavingStaff","TheCursedMod:Torture"],"picked":"TheCursedMod:SpitefulPray","floor":10},{"not_picked":["TheCursedMod:ReleasedStrength","TheCursedMod:SurpriseAttack"],"picked":"TheCursedMod:CollectTribute+1","floor":11},{"not_picked":["TheCursedMod:CircleOfFlame","TheCursedMod:SurpriseAttack"],"picked":"TheCursedMod:SpitefulPlan+1","floor":14},{"not_picked":["TheCursedMod:ManaCirculation+1","TheCursedMod:ParallelWorld"],"picked":"TheCursedMod:ForbiddenAlchemy","floor":16},{"not_picked":["TheCursedMod:FuryStrike","TheCursedMod:EmpowerCircles+1","TheCursedMod:VitalStrike"],"picked":"SKIP","floor":18},{"not_picked":["TheCursedMod:CursedBlade+1","TheCursedMod:VitalStrike"],"picked":"TheCursedMod:ManaBullet","floor":23},{"not_picked":["TheCursedMod:WearCloak","TheCursedMod:FleshFromBone"],"picked":"TheCursedMod:SmokeScreen+1","floor":24},{"not_picked":["TheCursedMod:EmpowerCircles+1","TheCursedMod:SmokeScreen+1","TheCursedMod:CollectTribute+1"],"picked":"SKIP","floor":25},{"not_picked":["TheCursedMod:SmokeScreen+1","TheCursedMod:CircleOfFlame","TheCursedMod:CursedBlade+1"],"picked":"SKIP","floor":28},{"not_picked":["TheCursedMod:Stretching","TheCursedMod:CircleOfCorruption","TheCursedMod:CursedBlade+1"],"picked":"SKIP","floor":29},{"not_picked":["TheCursedMod:TacticalStrike+1","TheCursedMod:HellfireBreathing+1"],"picked":"TheCursedMod:CursedMace+1","floor":30},{"not_picked":["TheCursedMod:ForbiddenAlchemy","TheCursedMod:UltimatePain"],"picked":"TheCursedMod:DemonicPact+1","floor":33},{"not_picked":["TheCursedMod:CircleOfWindfury+1","TheCursedMod:BloodBarrier+1"],"picked":"TheCursedMod:CursedMace+1","floor":35},{"not_picked":["TheCursedMod:CursedSpellbook","TheCursedMod:FleshFromBone+1"],"picked":"TheCursedMod:DoubleShield","floor":36},{"not_picked":["TheCursedMod:CursedSpellbook","TheCursedMod:CursedAmulet+1"],"picked":"TheCursedMod:SurpriseAttack+1","floor":40},{"not_picked":["TheCursedMod:FuryStrike+1","TheCursedMod:DoubleShield","TheCursedMod:CursedArmor"],"picked":"SKIP","floor":42},{"not_picked":["TheCursedMod:TacticalStrike+1","TheCursedMod:CircleOfFlame+1"],"picked":"TheCursedMod:CursedStaff+1","floor":44},{"not_picked":["TheCursedMod:CursedShiv+1","TheCursedMod:RapidMovement"],"picked":"TheCursedMod:SpreadPlague+1","floor":45},{"not_picked":["TheCursedMod:Stigma+1","TheCursedMod:ParallelWorld"],"picked":"TheCursedMod:ShockAndAwe+1","floor":46},{"not_picked":["TheCursedMod:VitalStrike+1","TheCursedMod:FleshFromBone","TheCursedMod:CircleOfCorruption+1"],"picked":"SKIP","floor":48}],"player_experience":1609985,"relics_obtained":[{"floor":6,"key":"Incense Burner"},{"floor":9,"key":"Mummified Hand"},{"floor":11,"key":"Potion Belt"},{"floor":14,"key":"Dead Branch"},{"floor":22,"key":"Strawberry"},{"floor":23,"key":"Toy Ornithopter"},{"floor":25,"key":"InkBottle"},{"floor":26,"key":"Molten Egg 2"},{"floor":29,"key":"Smiling Mask"},{"floor":39,"key":"TheCursedMod:CrystalBall"},{"floor":40,"key":"jedi:heavyjacket"},{"floor":42,"key":"Blue Doll"},{"floor":43,"key":"Lantern"},{"floor":46,"key":"Regal Pillow"}],"event_choices":[{"damage_healed":0,"gold_gain":75,"player_choice":"Gold","damage_taken":11,"max_hp_gain":0,"max_hp_loss":0,"event_name":"betterThird:BetterGoop","floor":2,"gold_loss":0},{"damage_healed":4,"gold_gain":0,"player_choice":"LEAVE ","damage_taken":0,"relics_obtained":[],"max_hp_gain":0,"max_hp_loss":0,"event_name":"betterSkull:BetterSkull","floor":3,"gold_loss":0,"cards_upgraded":[]},{"damage_healed":0,"gold_gain":219,"player_choice":"GO GO ","damage_taken":16,"relics_obtained":[],"max_hp_gain":0,"max_hp_loss":0,"event_name":"betterSkull:BetterSkull","floor":19,"gold_loss":0,"cards_upgraded":[]},{"cards_removed":["TheCursedMod:StunningStrike"],"damage_healed":0,"gold_gain":0,"player_choice":"Take \u0026 Give","damage_taken":0,"max_hp_gain":0,"max_hp_loss":0,"event_name":"betterNote:BetterNote","floor":20,"gold_loss":0,"cards_obtained":["Pot Of Greed"]},{"cards_removed":["TheCursedMod:Hemoplague"],"damage_healed":0,"gold_gain":0,"player_choice":"Removed Power","damage_taken":0,"max_hp_gain":0,"max_hp_loss":0,"event_name":"Falling","floor":38,"gold_loss":0}],"is_beta":false,"boss_relics":[{"not_picked":["Empty Cage","Black Star"],"picked":"Astrolabe"},{"not_picked":["Honey Jar","Tiny House"],"picked":"Abe\u0027s Treasure"}],"items_purged_floors":[12,12,21],"is_endless":false,"potions_floor_spawned":[1,7,11,16,23,29,33,40,42,45],"ascension_level":6}}