{"host":"x039aayur7qovk2d","time":1608761246,"event":{"mods":["AchievementEnabler","BaseMod","Block Reminder","Colored Map","Colored Powertips","DeckTracker","Googly Eyes","Highlight Path","Minty Spire (QoL Compilation)","Permanent Neow","Quick Restart","Rare Cards Sparkle","Relic Sorter","Relic Stats"],"gold_per_floor":[17,27,41,53,70,70,101,114,114,130,130,157,157,167,167,272,272,286,305,53,73,86,86,113,124,148,158,192,6,96,111,111,211,211,224,235,246,257,257,257,257],"floor_reached":40,"playtime":3393,"items_purged":["Doubt"],"score":623,"play_id":"a737ebf9-7a3e-4519-9cd4-ff2fcd9b47bb","local_time":"20201223140726","is_ascension_mode":false,"campfire_choices":[{"data":"Rage","floor":6,"key":"SMITH"},{"floor":13,"key":"RECALL"},{"data":"Seeing Red","floor":15,"key":"SMITH"},{"floor":23,"key":"REST"},{"floor":32,"key":"REST"}],"circlet_count":0,"master_deck":["Strike_R","Strike_R","Strike_R","Defend_R+1","Defend_R","Defend_R+1","Bash","Iron Wave","Anger","Rage+1","Clash","Flex","Dual Wield","Clash","Pummel","Pommel Strike","Seeing Red+1","Bludgeon","Twin Strike+1","Shrug It Off","Wild Strike","True Grit+1","Exhume","Inflame+1","Headbutt+1","Sentinel","Rampage","Metallicize","Flame Barrier","Demon Form","Blood for Blood","Iron Wave+1","Perfected Strike+1","Parasite","Cleave+1"],"relics":["Burning Blood","Shuriken","Lizard Tail","Cursed Key","Paper Frog","Orichalcum","War Paint","White Beast Statue","Fusion Hammer"],"acts_visited":["Exordium","TheCity","TheBeyond"],"potions_floor_usage":[8,12,16,24,25,27,28,33,34,36,38,40,40],"damage_taken":[{"damage":3,"enemies":"Jaw Worm","floor":1,"turns":4},{"damage":5,"enemies":"Cultist","floor":2,"turns":4},{"damage":5,"enemies":"Small Slimes","floor":3,"turns":3},{"damage":7,"enemies":"Red Slaver","floor":4,"turns":5},{"damage":7,"enemies":"Blue Slaver","floor":5,"turns":3},{"damage":1,"enemies":"Gremlin Nob","floor":7,"turns":3},{"damage":0,"enemies":"Exordium Thugs","floor":8,"turns":4},{"damage":0,"enemies":"Looter","floor":10,"turns":3},{"damage":7,"enemies":"Lagavulin","floor":12,"turns":3},{"damage":0,"enemies":"Blue Slaver","floor":14,"turns":2},{"damage":39,"enemies":"Hexaghost","floor":16,"turns":6},{"damage":12,"enemies":"Shell Parasite","floor":18,"turns":2},{"damage":0,"enemies":"3 Byrds","floor":19,"turns":4},{"damage":20,"enemies":"Centurion and Healer","floor":21,"turns":5},{"damage":23,"enemies":"3 Cultists","floor":22,"turns":5},{"damage":17,"enemies":"Book of Stabbing","floor":24,"turns":4},{"damage":11,"enemies":"Snake Plant","floor":25,"turns":3},{"damage":15,"enemies":"Centurion and Healer","floor":27,"turns":6},{"damage":7,"enemies":"Gremlin Leader","floor":28,"turns":8},{"damage":11,"enemies":"Snecko","floor":31,"turns":4},{"damage":61,"enemies":"Collector","floor":33,"turns":9},{"damage":19,"enemies":"3 Darklings","floor":35,"turns":4},{"damage":0,"enemies":"3 Shapes","floor":36,"turns":4},{"damage":33,"enemies":"Maw","floor":37,"turns":7},{"damage":24,"enemies":"Writhing Mass","floor":38,"turns":4},{"damage":44,"enemies":"Time Eater","floor":40,"turns":4}],"seed_played":"-5119548119854850886","potions_obtained":[{"floor":2,"key":"HeartOfIron"},{"floor":3,"key":"Energy Potion"},{"floor":5,"key":"Explosive Potion"},{"floor":12,"key":"SkillPotion"},{"floor":16,"key":"CultistPotion"},{"floor":19,"key":"ElixirPotion"},{"floor":27,"key":"Weak Potion"},{"floor":31,"key":"SneckoOil"},{"floor":33,"key":"Fruit Juice"},{"floor":35,"key":"DistilledChaos"},{"floor":36,"key":"Explosive Potion"},{"floor":37,"key":"AttackPotion"},{"floor":38,"key":"Fruit Juice"}],"is_trial":false,"path_per_floor":["M","M","M","M","M","R","E","M","T","M","?","E","R","M","R","B",null,"M","M","$","M","M","R","E","M","T","M","E","$","?","M","R","B",null,"M","M","M","M","?","B"],"character_chosen":"IRONCLAD","items_purchased":["Paper Frog","Rampage","Metallicize"],"campfire_rested":2,"item_purchase_floors":[20,29,29],"current_hp_per_floor":[80,80,80,79,78,78,80,80,80,80,80,79,79,80,80,47,80,74,80,80,66,49,73,62,57,57,48,47,47,35,30,54,46,85,72,78,51,38,38,0,0],"gold":257,"neow_bonus":"TRANSFORM_TWO_CARDS","is_daily":false,"chose_seed":false,"campfire_upgraded":2,"win_rate":0.0,"timestamp":1608761246,"path_taken":["M","M","M","M","M","R","E","M","T","M","?","E","R","M","R","BOSS","M","M","?","M","M","R","E","M","T","M","E","$","?","M","R","BOSS","M","M","M","M","?","BOSS"],"items_purchased_type":["Relic","Card","Card"],"build_version":"2020-12-22","purchased_purges":1,"victory":false,"max_hp_per_floor":[80,80,80,80,80,80,80,80,80,80,80,80,80,80,80,80,80,80,80,80,80,80,80,80,80,80,80,80,80,80,80,80,80,85,85,85,85,90,90,90,90],"relic_stats":{"Lizard Tail":40,"counters":[26,113],"Shuriken":[44],"Orichalcum":[72],"War Paint":["Defend_R","Defend_R"],"Cursed Key":1,"obtain_stats":[{"Lizard Tail":12,"Shuriken":7,"Fusion Hammer":34,"Orichalcum":24,"War Paint":26,"Cursed Key":17,"Burning Blood":0,"White Beast Statue":28,"Paper Frog":20},{"Lizard Tail":9,"Shuriken":6,"Fusion Hammer":21,"Orichalcum":16,"War Paint":17,"Cursed Key":11,"Burning Blood":0,"White Beast Statue":19,"Paper Frog":13},{"Lizard Tail":32,"Shuriken":22,"Fusion Hammer":90,"Orichalcum":60,"War Paint":63,"Cursed Key":40,"Burning Blood":0,"White Beast Statue":77,"Paper Frog":46}],"Burning Blood":125},"card_choices":[{"not_picked":["Perfected Strike","Thunderclap"],"picked":"Iron Wave","floor":1},{"not_picked":["Perfected Strike","Whirlwind"],"picked":"Anger","floor":2},{"not_picked":["Rupture","Seeing Red"],"picked":"Rage","floor":3},{"not_picked":["Entrench","Hemokinesis"],"picked":"Clash","floor":4},{"not_picked":["Second Wind","Power Through"],"picked":"Flex","floor":5},{"not_picked":["Rupture","Entrench"],"picked":"Dual Wield","floor":7},{"not_picked":["Entrench","Rage"],"picked":"Clash","floor":8},{"not_picked":["Burning Pact","Rage","True Grit"],"picked":"SKIP","floor":10},{"not_picked":["Second Wind","Havoc"],"picked":"Pommel Strike","floor":12},{"not_picked":["Cleave","Anger"],"picked":"Seeing Red","floor":14},{"not_picked":["Berserk","Reaper"],"picked":"Bludgeon","floor":16},{"not_picked":["Shrug It Off","Warcry"],"picked":"Twin Strike+1","floor":18},{"not_picked":["Iron Wave","Headbutt"],"picked":"Shrug It Off","floor":19},{"not_picked":["Spot Weakness","Pommel Strike+1"],"picked":"Wild Strike","floor":21},{"not_picked":["Pommel Strike","Twin Strike"],"picked":"True Grit+1","floor":22},{"not_picked":["Cleave","Fire Breathing"],"picked":"Exhume","floor":24},{"not_picked":["Disarm","Iron Wave"],"picked":"Inflame+1","floor":25},{"not_picked":["Dark Embrace","Havoc"],"picked":"Headbutt+1","floor":27},{"not_picked":["True Grit","Brutality"],"picked":"Sentinel","floor":28},{"not_picked":["Seeing Red+1","Inflame"],"picked":"Flame Barrier","floor":31},{"not_picked":["Limit Break","Feed"],"picked":"Demon Form","floor":33},{"not_picked":["Shockwave+1","Shrug It Off+1"],"picked":"Blood for Blood","floor":35},{"not_picked":["Thunderclap+1","Rampage+1"],"picked":"Iron Wave+1","floor":36},{"not_picked":["Wild Strike","Feel No Pain+1"],"picked":"Perfected Strike+1","floor":37},{"not_picked":["Twin Strike","Combust"],"picked":"Cleave+1","floor":38}],"player_experience":57601,"relics_obtained":[{"floor":7,"key":"Shuriken"},{"floor":12,"key":"Lizard Tail"},{"floor":24,"key":"Orichalcum"},{"floor":26,"key":"War Paint"},{"floor":28,"key":"White Beast Statue"}],"event_choices":[{"damage_healed":0,"gold_gain":0,"cards_transformed":["Strike_R"],"player_choice":"Transformed","damage_taken":0,"max_hp_gain":0,"max_hp_loss":0,"event_name":"Transmorgrifier","floor":11,"gold_loss":0,"cards_obtained":["Pummel"]},{"damage_healed":0,"gold_gain":90,"player_choice":"GOLD ","damage_taken":12,"max_hp_gain":0,"max_hp_loss":0,"event_name":"Knowing Skull","floor":30,"potions_obtained":[],"gold_loss":0,"cards_obtained":[]},{"damage_healed":0,"gold_gain":0,"player_choice":"Took Portal","damage_taken":0,"max_hp_gain":0,"max_hp_loss":0,"event_name":"SecretPortal","floor":39,"gold_loss":0}],"is_beta":false,"boss_relics":[{"not_picked":["Mark of Pain","Philosopher\u0027s Stone"],"picked":"Cursed Key"},{"not_picked":["Runic Cube","Snecko Eye"],"picked":"Fusion Hammer"}],"items_purged_floors":[29],"is_endless":false,"potions_floor_spawned":[2,3,5,7,12,16,19,27,31,33,35,36,37,38],"killed_by":"Time Eater","ascension_level":0}}