{"host":"sxnl403xm2xmiyj1","time":1608706809,"event":{"mods":["AchievementEnabler","BaseMod","Colored Map","Keyboard Shortcuts","Minty Spire (QoL Compilation)","Quick Restart","StSLib","SuperFastMode"],"gold_per_floor":[118,46,121,221,235,235,268,284,310,320,347,347,39,73,85,193,205,230,252,363,8,8,8,34,51,51,51,51],"floor_reached":27,"playtime":481,"items_purged":["Strike_G"],"score":354,"play_id":"6e00778b-4689-4d24-8fa1-f44ad87c7864","local_time":"20201223160009","is_ascension_mode":true,"campfire_choices":[{"data":"Catalyst","floor":6.0,"key":"SMITH"},{"data":"Footwork","floor":15.0,"key":"SMITH"},{"data":"Noxious Fumes","floor":23,"key":"SMITH"}],"circlet_count":0,"master_deck":["Strike_G","Defend_G","Defend_G","Defend_G","Defend_G","Defend_G","Survivor","Neutralize","Bouncing Flask","Blade Dance","Poisoned Stab+1","Catalyst+1","Prepared","Footwork+1","Noxious Fumes+1","Bane","Noxious Fumes+1","Leg Sweep","PiercingWail","Dash+1","Finisher+1","Sucker Punch+1","Bane","Deflect","Footwork","Terror","Quick Slash+1","Ghostly","Ghostly","Ghostly","Ghostly","Ghostly","Dodge and Roll+1","Noxious Fumes"],"relics":["Ring of the Snake","NeowsBlessing","Juzu Bracelet","Tiny Chest","Bottled Lightning","MawBank","Astrolabe","Membership Card","Molten Egg 2","Matryoshka","Letter Opener","Mummified Hand"],"acts_visited":["Exordium","TheCity"],"potions_floor_usage":[],"damage_taken":[{"damage":0.0,"enemies":"Small Slimes","floor":1.0,"turns":1.0},{"damage":0.0,"enemies":"2 Louse","floor":5.0,"turns":1.0},{"damage":0.0,"enemies":"Lagavulin","floor":7.0,"turns":1.0},{"damage":0.0,"enemies":"Cultist","floor":8.0,"turns":3.0},{"damage":1.0,"enemies":"Red Slaver","floor":10.0,"turns":4.0},{"damage":19.0,"enemies":"Gremlin Nob","floor":11.0,"turns":4.0},{"damage":27.0,"enemies":"3 Sentries","floor":14.0,"turns":6.0},{"damage":4.0,"enemies":"Hexaghost","floor":16.0,"turns":7.0},{"damage":0.0,"enemies":"Spheric Guardian","floor":18.0,"turns":3.0},{"damage":6.0,"enemies":"2 Thieves","floor":19.0,"turns":4.0},{"damage":22,"enemies":"Slavers","floor":24,"turns":6},{"damage":2,"enemies":"Snecko","floor":25,"turns":7},{"damage":10,"enemies":"Book of Stabbing","floor":27,"turns":2}],"seed_played":"-541829627149797376","potions_obtained":[{"floor":10.0,"key":"EssenceOfSteel"},{"floor":16.0,"key":"Poison Potion"}],"is_trial":false,"path_per_floor":["M","$","?","?","M","R","E","M","T","M","E","?","$","E","R","B",null,"M","M","?","$","?","R","E","M","T","E"],"character_chosen":"THE_SILENT","items_purchased":["Blade Dance","Poisoned Stab","Noxious Fumes","Leg Sweep","Regen Potion","Membership Card","Footwork","Terror","Molten Egg 2","Quick Slash+1"],"campfire_rested":0,"item_purchase_floors":[2,2,13,13,13,21,21,21,21,21],"current_hp_per_floor":[70,70,59,59,59,59,59,59,59,58,39,25,25,13,13,9,70,70,64,64,64,35,35,13,11,11,1,1],"gold":51,"neow_bonus":"THREE_ENEMY_KILL","is_daily":false,"chose_seed":false,"campfire_upgraded":3,"win_rate":0.0,"timestamp":1608706809,"path_taken":["M","$","?","?","?","R","E","M","T","M","E","?","$","E","R","BOSS","M","M","?","$","?","R","E","M","T","E"],"items_purchased_type":["Card","Card","Card","Card","Potion","Relic","Card","Card","Relic","Card"],"build_version":"2020-12-22","purchased_purges":1,"victory":false,"max_hp_per_floor":[70,70,70,70,70,70,70,70,70,70,70,70,70,70,70,70,70,70,70,70,70,35,35,35,35,35,35,35],"card_choices":[{"not_picked":["Underhanded Strike","PiercingWail"],"picked":"Bouncing Flask","floor":1.0},{"not_picked":["Prepared","Footwork"],"picked":"Catalyst","floor":5.0},{"not_picked":["Caltrops","Dagger Spray"],"picked":"Prepared","floor":7.0},{"not_picked":["Sucker Punch","Crippling Poison"],"picked":"Footwork","floor":8.0},{"not_picked":["Deadly Poison","Slice"],"picked":"Noxious Fumes","floor":10.0},{"not_picked":["Heel Hook","Outmaneuver"],"picked":"Bane","floor":11.0},{"not_picked":["Infinite Blades","Acrobatics"],"picked":"PiercingWail","floor":14.0},{"not_picked":["Infinite Blades","Quick Slash+1"],"picked":"Bane","floor":18.0},{"not_picked":["PiercingWail","Sucker Punch+1"],"picked":"Deflect","floor":19.0},{"not_picked":["Choke+1","Endless Agony+1"],"picked":"Dodge and Roll+1","floor":24},{"not_picked":["Slice+1","Calculated Gamble"],"picked":"Noxious Fumes","floor":25}],"player_experience":118943,"relics_obtained":[{"floor":7.0,"key":"Juzu Bracelet"},{"floor":9.0,"key":"Tiny Chest"},{"floor":11.0,"key":"Bottled Lightning"},{"floor":14.0,"key":"MawBank"},{"floor":24,"key":"Matryoshka"},{"floor":26,"key":"Letter Opener"},{"floor":26,"key":"Mummified Hand"}],"event_choices":[{"damage_healed":0.0,"max_hp_gain":0.0,"max_hp_loss":0.0,"gold_gain":75.0,"event_name":"World of Goop","player_choice":"Gather Gold","floor":3.0,"gold_loss":0.0,"damage_taken":11.0},{"damage_healed":0.0,"max_hp_gain":0.0,"max_hp_loss":0.0,"gold_gain":100.0,"event_name":"Golden Shrine","player_choice":"Pray","floor":4.0,"gold_loss":0.0,"damage_taken":0.0},{"damage_healed":0.0,"max_hp_gain":0.0,"max_hp_loss":0.0,"gold_gain":0.0,"event_name":"Shining Light","player_choice":"Entered Light","floor":12.0,"gold_loss":0.0,"damage_taken":14.0,"cards_upgraded":["Noxious Fumes","Poisoned Stab"]},{"damage_healed":0.0,"max_hp_gain":0.0,"max_hp_loss":0.0,"gold_gain":99.0,"event_name":"Nest","player_choice":"Stole From Cult","floor":20.0,"gold_loss":0.0,"damage_taken":0.0},{"damage_healed":0,"gold_gain":0,"player_choice":"Became a Ghost","damage_taken":0,"max_hp_gain":0,"max_hp_loss":35,"event_name":"Ghosts","floor":22,"gold_loss":0,"cards_obtained":["Ghostly","Ghostly","Ghostly","Ghostly","Ghostly"]}],"is_beta":false,"boss_relics":[{"not_picked":["WristBlade","Busted Crown"],"picked":"Astrolabe"}],"items_purged_floors":[13],"is_endless":false,"potions_floor_spawned":[10,16],"killed_by":"Book of Stabbing","ascension_level":4}}