{"host":"cfluht5kr2kfk9p9","time":1608740140,"event":{"mods":["ATMod(阿瑾Mod)","BaseMod","GungeonMod","Highlight Path","Koishi","Minty Spire (QoL Compilation)","Quick Restart","Rare Cards Sparkle","Relic Stats","Replay The Spire","RumiaBox-露米娅的神秘盒子","Spicy Shops","StSLib","TestMod","The Alterego","[IsaacMod]以撒尖塔","【功能Mod】混沌之环修复补丁","【遗物卡牌】REMEMod"],"gold_per_floor":[114,128,303,316,332,359,359,392,392,412,193,204,16,57,57,270,270,286,211,221,43,65,96,96,132,132,148,148,148,166,193,193,306,306,325,341,341,116,136,136,191,245,257,293,343,371,420,455,467,484],"floor_reached":51,"playtime":2010,"items_purged":["Doubt","Strike_R","Strike_R","Defend_R","LessonLearned+1","Strike_R+1"],"score":1188,"play_id":"f9466343-cba8-4231-b063-1701fb0002d0","local_time":"20201224001540","is_ascension_mode":true,"campfire_choices":[{"data":"Feel No Pain","floor":7.0,"key":"SMITH"},{"data":"Armaments","floor":24.0,"key":"SMITH"},{"floor":28.0,"key":"RECALL"}],"circlet_count":0,"master_deck":["Strike_R+1","Defend_R+1","Defend_R+1","Defend_R+1","Bash+1","AT_TinkerSharpsword+1","REME_FearOfPain+1","Feel No Pain+1","Sword Boomerang+1","Burning Pact+1","REME_ACTH+1","Impervious+1","AT_BodySlamDance+1","Armaments+1","Barricade+1","Feed+1"],"relics":["HushsDoor","AddBug","testmod-Nyarlathotep","Void","Molten Egg 2","Chaos","testmod-TheFather","SacredBark","Bottled Lightning","AT_RedNoBalance","GuppysPaw","SacredBark","ForgetMeNow","Lantern","Coffee Dripper","DemoMod:GlassGuonStoneRelic","AT_SunfireAegis","Bag of Preparation","MawBank","testmod-ThousandKnives","AT_ChloranthyRing","Ring of the Snake","Replay:Multitool","Lantern","DemoMod:VorpalBullet","The Specimen"],"acts_visited":["Exordium","TheCity","TheBeyond"],"potions_floor_usage":[],"damage_taken":[{"damage":6.0,"enemies":"Cultist","floor":1.0,"turns":3.0},{"damage":0.0,"enemies":"2 Louse","floor":2.0,"turns":3.0},{"damage":1.0,"enemies":"Small Slimes","floor":4.0,"turns":4.0},{"damage":6.0,"enemies":"Exordium Wildlife","floor":5.0,"turns":3.0},{"damage":27.0,"enemies":"Gremlin Nob","floor":6.0,"turns":6.0},{"damage":11.0,"enemies":"3 Sentries","floor":8.0,"turns":6.0},{"damage":6.0,"enemies":"Lots of Slimes","floor":10.0,"turns":4.0},{"damage":3.0,"enemies":"Gremlin Gang","floor":12.0,"turns":3.0},{"damage":0.0,"enemies":"Lagavulin","floor":14.0,"turns":4.0},{"damage":0.0,"enemies":"Fading Forest","floor":16.0,"turns":11.0},{"damage":0.0,"enemies":"3 Byrds","floor":18.0,"turns":3.0},{"damage":0.0,"enemies":"2 Thieves","floor":20.0,"turns":1.0},{"damage":0.0,"enemies":"Centurion and Healer","floor":22.0,"turns":3.0},{"damage":0.0,"enemies":"Slavers","floor":23.0,"turns":3.0},{"damage":0.0,"enemies":"Replay:Snechameleon","floor":25.0,"turns":1.0},{"damage":0.0,"enemies":"Snecko","floor":27.0,"turns":2.0},{"damage":0.0,"enemies":"Shelled Parasite and Fungi","floor":30.0,"turns":1.0},{"damage":0.0,"enemies":"Book of Stabbing","floor":31.0,"turns":1.0},{"damage":0.0,"enemies":"Collector","floor":33.0,"turns":3.0},{"damage":0,"enemies":"3 Darklings","floor":35,"turns":2},{"damage":0,"enemies":"3 Shapes","floor":36,"turns":1},{"damage":0,"enemies":"Spire Growth","floor":39,"turns":2},{"damage":0,"enemies":"Hiden Room Battle","floor":41,"turns":2},{"damage":0,"enemies":"Reptomancer","floor":42,"turns":1},{"damage":0,"enemies":"Writhing Mass","floor":44,"turns":1},{"damage":0,"enemies":"Nemesis","floor":45,"turns":1},{"damage":0,"enemies":"Sphere and 2 Shapes","floor":46,"turns":1},{"damage":0,"enemies":"Giant Head","floor":47,"turns":1},{"damage":0,"enemies":"Replay:Hell Engine","floor":50,"turns":1}],"seed_played":"1950569911241726803","potions_obtained":[{"floor":2.0,"key":"SkillPotion"},{"floor":5.0,"key":"Energy Potion"},{"floor":6.0,"key":"testmod-TestPotion"},{"floor":23.0,"key":"PowerPotion"},{"floor":30.0,"key":"Explosive Potion"}],"is_trial":false,"path_per_floor":["M","M","?","M","M","E","R","E","T","M","$","M","$","E","R","B",null,"M","?","M","$","M","E","R","E","T","M","R","T","M","E","R","B",null,"M","M","?","$","M","R","?","E","T","M","E","M","E","T","R","B",null],"character_chosen":"IRONCLAD","items_purchased":["Chaos","testmod-TheFather","AT_SilverBalance","GuppysPaw","Armaments","EntropicBrew","Bag of Preparation"],"campfire_rested":0,"item_purchase_floors":[11,13,17,17,21,34,38],"current_hp_per_floor":[74,74,74,73,67,40,40,29,29,23,23,20,20,20,44,54,57,28,28,28,28,28,28,28,28,28,28,28,28,28,40,40,34,58,33,37,37,37,37,37,26,26,26,30,30,34,34,34,56,56],"gold":496,"neow_bonus":"BOSS_RELIC","is_daily":false,"chose_seed":false,"campfire_upgraded":2,"win_rate":0.0,"timestamp":1608740140,"path_taken":["M","M","?","?","M","E","R","E","T","M","?","M","$","E","R","BOSS","M","?","M","$","?","E","R","E","T","?","R","?","M","E","R","BOSS","M","M","?","$","M","R","?","E","T","M","E","M","E","?","R","BOSS"],"items_purchased_type":["Card","Relic","Relic","Relic","Card","Potion","Relic"],"build_version":"2020-12-22","purchased_purges":6,"victory":true,"max_hp_per_floor":[80,80,80,80,80,80,80,80,80,80,80,80,80,80,80,80,57,57,57,57,57,57,57,57,57,57,57,57,57,57,69,69,69,58,62,66,66,66,66,66,70,70,70,71,71,75,75,75,75,75],"relic_stats":{"counters":[29,78],"Bag of Preparation":[16],"MawBank":120,"obtain_stats":[{"Chaos":11,"Lantern":25,"AT_ATBox":0,"GuppysPaw":17,"SacredBark":14,"DemoMod:GlassGuonStoneRelic":1,"Bag of Preparation":38,"Replay:Multitool":45,"testmod-Nyarlathotep":0,"Burning Blood":0,"TheAbacus":34,"testmod-ThousandKnives":41,"testmod-TheFather":13,"Void":0,"AT_RedNoBalance":35,"Ring of the Snake":43,"KeepersGift":0,"AT_ChloranthyRing":42,"testmod-TestBox":0,"DemoMod:Orange":31,"The Specimen":48,"AddBug":0,"AT_SilverBalance":17,"Orichalcum":6,"MawBank":41,"Snecko Scales":29,"ForgetMeNow":23,"Molten Egg 2":8,"Coffee Dripper":26,"Bottled Lightning":17,"AT_SunfireAegis":37,"HushsDoor":0,"DemoMod:VorpalBullet":47,"REME_ComplimentaryCards":0},{"Chaos":7,"Lantern":15,"AT_ATBox":0,"GuppysPaw":10,"SacredBark":9,"DemoMod:GlassGuonStoneRelic":1,"Bag of Preparation":21,"Replay:Multitool":26,"testmod-Nyarlathotep":0,"Burning Blood":0,"TheAbacus":19,"testmod-ThousandKnives":23,"testmod-TheFather":8,"Void":0,"AT_RedNoBalance":20,"Ring of the Snake":24,"KeepersGift":0,"AT_ChloranthyRing":24,"testmod-TestBox":0,"DemoMod:Orange":18,"The Specimen":28,"AddBug":0,"AT_SilverBalance":10,"Orichalcum":5,"MawBank":23,"Snecko Scales":16,"ForgetMeNow":14,"Molten Egg 2":6,"Coffee Dripper":15,"Bottled Lightning":10,"AT_SunfireAegis":21,"HushsDoor":0,"DemoMod:VorpalBullet":28,"REME_ComplimentaryCards":0},{"Chaos":29,"Lantern":58,"AT_ATBox":0,"GuppysPaw":47,"SacredBark":36,"DemoMod:GlassGuonStoneRelic":3,"Bag of Preparation":68,"Replay:Multitool":75,"testmod-Nyarlathotep":0,"Burning Blood":0,"TheAbacus":65,"testmod-ThousandKnives":72,"testmod-TheFather":32,"Void":0,"AT_RedNoBalance":65,"Ring of the Snake":73,"KeepersGift":0,"AT_ChloranthyRing":73,"testmod-TestBox":0,"DemoMod:Orange":62,"The Specimen":77,"AddBug":0,"AT_SilverBalance":47,"Orichalcum":19,"MawBank":72,"Snecko Scales":60,"ForgetMeNow":57,"Molten Egg 2":25,"Coffee Dripper":58,"Bottled Lightning":47,"AT_SunfireAegis":68,"HushsDoor":0,"DemoMod:VorpalBullet":77,"REME_ComplimentaryCards":0}],"Ring of the Snake":[10]},"card_choices":[{"not_picked":["Abandon","Replay:Undeath\u0027s Touch"],"picked":"REME_FearOfPain","floor":1.0},{"not_picked":["Twin Strike","Flex","Blood for Blood"],"picked":"SKIP","floor":2.0},{"not_picked":["ReplayTheSpireMod:Strike From Hell","AT_IchimonjiDouble"],"picked":"Feel No Pain","floor":4.0},{"not_picked":["Pommel Strike","Searing Blow","Ghostly Armor"],"picked":"SKIP","floor":5.0},{"not_picked":["Pommel Strike","Searing Blow","Ghostly Armor"],"picked":"SKIP","floor":5.0},{"not_picked":["Warcry","Blood for Blood"],"picked":"Sword Boomerang","floor":6.0},{"not_picked":["Perfected Strike+1","Headbutt+1"],"picked":"Burning Pact","floor":8.0},{"not_picked":["Warcry","ReplayTheSpireMod:Stacked"],"picked":"Bomb","floor":10.0},{"not_picked":["Perfected Strike+1","Heavy Blade+1"],"picked":"REME_ACTH","floor":12.0},{"not_picked":["Clothesline+1","AT_DrawKnifeCut+1","Rupture"],"picked":"SKIP","floor":14.0},{"not_picked":["Eclipse","Fiend Fire+1"],"picked":"Impervious","floor":16.0},{"not_picked":["Warcry+1","Pommel Strike+1"],"picked":"AT_BodySlamDance","floor":18.0},{"not_picked":["Perfected Strike+1","Eclipse","Disarm"],"picked":"SKIP","floor":20.0},{"not_picked":["Headbutt+1","Iron Wave+1","Body Slam+1"],"picked":"SKIP","floor":22.0},{"not_picked":["Armaments","Perfected Strike+1"],"picked":"Barricade","floor":23.0},{"not_picked":["Heavy Blade+1","ReplayTheSpireMod:Stacked","Body Slam+1"],"picked":"SKIP","floor":25.0},{"not_picked":["Run Through+1","Twin Strike+1","ReplayTheSpireMod:Corrosion Curse"],"picked":"SKIP","floor":27.0},{"not_picked":["Infernal Blade","Warcry","Sword Boomerang+1"],"picked":"SKIP","floor":30.0},{"not_picked":["Shrug It Off","Bludgeon+1","REME_Cut"],"picked":"SKIP","floor":31.0},{"not_picked":["Eclipse","Impervious"],"picked":"Feed+1","floor":33.0},{"not_picked":["Spot Weakness+1","Juggernaut","AT_IchimonjiDouble+1"],"picked":"SKIP","floor":35},{"not_picked":["REME_Scribble+1","Inflame","Sword Boomerang+1"],"picked":"SKIP","floor":36},{"not_picked":["AT_ManFootWork","ReplayTheSpireMod:Strike From Hell+1","Heavy Blade+1"],"picked":"SKIP","floor":39},{"not_picked":["Headbutt+1","True Grit+1","Limit Break"],"picked":"SKIP","floor":42},{"not_picked":["Rampage+1","Anger+1","Dual Wield"],"picked":"SKIP","floor":44},{"not_picked":["Infernal Blade","Carnage+1","Shockwave"],"picked":"SKIP","floor":45},{"not_picked":["AT_IchimonjiDouble+1","True Grit","Flex+1"],"picked":"SKIP","floor":46},{"not_picked":["ReplayReversal","ReplayTheSpireMod:Strike From Hell+1","AT_IchimonjiDouble+1"],"picked":"SKIP","floor":47}],"player_experience":14323,"relics_obtained":[{"floor":1.0,"key":"HushsDoor"},{"floor":6.0,"key":"Orichalcum"},{"floor":8.0,"key":"Molten Egg 2"},{"floor":10.0,"key":"Void"},{"floor":14.0,"key":"SacredBark"},{"floor":20.0,"key":"HushsDoor"},{"floor":22.0,"key":"SacredBark"},{"floor":23.0,"key":"ForgetMeNow"},{"floor":25.0,"key":"Lantern"},{"floor":26.0,"key":"Coffee Dripper"},{"floor":29.0,"key":"Snecko Scales"},{"floor":31.0,"key":"DemoMod:Orange"},{"floor":41,"key":"MawBank"},{"floor":41,"key":"testmod-ThousandKnives"},{"floor":42,"key":"AT_ChloranthyRing"},{"floor":43,"key":"Ring of the Snake"},{"floor":44,"key":"GuppysPaw"},{"floor":45,"key":"Replay:Multitool"},{"floor":47,"key":"Lantern"},{"floor":47,"key":"DemoMod:VorpalBullet"},{"floor":48,"key":"The Specimen"}],"event_choices":[{"damage_healed":0.0,"max_hp_gain":0.0,"max_hp_loss":0.0,"gold_gain":175.0,"event_name":"Liars Game","player_choice":"AGREE","floor":3.0,"gold_loss":0.0,"damage_taken":0.0,"cards_obtained":["Doubt"]},{"cards_removed":["Strike_R"],"damage_healed":0.0,"max_hp_gain":0.0,"max_hp_loss":0.0,"gold_gain":0.0,"event_name":"Beggar","player_choice":"Gave Gold","floor":19.0,"gold_loss":75.0,"damage_taken":0.0},{"damage_healed":0,"gold_gain":0,"player_choice":"Swap Relic","damage_taken":0,"relics_obtained":["AT_SunfireAegis"],"max_hp_gain":0,"max_hp_loss":0,"event_name":"给自己的盒子","floor":37,"relics_lost":["Void"],"gold_loss":0},{"damage_healed":0,"gold_gain":0,"player_choice":"Fight","damage_taken":0,"max_hp_gain":0,"max_hp_loss":0,"event_name":"HidenRoomEvent","floor":41,"gold_loss":0}],"is_beta":false,"boss_relics":[{"not_picked":["Basket Of Snakes","testmod-BlackFramedGlasses"],"picked":"Bottled Lightning"},{"not_picked":[]},{"not_picked":["StoneCalendar","Replay:Ancient Bell"],"picked":"TheAbacus"},{"not_picked":[]}],"items_purged_floors":[11,13,17,21,34,38],"is_endless":false,"potions_floor_spawned":[2,5,6,18,22,23,30,33,36,39,41,44,45],"ascension_level":1}}