{"host":"fmwbmnqnrup981we","time":1608722359,"event":{"mods":["AchievementEnabler","Act Like it!","BaseMod","Better Match","Better Note","Better Skull","Better Synergies","Better Third Choice","Better Vampires","Block Reminder","Curses Come First","Downfall","Duelist Mod","Elementarium","GungeonMod","HexUI Lib","HornydragonMod","Marked Mod","Minty Spire (QoL Compilation)","Pikachu Mod","Quick Restart","Relic Stats","SIMod","StSLib","The Bug Knight","The Death Knight","The Forsaken","The Marked","The Necromancer","The Runesmith","The Servant 0.9.4","The Wild Card","TheHero","TheVacant","TheVelvet","Transform Curses","Waifu the Spire","Yuri Mod","everything is the same but u backflip on backflip"],"gold_per_floor":[15,15,15,33,109,139,152,152,152,327,30,30,30,62,62,161,161,176,176,281,281,296,323,323,356,356,356,356,387,397,416,416,416,416],"floor_reached":33,"playtime":1466,"items_purged":[],"score":309,"play_id":"a2908878-04e6-4b2b-8717-b88d2123ece3","local_time":"20201223111919","is_ascension_mode":false,"campfire_choices":[{"floor":12,"key":"RECALL"},{"floor":15,"key":"REST"},{"data":"Envenom","floor":24,"key":"SMITH"},{"floor":32,"key":"REST"}],"circlet_count":0,"master_deck":["Survivor","Neutralize","Panache","Cloak And Dagger","After Image","Deflect","Accuracy","Poisoned Stab","Envenom+1","All Out Attack","PiercingWail","Predator","Unload","Poisoned Stab","Outmaneuver","Blade Dance","Distraction","Storm of Steel","Accuracy","Deflect+1"],"relics":["Ring of the Snake","Pyrelight","Juzu Bracelet","Darkstone Periapt","Mummified Hand","Bottled Tornado","Pandora\u0027s Box","Runesmith:Locket","DemoMod:Bottle","DemoMod:LamentConfigurum","MarkOfWind","Smiling Mask"],"acts_visited":["Exordium","TheCity"],"potions_floor_usage":[25,33,33],"damage_taken":[{"damage":0,"enemies":"2 Louse","floor":1,"turns":2},{"damage":0,"enemies":"Jaw Worm","floor":4,"turns":7},{"damage":23,"enemies":"3 Sentries","floor":6,"turns":12},{"damage":0,"enemies":"Small Slimes","floor":7,"turns":4},{"damage":9,"enemies":"Lagavulin","floor":14,"turns":7},{"damage":53,"enemies":"Slime Boss","floor":16,"turns":16},{"damage":5,"enemies":"3 Byrds","floor":18,"turns":3},{"damage":0,"enemies":"Shell Parasite","floor":22,"turns":5},{"damage":9,"enemies":"Gremlin Leader","floor":23,"turns":4},{"damage":23,"enemies":"theDuelist:KaibaA2","floor":25,"turns":5},{"damage":1,"enemies":"Gremlin Leader","floor":29,"turns":7},{"damage":5,"enemies":"Snake Plant","floor":30,"turns":3},{"damage":10,"enemies":"Sentry and Sphere","floor":31,"turns":4},{"damage":46,"enemies":"Collector","floor":33,"turns":7}],"seed_played":"-2302548290005313635","potions_obtained":[{"floor":16,"key":"hexamod:EctoCoolerPotion"},{"floor":22,"key":"PowerPotion"},{"floor":31,"key":"DeathKnight:RimePotion"}],"is_trial":false,"path_per_floor":["M","?","?","M","T","E","M","?","T","?","$","R","$","E","R","B",null,"M","?","?","?","M","E","R","E","T","?","?","E","M","M","R","B"],"character_chosen":"THE_SILENT","items_purchased":["Mummified Hand","Accuracy"],"campfire_rested":2,"item_purchase_floors":[11,11],"current_hp_per_floor":[70,63,63,63,63,40,40,40,40,46,46,46,46,37,59,6,76,71,76,68,68,68,59,59,36,36,36,36,35,30,20,42,0,0],"gold":416,"neow_bonus":"RANDOM_COLORLESS_2","is_daily":false,"chose_seed":false,"campfire_upgraded":1,"win_rate":0.0,"timestamp":1608722359,"path_taken":["M","?","?","M","?","E","M","?","T","?","?","R","$","E","R","BOSS","M","?","?","?","M","E","R","E","T","?","?","E","M","M","R","BOSS"],"items_purchased_type":["Relic","Card"],"build_version":"2020-12-22","purchased_purges":0,"victory":false,"max_hp_per_floor":[70,70,70,70,70,70,70,70,70,76,76,76,76,76,76,76,76,76,76,76,76,76,76,76,76,76,76,76,76,76,76,76,76,76],"relic_stats":{"Darkstone Periapt":6,"counters":[14,86],"Mummified Hand":[43],"Pandora\u0027s Box":["All Out Attack","PiercingWail","Predator","Unload","Poisoned Stab","Outmaneuver","Blade Dance","Crippling Poison"],"Juzu Bracelet":2,"Smiling Mask":0,"obtain_stats":[{"Darkstone Periapt":9,"Runesmith:Locket":23,"Pyrelight":3,"DemoMod:GlassGuonStoneRelic":7,"Juzu Bracelet":6,"Bottled Tornado":14,"Smiling Mask":29,"Mummified Hand":11,"MarkOfWind":28,"Pandora\u0027s Box":17,"DemoMod:LamentConfigurum":26,"DemoMod:Bottle":25,"Ring of the Snake":0},{"Darkstone Periapt":4,"Runesmith:Locket":9,"Pyrelight":1,"DemoMod:GlassGuonStoneRelic":4,"Juzu Bracelet":3,"Bottled Tornado":5,"Smiling Mask":11,"Mummified Hand":4,"MarkOfWind":10,"Pandora\u0027s Box":6,"DemoMod:LamentConfigurum":10,"DemoMod:Bottle":10,"Ring of the Snake":0},{"Darkstone Periapt":25,"Runesmith:Locket":60,"Pyrelight":2,"DemoMod:GlassGuonStoneRelic":25,"Juzu Bracelet":21,"Bottled Tornado":32,"Smiling Mask":72,"Mummified Hand":25,"MarkOfWind":65,"Pandora\u0027s Box":48,"DemoMod:LamentConfigurum":65,"DemoMod:Bottle":65,"Ring of the Snake":0}],"Ring of the Snake":[28]},"card_choices":[{"not_picked":["The Bomb","GreatAndPowerful"],"picked":"Panache","floor":0},{"not_picked":["PiercingWail","Sucker Punch"],"picked":"Cloak And Dagger","floor":1},{"not_picked":["Deadly Poison","Well Laid Plans","Dagger Throw"],"picked":"SKIP","floor":4},{"not_picked":["Flying Knee","Eviscerate"],"picked":"After Image","floor":6},{"not_picked":["Quick Slash","Dash"],"picked":"Deflect","floor":7},{"not_picked":["Setup","Riddle With Holes"],"picked":"Poisoned Stab","floor":14},{"not_picked":["Glass Knife","Night Terror"],"picked":"Envenom","floor":16},{"not_picked":["Underhanded Strike","Leg Sweep+1"],"picked":"Distraction","floor":18},{"not_picked":["Leg Sweep","Dodge and Roll","Poisoned Stab+1"],"picked":"SKIP","floor":22},{"not_picked":["Dodge and Roll","Quick Slash"],"picked":"Accuracy","floor":23},{"not_picked":["Crippling Poison","Slice"],"picked":"Deflect+1","floor":25},{"not_picked":["Predator","Acrobatics+1","Night Terror"],"picked":"SKIP","floor":29},{"not_picked":["Bane","Acrobatics","Backflip"],"picked":"SKIP","floor":30},{"not_picked":["Expertise+1","Underhanded Strike","Acrobatics"],"picked":"SKIP","floor":31}],"player_experience":403639,"relics_obtained":[{"floor":6,"key":"Juzu Bracelet"},{"floor":9,"key":"Darkstone Periapt"},{"floor":14,"key":"Bottled Tornado"},{"floor":23,"key":"Runesmith:Locket"},{"floor":25,"key":"DemoMod:Bottle"},{"floor":26,"key":"DemoMod:LamentConfigurum"},{"floor":29,"key":"Smiling Mask"}],"event_choices":[{"cards_removed":["Strike_G"],"damage_healed":0,"gold_gain":0,"player_choice":"Card Removal","damage_taken":7,"max_hp_gain":0,"max_hp_loss":0,"event_name":"Golden Wing","floor":2,"gold_loss":0},{"cards_removed":["Defend_G"],"damage_healed":0,"gold_gain":0,"player_choice":"Forget","damage_taken":0,"max_hp_gain":0,"max_hp_loss":0,"event_name":"Living Wall","floor":8,"gold_loss":0},{"damage_healed":0,"gold_gain":175,"player_choice":"AGREE","damage_taken":152,"max_hp_gain":0,"max_hp_loss":0,"event_name":"betterThird:BetterSerpent","floor":10,"gold_loss":0},{"cards_removed":["Crippling Poison"],"damage_healed":5,"gold_gain":0,"player_choice":"Offered Uncommon","damage_taken":0,"max_hp_gain":0,"max_hp_loss":0,"event_name":"Bonfire Elementals","floor":19,"gold_loss":0},{"damage_healed":0,"gold_gain":105,"player_choice":"GO ","damage_taken":9,"relics_obtained":[],"max_hp_gain":0,"max_hp_loss":0,"event_name":"betterSkull:BetterSkull","floor":20,"gold_loss":0,"cards_upgraded":[]},{"cards_removed":["Panache"],"damage_healed":0,"gold_gain":0,"player_choice":"Take \u0026 Give","damage_taken":0,"max_hp_gain":0,"max_hp_loss":0,"event_name":"betterNote:BetterNote","floor":21,"gold_loss":0,"cards_obtained":["Storm of Steel"]},{"cards_removed":["Doubt"],"damage_healed":0,"gold_gain":0,"player_choice":"Purged","damage_taken":0,"max_hp_gain":0,"max_hp_loss":0,"event_name":"Purifier","floor":27,"gold_loss":0}],"is_beta":false,"boss_relics":[{"not_picked":["Runic Pyramid","Empty Cage"],"picked":"Pandora\u0027s Box"}],"items_purged_floors":[],"is_endless":false,"potions_floor_spawned":[16,22,31],"killed_by":"Collector","ascension_level":0}}