{"host":"baymyijz6sxaqj5s","time":1608725288,"event":{"mods":["AchievementEnabler","BaseMod","Colored Map","Colored Powertips","DeckTracker","KOR Keyword Fix","Keyboard Shortcuts","Minty Spire (QoL Compilation)","Quick Restart","StSLib","SuperFastMode"],"gold_per_floor":[112,124,124,124,137,137,154,154,154,3,19,19,94,109,109,213,213,226,238,250,165,165,165,182,182,182],"floor_reached":25,"playtime":654,"items_purged":[],"score":205,"play_id":"808b8fea-2c55-4f62-bbda-02977ceafc9b","local_time":"20201223210808","is_ascension_mode":true,"campfire_choices":[{"data":"Shrug It Off","floor":6,"key":"SMITH"},{"data":"Defend_R","floor":8,"key":"SMITH"},{"data":"Inflame","floor":15,"key":"SMITH"},{"floor":23,"key":"REST"}],"circlet_count":0,"master_deck":["Strike_R+1","Strike_R","Strike_R+1","Strike_R+1","Defend_R+1","Defend_R","Defend_R","Defend_R+1","Bash+1","Shrug It Off+1","Combust","Inflame+1","Limit Break","Sword Boomerang","Power Through+1","Shrug It Off+1","Power Through"],"relics":["Burning Blood","Whetstone","Lantern","SacredBark","HornCleat"],"acts_visited":["Exordium","TheCity"],"potions_floor_usage":[11,14,16,20],"damage_taken":[{"damage":1,"enemies":"2 Louse","floor":1,"turns":4},{"damage":5,"enemies":"Cultist","floor":2,"turns":4},{"damage":0,"enemies":"Small Slimes","floor":5,"turns":4},{"damage":2,"enemies":"Looter","floor":7,"turns":3},{"damage":0,"enemies":"3 Louse","floor":11,"turns":1},{"damage":10,"enemies":"Large Slime","floor":14,"turns":5},{"damage":32,"enemies":"Slime Boss","floor":16,"turns":9},{"damage":11,"enemies":"Spheric Guardian","floor":18,"turns":5},{"damage":5,"enemies":"Chosen","floor":19,"turns":5},{"damage":61,"enemies":"3 Cultists","floor":20,"turns":7},{"damage":0,"enemies":"Snecko","floor":24,"turns":4},{"damage":67,"enemies":"Slavers","floor":25,"turns":6}],"seed_played":"6644510025699616628","potions_obtained":[{"floor":1,"key":"PowerPotion"},{"floor":5,"key":"Explosive Potion"},{"floor":11,"key":"LiquidBronze"},{"floor":19,"key":"FearPotion"},{"floor":24,"key":"GamblersBrew"}],"is_trial":false,"path_per_floor":["M","M","?","?","M","R","M","R","T","$","M","?","?","M","R","B",null,"M","M","M","?","?","R","M","E"],"character_chosen":"IRONCLAD","items_purchased":["Lantern"],"campfire_rested":1,"item_purchase_floors":[10],"current_hp_per_floor":[88,88,70,70,76,76,80,80,80,80,86,86,75,71,71,45,88,83,84,29,29,29,55,61,0,0],"gold":182,"neow_bonus":"TEN_PERCENT_HP_BONUS","is_daily":false,"chose_seed":false,"campfire_upgraded":3,"win_rate":0.0,"timestamp":1608725288,"path_taken":["M","M","?","?","M","R","?","R","T","?","M","?","?","M","R","BOSS","M","M","M","?","?","R","?","E"],"items_purchased_type":["Relic"],"build_version":"2020-12-22","purchased_purges":0,"victory":false,"max_hp_per_floor":[88,88,88,88,88,88,88,88,88,88,88,88,88,88,88,88,88,88,88,88,88,88,88,88,88,88],"card_choices":[{"not_picked":["Warcry","Havoc","Second Wind"],"picked":"SKIP","floor":1},{"not_picked":["Clash","Headbutt","Bloodletting"],"picked":"SKIP","floor":2},{"not_picked":["True Grit","Warcry"],"picked":"Shrug It Off","floor":5},{"not_picked":["Anger","True Grit","Clothesline"],"picked":"SKIP","floor":7},{"not_picked":["Juggernaut","Pummel","Clash"],"picked":"SKIP","floor":11},{"not_picked":["Reckless Charge","Metallicize"],"picked":"Inflame","floor":14},{"not_picked":["Juggernaut","Exhume"],"picked":"Limit Break","floor":16},{"not_picked":["Flex","Iron Wave","Dark Embrace"],"picked":"SKIP","floor":18},{"not_picked":["Clothesline","Flex+1"],"picked":"Sword Boomerang","floor":19},{"not_picked":["Flex+1","True Grit"],"picked":"Power Through+1","floor":20},{"not_picked":["Iron Wave+1","Sentinel"],"picked":"Power Through","floor":24}],"player_experience":204587,"relics_obtained":[{"floor":9,"key":"Whetstone"}],"event_choices":[{"damage_healed":0,"gold_gain":0,"player_choice":"Entered Light","damage_taken":18,"max_hp_gain":0,"max_hp_loss":0,"event_name":"Shining Light","floor":3,"gold_loss":0,"cards_upgraded":["Defend_R","Strike_R"]},{"damage_healed":0,"gold_gain":0,"player_choice":"Forge","damage_taken":0,"max_hp_gain":0,"max_hp_loss":0,"event_name":"Accursed Blacksmith","floor":4,"gold_loss":0,"cards_upgraded":["Bash"]},{"damage_healed":0,"gold_gain":0,"cards_transformed":["Strike_R"],"player_choice":"Change","damage_taken":0,"max_hp_gain":0,"max_hp_loss":0,"event_name":"Living Wall","floor":12,"gold_loss":0,"cards_obtained":["Combust"]},{"damage_healed":0,"gold_gain":75,"player_choice":"Gather Gold","damage_taken":11,"max_hp_gain":0,"max_hp_loss":0,"event_name":"World of Goop","floor":13,"gold_loss":0},{"damage_healed":0,"gold_gain":0,"player_choice":"Obtained Relic","damage_taken":0,"relics_obtained":["HornCleat"],"max_hp_gain":0,"max_hp_loss":0,"event_name":"Addict","floor":21,"gold_loss":85},{"damage_healed":0,"gold_gain":0,"player_choice":"Copied","damage_taken":0,"max_hp_gain":0,"max_hp_loss":0,"event_name":"Duplicator","floor":22,"gold_loss":0,"cards_obtained":["Shrug It Off"]}],"is_beta":false,"boss_relics":[{"not_picked":["Philosopher\u0027s Stone","Black Star"],"picked":"SacredBark"}],"items_purged_floors":[],"is_endless":false,"potions_floor_spawned":[1,5,11,19,24],"killed_by":"Slavers","ascension_level":1}}