{"host":"zc4856jdpoxvjh7b","time":1608748088,"event":{"mods":["BaseMod","DeckTracker","Minty Spire (QoL Compilation)","Quick Restart","StSLib","SuperFastMode","everything is the same but u backflip on backflip"],"gold_per_floor":[112,129,129,141,141,169,189,189,189,202,214,214,228,12,12,112,112,122,122,140,159,171,171,200,200,200,228,228,228],"floor_reached":28,"playtime":747,"items_purged":[],"score":328,"play_id":"ab398dff-0337-42d1-ab7f-a50c9fe2b560","local_time":"20201224032808","is_ascension_mode":true,"campfire_choices":[{"data":"Heavy Blade","floor":8,"key":"SMITH"},{"floor":12,"key":"REST"},{"floor":15,"key":"REST"},{"data":"Double Tap","floor":23,"key":"SMITH"},{"floor":25,"key":"REST"}],"circlet_count":0,"master_deck":["Strike_R","Strike_R","Strike_R","Strike_R","Strike_R","Defend_R","Defend_R","Defend_R","Defend_R","Bash","Spot Weakness","Perfected Strike+1","Headbutt","Heavy Blade+1","Body Slam","Dual Wield","Cleave","Twin Strike","Offering","Madness","Double Tap+1","Pommel Strike","Shrug It Off","Uppercut+1","Inflame","Twin Strike"],"relics":["Burning Blood","NeowsBlessing","Ice Cream","Question Card","Girya","Sozu","Bronze Scales","InkBottle","Potion Belt"],"acts_visited":["Exordium","TheCity"],"potions_floor_usage":[11,24],"damage_taken":[{"damage":0,"enemies":"Small Slimes","floor":1,"turns":1},{"damage":0,"enemies":"2 Louse","floor":2,"turns":1},{"damage":0,"enemies":"Cultist","floor":4,"turns":1},{"damage":40,"enemies":"3 Sentries","floor":6,"turns":5},{"damage":5,"enemies":"Looter","floor":7,"turns":2},{"damage":7,"enemies":"3 Louse","floor":10,"turns":3},{"damage":34,"enemies":"Gremlin Gang","floor":11,"turns":6},{"damage":7,"enemies":"Blue Slaver","floor":13,"turns":3},{"damage":6,"enemies":"Slime Boss","floor":16,"turns":3},{"damage":5,"enemies":"Chosen","floor":18,"turns":3},{"damage":25,"enemies":"2 Thieves","floor":20,"turns":3},{"damage":16,"enemies":"Cultist and Chosen","floor":21,"turns":4},{"damage":11,"enemies":"Chosen and Byrds","floor":22,"turns":3},{"damage":40,"enemies":"Slavers","floor":24,"turns":4},{"damage":27,"enemies":"Gremlin Leader","floor":27,"turns":6},{"damage":15,"enemies":"Centurion and Healer","floor":28,"turns":1}],"seed_played":"-6832495575823311386","potions_obtained":[{"floor":1,"key":"DuplicationPotion"},{"floor":10,"key":"ColorlessPotion"},{"floor":11,"key":"Dexterity Potion"},{"floor":16,"key":"Energy Potion"}],"is_trial":false,"path_per_floor":["M","M","?","M","?","E","M","R","T","M","M","R","M","$","R","B",null,"M","?","M","M","M","R","E","R","T","E","M"],"character_chosen":"IRONCLAD","items_purchased":["Offering","Madness"],"campfire_rested":3,"item_purchase_floors":[14,14],"current_hp_per_floor":[80,80,80,80,80,46,47,47,47,46,18,42,41,41,65,65,80,80,80,61,51,46,46,12,36,36,15,0,0],"gold":228,"neow_bonus":"THREE_ENEMY_KILL","is_daily":false,"chose_seed":false,"campfire_upgraded":2,"win_rate":0.0,"timestamp":1608748088,"path_taken":["M","M","?","M","?","E","M","R","T","?","M","R","M","$","R","BOSS","M","?","M","M","M","R","E","R","T","E","M"],"items_purchased_type":["Card","Card"],"build_version":"2020-12-22","purchased_purges":0,"victory":false,"max_hp_per_floor":[80,80,80,80,80,80,80,80,80,80,80,80,80,80,80,80,80,80,80,80,80,80,80,80,80,80,80,80,80],"card_choices":[{"not_picked":["Pommel Strike","Heavy Blade"],"picked":"Spot Weakness","floor":1},{"not_picked":["True Grit","Shockwave"],"picked":"Perfected Strike","floor":2},{"not_picked":["Rage","Flex"],"picked":"Headbutt","floor":4},{"not_picked":["Body Slam","Thunderclap"],"picked":"Heavy Blade","floor":6},{"not_picked":["Flex","Reckless Charge","Warcry"],"picked":"Body Slam","floor":7},{"not_picked":["Limit Break","Feel No Pain","Cleave"],"picked":"Dual Wield","floor":10},{"not_picked":["Body Slam","Infernal Blade","Warcry"],"picked":"Cleave","floor":11},{"not_picked":["Cleave","Headbutt","Clash"],"picked":"Twin Strike","floor":13},{"not_picked":["Offering","Bludgeon","Corruption"],"picked":"Double Tap","floor":16},{"not_picked":["Warcry+1","Power Through","Clash"],"picked":"Pommel Strike","floor":18},{"not_picked":["Thunderclap+1","Dark Embrace","Headbutt"],"picked":"Uppercut+1","floor":20},{"not_picked":["Heavy Blade+1","Warcry","Sever Soul+1","Sword Boomerang+1"],"picked":"SKIP","floor":21},{"not_picked":["Bloodletting","Armaments","Heavy Blade"],"picked":"Inflame","floor":22},{"not_picked":["True Grit","Berserk","Bloodletting","Disarm"],"picked":"SKIP","floor":24},{"not_picked":["Warcry","Uppercut","Armaments"],"picked":"Twin Strike","floor":27}],"player_experience":1974,"relics_obtained":[{"floor":6,"key":"Question Card"},{"floor":9,"key":"Girya"},{"floor":24,"key":"Bronze Scales"},{"floor":26,"key":"InkBottle"},{"floor":27,"key":"Potion Belt"}],"event_choices":[{"damage_healed":0,"gold_gain":0,"player_choice":"Grow","damage_taken":0,"max_hp_gain":0,"max_hp_loss":0,"event_name":"Living Wall","floor":3,"gold_loss":0,"cards_upgraded":["Perfected Strike"]},{"damage_healed":0,"gold_gain":0,"player_choice":"Gave Potion","damage_taken":0,"relics_obtained":["Ice Cream"],"max_hp_gain":0,"max_hp_loss":0,"event_name":"WeMeetAgain","floor":5,"gold_loss":0},{"damage_healed":0,"gold_gain":0,"player_choice":"Read","damage_taken":0,"max_hp_gain":0,"max_hp_loss":0,"event_name":"The Library","floor":19,"gold_loss":0,"cards_obtained":["Shrug It Off"]}],"is_beta":false,"boss_relics":[{"not_picked":["Mark of Pain","Snecko Eye"],"picked":"Sozu"}],"items_purged_floors":[],"is_endless":false,"potions_floor_spawned":[1,10,11,16,24,27],"killed_by":"Centurion and Healer","ascension_level":1}}