{"host":"gk5m6v7zec9neb0j","time":1608725803,"event":{"mods":["AchievementEnabler","AlwaysNeverKeys","BaseMod","BetterRewards","Block Reminder","Minty Spire (QoL Compilation)","Rare Cards Sparkle","Relic Stats","StSLib"],"gold_per_floor":[114,127,146,71,71,71,99,99,99,110,128,142,142,142,142,238,238,254,254,272,288,288,300,311,311,311,326,52,87,106,106,106,211,211,222,222,235,60,75,75,75,91,91,91,106,106,125,175,175,175,175,175,175,206,206,206],"floor_reached":55,"playtime":1901,"items_purged":["Strike_P","Strike_P","Eruption","Strike_P","Vigilance"],"score":918,"play_id":"e18429fd-c901-45e0-9ebc-efe87f0f2410","local_time":"20201223071643","is_ascension_mode":false,"campfire_choices":[{"data":"DevaForm","floor":6.0,"key":"SMITH"},{"floor":13.0,"key":"REST"},{"data":"PathToVictory","floor":15.0,"key":"SMITH"},{"floor":25.0,"key":"REST"},{"floor":32.0,"key":"REST"},{"data":"Vault","floor":40.0,"key":"SMITH"},{"data":"PathToVictory","floor":49,"key":"SMITH"},{"data":"PathToVictory","floor":52,"key":"SMITH"}],"circlet_count":0,"master_deck":["Strike_P+1","Defend_P","Defend_P","Defend_P","PathToVictory+1","CutThroughFate+1","Evaluate","DevaForm+1","WheelKick","Wireheading","PathToVictory+1","EmptyMind","PathToVictory","PathToVictory+1","Scrawl","Vault+1","PathToVictory"],"relics":["PureWater","CaptainsWheel","Singing Bowl","TungstenRod","MealTicket","Nunchaku","InkBottle","StrikeDummy","Bottled Tornado","Whetstone","Cursed Key","StoneCalendar","Pear"],"acts_visited":["Exordium","TheCity","TheBeyond","TheEnding"],"potions_floor_usage":[50],"damage_taken":[{"damage":0.0,"enemies":"Small Slimes","floor":1.0,"turns":4.0},{"damage":0.0,"enemies":"Jaw Worm","floor":2.0,"turns":4.0},{"damage":0.0,"enemies":"Cultist","floor":3.0,"turns":3.0},{"damage":30.0,"enemies":"Gremlin Nob","floor":7.0,"turns":6.0},{"damage":0.0,"enemies":"Looter","floor":10.0,"turns":4.0},{"damage":0.0,"enemies":"Large Slime","floor":11.0,"turns":4.0},{"damage":3.0,"enemies":"3 Louse","floor":12.0,"turns":3.0},{"damage":20.0,"enemies":"Hexaghost","floor":16.0,"turns":6.0},{"damage":4.0,"enemies":"Shell Parasite","floor":18.0,"turns":5.0},{"damage":0.0,"enemies":"3 Byrds","floor":20.0,"turns":4.0},{"damage":15.0,"enemies":"Sentry and Sphere","floor":21.0,"turns":8.0},{"damage":10.0,"enemies":"Snake Plant","floor":23.0,"turns":4.0},{"damage":17.0,"enemies":"Centurion and Healer","floor":24.0,"turns":4.0},{"damage":10.0,"enemies":"3 Cultists","floor":27.0,"turns":4.0},{"damage":24.0,"enemies":"Gremlin Leader","floor":29.0,"turns":4.0},{"damage":9.0,"enemies":"Snecko","floor":30.0,"turns":4.0},{"damage":18.0,"enemies":"Automaton","floor":33.0,"turns":6.0},{"damage":0.0,"enemies":"3 Shapes","floor":35.0,"turns":6.0},{"damage":1.0,"enemies":"3 Darklings","floor":37.0,"turns":4.0},{"damage":24.0,"enemies":"Jaw Worm Horde","floor":39.0,"turns":5.0},{"damage":4.0,"enemies":"Spire Growth","floor":42.0,"turns":3.0},{"damage":0,"enemies":"Sphere and 2 Shapes","floor":45,"turns":4},{"damage":10,"enemies":"Writhing Mass","floor":47,"turns":4},{"damage":0,"enemies":"Mind Bloom Boss Battle","floor":48,"turns":3},{"damage":38,"enemies":"Time Eater","floor":50,"turns":5},{"damage":38,"enemies":"Shield and Spear","floor":54,"turns":6},{"damage":81,"enemies":"The Heart","floor":55,"turns":6}],"seed_played":"5180141756873804671","potions_obtained":[{"floor":3.0,"key":"Dexterity Potion"},{"floor":12.0,"key":"BottledMiracle"},{"floor":16.0,"key":"Fire Potion"},{"floor":19.0,"key":"Ambrosia"},{"floor":19.0,"key":"SkillPotion"},{"floor":20.0,"key":"DuplicationPotion"},{"floor":29.0,"key":"Dexterity Potion"},{"floor":30.0,"key":"Energy Potion"},{"floor":47,"key":"PowerPotion"}],"is_trial":false,"path_per_floor":["M","M","M","$","?","R","E","?","T","M","M","M","R","$","R","B",null,"M","?","M","M","?","M","M","R","T","M","$","E","M","$","R","B",null,"M","?","M","$","M","R","?","M","T","$","M","$","M","?","R","B",null,"R","$","E","B"],"character_chosen":"WATCHER","items_purchased":["PathToVictory","Singing Bowl","CutThroughFate","MealTicket","DevaForm","PathToVictory","Scrawl"],"campfire_rested":3,"item_purchase_floors":[0,0,0,0,4,28,28],"current_hp_per_floor":[30,32,34,49,44,44,16,16,16,18,18,15,39,54,54,36,82,78,78,78,65,50,42,27,54,54,44,59,37,30,45,74,56,97,99,94,95,96,74,74,76,74,74,89,91,104,94,96,96,58,106,106,106,80,0,0],"gold":206,"neow_bonus":"","is_daily":false,"chose_seed":false,"campfire_upgraded":5,"win_rate":0.0,"timestamp":1608725803,"path_taken":["M","M","M","$","?","R","E","?","T","M","M","M","R","$","R","BOSS","M","?","M","?","?","M","M","R","T","M","$","E","M","$","R","BOSS","M","?","M","$","M","R","?","M","T","$","M","$","M","?","R","BOSS","R","$","E","BOSS"],"items_purchased_type":["Card","Relic","Card","Relic","Card","Card","Card"],"build_version":"2020-12-22","purchased_purges":5,"victory":false,"max_hp_per_floor":[72,74,76,76,76,76,78,78,78,80,80,80,80,80,80,82,82,82,82,82,84,89,91,93,93,93,93,93,95,97,97,97,97,97,99,94,96,96,98,98,100,102,102,102,104,104,104,106,106,106,106,106,106,118,118,118],"relic_stats":{"Nunchaku":[8],"Singing Bowl":36,"counters":[153,750],"MealTicket":89,"StoneCalendar":[0],"Whetstone":["Backstab","Flying Knee","Strike_G","Flash of Steel","Wallop","WindmillStrike","CutThroughFate","Strike_P"],"Cursed Key":0,"obtain_stats":[{"Calipers":0,"Gremlin Horn":52,"Nilry\u0027s Codex":24,"CeramicFish":44,"Vajra":9,"Hammer of Thor":0,"Whetstone":26,"Bottled Tornado":26,"Blood Vial":13,"Lizard Tail":0,"HornCleat":47,"Sundial":26,"DollysMirror":36,"MealTicket":43,"Pear":54,"Blue Candle":12,"Dead Branch":54,"Velvet Choker":0,"Oddly Smooth Stone":5,"Pen Nib":25,"War Paint":40,"Anvil of the Gods":0,"Bronze Scales":26,"Black Star":34,"StrikeDummy":9,"Meat on the Bone":7,"Pocketwatch":0,"Regal Pillow":6,"Singing Bowl":0,"Enchiridion":27,"StoneCalendar":48,"Juzu Bracelet":9,"Ancient Tea Set":26,"Empty Cage":34,"Smiling Mask":13,"Cursed Key":34,"ClockworkSouvenir":13,"Frozen Eye":31,"Nunchaku":5,"Shovel":37,"Mummified Hand":27,"Pantograph":9,"Tiny Chest":14,"InkBottle":7,"Potion Belt":30,"Golden Idol":2,"Damaru":9,"Seething Fire":0,"Odd Mushroom":10,"Orichalcum":43,"White Beast Statue":20,"Anchor":9,"CaptainsWheel":0,"Busted Crown":17,"HolyWater":34,"Turnip":24,"Art of War":30,"Bag of Marbles":49,"Membership Card":19,"PureWater":0,"FossilizedHelix":46,"TungstenRod":0},{"Calipers":51,"Gremlin Horn":124,"Nilry\u0027s Codex":91,"CeramicFish":120,"Vajra":54,"Hammer of Thor":0,"Whetstone":110,"Bottled Tornado":139,"Blood Vial":56,"Lizard Tail":67,"HornCleat":122,"Sundial":62,"DollysMirror":65,"MealTicket":119,"Pear":152,"Blue Candle":39,"Dead Branch":125,"Velvet Choker":27,"Oddly Smooth Stone":101,"Pen Nib":44,"War Paint":118,"Anvil of the Gods":0,"Bronze Scales":91,"Black Star":114,"StrikeDummy":130,"Meat on the Bone":31,"Pocketwatch":99,"Regal Pillow":54,"Singing Bowl":126,"Enchiridion":44,"StoneCalendar":150,"Juzu Bracelet":85,"Ancient Tea Set":44,"Empty Cage":47,"Smiling Mask":86,"Cursed Key":143,"ClockworkSouvenir":39,"Frozen Eye":63,"Nunchaku":129,"Shovel":116,"Mummified Hand":91,"Pantograph":38,"Tiny Chest":56,"InkBottle":130,"Potion Belt":113,"Golden Idol":100,"Damaru":31,"Seething Fire":0,"Odd Mushroom":86,"Orichalcum":96,"White Beast Statue":80,"Anchor":103,"CaptainsWheel":126,"Busted Crown":88,"HolyWater":64,"Turnip":110,"Art of War":45,"Bag of Marbles":123,"Membership Card":58,"PureWater":0,"FossilizedHelix":121,"TungstenRod":126},{"Calipers":257,"Gremlin Horn":617,"Nilry\u0027s Codex":449,"CeramicFish":599,"Vajra":268,"Hammer of Thor":0,"Whetstone":557,"Bottled Tornado":686,"Blood Vial":277,"Lizard Tail":333,"HornCleat":607,"Sundial":309,"DollysMirror":328,"MealTicket":596,"Pear":744,"Blue Candle":186,"Dead Branch":621,"Velvet Choker":131,"Oddly Smooth Stone":512,"Pen Nib":212,"War Paint":592,"Anvil of the Gods":0,"Bronze Scales":449,"Black Star":573,"StrikeDummy":644,"Meat on the Bone":141,"Pocketwatch":504,"Regal Pillow":268,"Singing Bowl":627,"Enchiridion":212,"StoneCalendar":733,"Juzu Bracelet":417,"Ancient Tea Set":212,"Empty Cage":236,"Smiling Mask":420,"Cursed Key":704,"ClockworkSouvenir":186,"Frozen Eye":314,"Nunchaku":638,"Shovel":585,"Mummified Hand":449,"Pantograph":182,"Tiny Chest":277,"InkBottle":644,"Potion Belt":568,"Golden Idol":507,"Damaru":141,"Seething Fire":0,"Odd Mushroom":420,"Orichalcum":480,"White Beast Statue":398,"Anchor":524,"CaptainsWheel":627,"Busted Crown":431,"HolyWater":323,"Turnip":557,"Art of War":218,"Bag of Marbles":611,"Membership Card":294,"PureWater":0,"FossilizedHelix":602,"TungstenRod":627}],"TungstenRod":76,"InkBottle":[40]},"card_choices":[{"not_picked":["LikeWater","ReachHeaven"],"picked":"Evaluate","floor":1.0},{"not_picked":["Evaluate","FollowUp","Meditate"],"picked":"Singing Bowl","floor":2.0},{"not_picked":["SashWhip","EmptyFist","ClearTheMind"],"picked":"Singing Bowl","floor":3.0},{"not_picked":["Crescendo","CarveReality","Evaluate"],"picked":"Singing Bowl","floor":7.0},{"not_picked":["Sanctity","WreathOfFlame","WindmillStrike"],"picked":"Singing Bowl","floor":10.0},{"not_picked":["DevaForm","ClearTheMind"],"picked":"WheelKick","floor":11.0},{"not_picked":["EmptyFist","Adaptation"],"picked":"Wireheading","floor":12.0},{"not_picked":["Establishment","SpiritShield","ConjureBlade"],"picked":"Singing Bowl","floor":16.0},{"not_picked":["LikeWater","EmptyFist"],"picked":"PathToVictory","floor":18.0},{"not_picked":["ForeignInfluence","TalkToTheHand+1"],"picked":"EmptyMind","floor":20.0},{"not_picked":["CrushJoints","Meditate","SandsOfTime"],"picked":"Singing Bowl","floor":21.0},{"not_picked":["JustLucky","ThirdEye","EmptyFist"],"picked":"Singing Bowl","floor":23.0},{"not_picked":["DeceiveReality","Halt","Evaluate+1"],"picked":"Singing Bowl","floor":24.0},{"not_picked":["Crescendo","WheelKick"],"picked":"PathToVictory","floor":27.0},{"not_picked":["DeceiveReality+1","Tantrum","SashWhip"],"picked":"Singing Bowl","floor":29.0},{"not_picked":["Halt","Tantrum","WreathOfFlame"],"picked":"Singing Bowl","floor":30.0},{"not_picked":["MasterReality","Blasphemy"],"picked":"Vault","floor":33.0},{"not_picked":["CrushJoints","CutThroughFate+1","ClearTheMind+1"],"picked":"Singing Bowl","floor":35.0},{"not_picked":["EmptyBody+1","Worship","ReachHeaven+1"],"picked":"Singing Bowl","floor":37.0},{"not_picked":["TalkToTheHand","BowlingBash","Consecrate+1"],"picked":"Singing Bowl","floor":39.0},{"not_picked":["Jack Of All Trades","Magnetism","Thinking Ahead"],"picked":"Singing Bowl","floor":41.0},{"not_picked":["Consecrate+1","Prostrate","SashWhip+1"],"picked":"Singing Bowl","floor":42.0},{"not_picked":["Halt","FlurryOfBlows","Crescendo+1"],"picked":"Singing Bowl","floor":45},{"not_picked":["ForeignInfluence+1","FearNoEvil+1"],"picked":"PathToVictory","floor":47},{"not_picked":["JustLucky","FlyingSleeves+1","Crescendo+1"],"picked":"Singing Bowl","floor":48},{"not_picked":["BowlingBash","Worship+1","EmptyMind"],"picked":"Singing Bowl","floor":54}],"player_experience":713334,"relics_obtained":[{"floor":7.0,"key":"InkBottle"},{"floor":9.0,"key":"StrikeDummy"},{"floor":26.0,"key":"Bottled Tornado"},{"floor":29.0,"key":"Whetstone"},{"floor":48,"key":"StoneCalendar"},{"floor":54,"key":"Pear"}],"event_choices":[{"damage_healed":0.0,"max_hp_gain":0.0,"max_hp_loss":0.0,"gold_gain":0.0,"event_name":"Scrap Ooze","player_choice":"Success","floor":5.0,"gold_loss":0.0,"damage_taken":7.0,"relics_obtained":["Nunchaku"]},{"cards_removed":["Defend_P"],"damage_healed":0.0,"max_hp_gain":0.0,"max_hp_loss":0.0,"gold_gain":0.0,"event_name":"Living Wall","player_choice":"Forget","floor":8.0,"gold_loss":0.0,"damage_taken":0.0},{"damage_healed":0.0,"max_hp_gain":0.0,"max_hp_loss":0.0,"gold_gain":0.0,"event_name":"Lab","player_choice":"Got Potions","floor":19.0,"gold_loss":0.0,"damage_taken":0.0},{"damage_healed":0.0,"max_hp_gain":5.0,"max_hp_loss":0.0,"gold_gain":0.0,"event_name":"Forgotten Altar","player_choice":"Shed Blood","floor":22.0,"gold_loss":0.0,"damage_taken":21.0},{"damage_healed":0.0,"max_hp_gain":0.0,"max_hp_loss":5.0,"gold_gain":0.0,"event_name":"Winding Halls","player_choice":"Max HP","floor":36.0,"gold_loss":0.0,"damage_taken":0.0},{"damage_healed":0.0,"max_hp_gain":0.0,"max_hp_loss":0.0,"gold_gain":0.0,"event_name":"SensoryStone","player_choice":"Memory 1","floor":41.0,"gold_loss":0.0,"damage_taken":0.0},{"damage_healed":0,"gold_gain":0,"player_choice":"Fight","damage_taken":0,"max_hp_gain":0,"max_hp_loss":0,"event_name":"MindBloom","floor":48,"gold_loss":0}],"is_beta":false,"boss_relics":[{"not_picked":["Astrolabe","Philosopher\u0027s Stone","Ectoplasm"]},{"not_picked":["Black Star","Pandora\u0027s Box"],"picked":"Cursed Key"}],"items_purged_floors":[0,0,0,28,38],"is_endless":false,"potions_floor_spawned":[3,10,12,16,20,27,29,30,33,37,47,48],"killed_by":"The Heart","ascension_level":0}}