{"host":"02w9hl92h62kgkzk","time":1608711388,"event":{"mods":["2.2 Compatiblity","AchievementEnabler","Act Like it!","AlwaysNeverKeys","Aspiration","Bard","BaseMod","Better Altar","Better Match","Better Note","Better Sensory Stone","Better Skull","Better Third Choice","Better Vampires","BetterRewards","Block Reminder","CCEM","ChefMod","Colored Map","Colored Powertips","Conspire","Downfall","Ekko","Elementarium","Emptier Cage","Energized Spire","Friendly Minions","FruityMod","Gensokyo","GifTheSpireLib","Halation","Hallownest","Hermit","Hubris","Jorbs\u0027s Wanderer Trilogy","Magitek Elite","Marisa????????","Marked Mod","Minty Spire (QoL Compilation)","Permanent Neow","QueenMod","Quick Restart","Random Character Mod","Rare Cards Sparkle","Replay The Spire","Retaliation","Reworked Bosses","Robot Space Explorer","SIMod","Shade Mod","Shop Mod","Spicy Shops","Spikes Relics","StSLib","Stuff the Spire","Synergy Search","The Administrix","The Animator","The Blackbeard","The Blue Laboratory","The Bug Knight","The Construct","The Cursed","The Death Knight","The Disciple","The Factory","The Florist","The Forsaken","The Gatherer","The Hayseed","The Hierophant","The Jungle","The Marked","The Runesmith","The Valiant","The Wild Card","TheHero","TheVacant","Trackpad","Transform Curses","Unceasing Turn Reminder","Wandering Minibosses","thorton","vexMod"],"gold_per_floor":[116,116,132,152,152,183,183,183,183,183,183,211,229,255,268,268,268,372,372,385,397,110,129,129,129,163,163,245,170,193,213,238,258,258,355,355,369,12,24,66,66,93,99,1,1,36,36,47,79,79,79,79,79],"floor_reached":52,"playtime":2409,"items_purged":["stsjorbsmod:TinyHut","stsjorbsmod:Hibernate","Intolerance","stsjorbsmod:TinyHut","Sickly","animator:Curse_GriefSeed","Regret","stsjorbsmod:Channel"],"score":823,"play_id":"4022ed86-c85a-4506-b2b0-a8ebc0ae2159","local_time":"20201223021628","daily_mods":["Draft","Heirloom"],"is_ascension_mode":false,"campfire_choices":[{"data":"stsjorbsmod:ChatteringStrike","floor":8,"key":"SMITH"},{"data":"stsjorbsmod:ChatteringStrike","floor":17,"key":"SMITH"},{"data":"stsjorbsmod:BlackTentacles","floor":25,"key":"SMITH"},{"data":"stsjorbsmod:SmithingStrike","floor":27,"key":"SMITH"},{"floor":34,"key":"REST"},{"data":"stsjorbsmod:GatherPower","floor":47,"key":"SMITH"},{"floor":51,"key":"REST"}],"circlet_count":0,"master_deck":["stsjorbsmod:ChatteringStrike+1","stsjorbsmod:SmithingStrike+1","stsjorbsmod:BlackTentacles","stsjorbsmod:Prestidigitation","stsjorbsmod:ArcaneWeapon","stsjorbsmod:FaerieFire","stsjorbsmod:ChatteringStrike+1","stsjorbsmod:TrueStrike","stsjorbsmod:ArcaneWeapon","stsjorbsmod:BlackTentacles+1","stsjorbsmod:Firebolt","stsjorbsmod:ArcaneWeapon","stsjorbsmod:GatherPower+1","stsjorbsmod:TollTheDead+1","stsjorbsmod:ChatteringStrike+1"],"relics":["Ring of Chaos","hubris:Icosahedron","hubris:Towel","ReplayTheSpireMod:Ring of Collecting","Vajra","hubris:Metronome","trackpad:DisasterInABottle","Cursed Key","MerchantsRug","halation:PrussianBluePaint","aspiration:Lifesprig","Ring of Panic","Ring of Fury","ReplayTheSpireMod:TigerMarble","trackpad:RapidFire","vexMod:DeviousBotling","CCEMRelics:DerglesHeadphones","wanderingMiniBosses:CarrionFlame","aspiration:Nostalgia","m_BurningSludge","hexamod:BolsterEngine","Ring of Fangs","CCEMRelics:GrapeVine","trackpad:WritersBlock","Happy Flower","hubris:PeanutButter"],"acts_visited":["Exordium","TheCity","TheBeyond"],"potions_floor_usage":[15,52],"damage_taken":[{"damage":0,"enemies":"Cultist","floor":1,"turns":2},{"damage":0,"enemies":"Small Slimes","floor":3,"turns":2},{"damage":0,"enemies":"2 Louse","floor":4,"turns":2},{"damage":9,"enemies":"3 Sentries","floor":6,"turns":4},{"damage":0,"enemies":"Gremlin Nob","floor":12,"turns":2},{"damage":2,"enemies":"Lots of Slimes","floor":13,"turns":3},{"damage":28,"enemies":"3 Sentries","floor":14,"turns":5},{"damage":8,"enemies":"Exordium Wildlife","floor":15,"turns":2},{"damage":3,"enemies":"Fading Forest","floor":18,"turns":10},{"damage":3,"enemies":"3 Byrds","floor":20,"turns":3},{"damage":1,"enemies":"Chosen","floor":21,"turns":3},{"damage":42,"enemies":"Shelled Parasite and Fungi","floor":23,"turns":3},{"damage":14,"enemies":"Book of Stabbing","floor":26,"turns":2},{"damage":2,"enemies":"Cultist and Chosen","floor":31,"turns":3},{"damage":0,"enemies":"Gremlin Leader","floor":32,"turns":1},{"damage":0,"enemies":"Snake Plant","floor":33,"turns":1},{"damage":21,"enemies":"bossMod:newChamp","floor":35,"turns":5},{"damage":2,"enemies":"3 Darklings","floor":37,"turns":2},{"damage":3,"enemies":"3 Shapes","floor":39,"turns":1},{"damage":27,"enemies":"Giant Head","floor":42,"turns":4},{"damage":1,"enemies":"Jaw Worm Horde","floor":43,"turns":3},{"damage":13,"enemies":"Reptomancer","floor":46,"turns":2},{"damage":0,"enemies":"3 Darklings","floor":48,"turns":1},{"damage":0,"enemies":"HollowMod:StalkingDevout","floor":49,"turns":3},{"damage":55,"enemies":"conspire:OrnateMirror","floor":52,"turns":2}],"seed_played":"-8092047278411608096","potions_obtained":[{"floor":1,"key":"Weak Potion"},{"floor":4,"key":"BlessingOfTheForge"},{"floor":12,"key":"blueLaboratory:FruitPunch"},{"floor":15,"key":"blueLaboratory:Moonshine"},{"floor":23,"key":"blueLaboratory:SavagePotion"},{"floor":31,"key":"DDmod:CleansePotion"},{"floor":37,"key":"LiquidBronze"},{"floor":39,"key":"blueLaboratory:PhilterOfMotion"},{"floor":41,"key":"Toxic Potion"},{"floor":41,"key":"blueLaboratory:FruitPunch"},{"floor":41,"key":"blueLaboratory:EnragingPotion"},{"floor":49,"key":"blueLaboratory:BottleOfRum"}],"is_trial":true,"path_per_floor":["M","?","M","M","?","E","?","R","T","PTL","PTL","E","M","E","M","T","R","B",null,"M","M","$","M","?","R","E","R","T","$","T","M","E","M","R","B",null,"M","$","M","$","?","E","M","$","T","E","R","M","E","$","R","B"],"character_chosen":"WANDERER","items_purchased":["MerchantsRug","halation:PrussianBluePaint","DollysMirror","Pear","aspiration:Nostalgia","hexamod:BolsterEngine","hubris:PeanutButter"],"campfire_rested":2,"item_purchase_floors":[22,22,38,38,44,44,50],"current_hp_per_floor":[68,68,68,68,68,59,59,59,59,59,59,59,57,36,30,30,30,37,77,74,73,73,31,31,31,17,17,17,17,17,15,15,15,38,18,77,75,85,82,82,82,55,54,54,54,41,53,53,53,5,31,0,0],"gold":79,"neow_bonus":"","is_daily":false,"chose_seed":false,"campfire_upgraded":5,"win_rate":0.0,"timestamp":1608711388,"path_taken":["M","?","M","M","?","E","?","R","T","PTL","PTL","E","M","E","M","?","R","BOSS","M","M","$","?","?","R","E","R","T","$","?","M","E","M","R","BOSS","M","$","M","$","?","E","M","$","T","E","R","M","E","?","R","BOSS"],"items_purchased_type":["Relic","Relic","Relic","Relic","Relic","Relic","Relic"],"build_version":"2020-12-22","purchased_purges":8,"victory":false,"max_hp_per_floor":[68,68,68,68,68,68,68,68,68,68,68,68,68,75,77,77,77,77,77,77,77,77,77,77,77,77,77,77,77,77,77,77,77,77,77,77,77,87,87,87,87,87,87,87,87,87,87,87,87,87,87,87,87],"card_choices":[{"not_picked":["stsjorbsmod:Counterspell","stsjorbsmod:WanderingMind"],"picked":"stsjorbsmod:ChatteringStrike","floor":0},{"not_picked":["stsjorbsmod:ArcaneWeapon","stsjorbsmod:Prepare"],"picked":"stsjorbsmod:SmithingStrike","floor":0},{"not_picked":["stsjorbsmod:FlameWard","stsjorbsmod:ScorchingRay"],"picked":"stsjorbsmod:BlackTentacles","floor":0},{"not_picked":["stsjorbsmod:Hurt","stsjorbsmod:FracturedMind"],"picked":"stsjorbsmod:Prestidigitation","floor":0},{"not_picked":["stsjorbsmod:ParryingBlow","stsjorbsmod:Hibernate"],"picked":"stsjorbsmod:TinyHut","floor":0},{"not_picked":["stsjorbsmod:Counterspell","stsjorbsmod:Stalwart"],"picked":"stsjorbsmod:ArcaneWeapon","floor":0},{"not_picked":["stsjorbsmod:MageArmor","stsjorbsmod:Patron"],"picked":"stsjorbsmod:FaerieFire","floor":0},{"not_picked":["stsjorbsmod:RayOfFrost","stsjorbsmod:Stalwart"],"picked":"stsjorbsmod:ChatteringStrike","floor":0},{"not_picked":["stsjorbsmod:SchoolsOfMagic","stsjorbsmod:Materialize"],"picked":"stsjorbsmod:TrueStrike","floor":0},{"not_picked":["stsjorbsmod:WeightOfMemory","stsjorbsmod:Message"],"picked":"stsjorbsmod:ArcaneWeapon","floor":0},{"not_picked":["stsjorbsmod:TollTheDead","stsjorbsmod:ColorSpray"],"picked":"stsjorbsmod:BlackTentacles","floor":0},{"not_picked":["stsjorbsmod:Hibernate","stsjorbsmod:Will"],"picked":"stsjorbsmod:Firebolt","floor":0},{"not_picked":["stsjorbsmod:Hibernate","stsjorbsmod:MagicMissiles"],"picked":"stsjorbsmod:Channel","floor":0},{"not_picked":["stsjorbsmod:Prepare","stsjorbsmod:Introspection"],"picked":"stsjorbsmod:Hibernate","floor":0},{"not_picked":["stsjorbsmod:LoseGrip","stsjorbsmod:UnseenServant"],"picked":"stsjorbsmod:TinyHut","floor":0},{"not_picked":["stsjorbsmod:Message","stsjorbsmod:Index","stsjorbsmod:WanderingMind"],"picked":"SKIP","floor":1},{"not_picked":["stsjorbsmod:BlackTentacles","stsjorbsmod:Materialize","stsjorbsmod:FranticSearch"],"picked":"SKIP","floor":3},{"not_picked":["stsjorbsmod:Rest","stsjorbsmod:WanderingMind"],"picked":"stsjorbsmod:ArcaneWeapon","floor":4},{"not_picked":["stsjorbsmod:Index","stsjorbsmod:Thorns"],"picked":"stsjorbsmod:GatherPower","floor":6},{"not_picked":["stsjorbsmod:LocateObject","stsjorbsmod:Patron"],"picked":"stsjorbsmod:TollTheDead","floor":12},{"not_picked":["stsjorbsmod:WanderingMind","stsjorbsmod:BurningFlask","stsjorbsmod:Firebolt"],"picked":"SKIP","floor":13},{"not_picked":["stsjorbsmod:ColorSpray","stsjorbsmod:DoubleCheck","stsjorbsmod:RayOfFrost"],"picked":"SKIP","floor":14},{"not_picked":["stsjorbsmod:MistyStep","stsjorbsmod:Rediscovery","stsjorbsmod:Counterspell"],"picked":"SKIP","floor":15},{"not_picked":["stsjorbsmod:Thorns","stsjorbsmod:ArcaneWeapon+1","stsjorbsmod:Firebolt"],"picked":"SKIP","floor":20},{"not_picked":["stsjorbsmod:Firebolt","stsjorbsmod:Index","stsjorbsmod:WanderingMind"],"picked":"SKIP","floor":21},{"not_picked":["stsjorbsmod:Hurt","stsjorbsmod:PurgeMind","stsjorbsmod:UnseenServant"],"picked":"SKIP","floor":23},{"not_picked":["stsjorbsmod:Hurt","stsjorbsmod:Mending","stsjorbsmod:TrueStrike+1"],"picked":"SKIP","floor":26},{"not_picked":["stsjorbsmod:FindFamiliar","stsjorbsmod:DisguiseSelf+1","stsjorbsmod:Stalwart+1","ekkoTheBoyWhoShatteredTime:AfterimageHit"],"picked":"SKIP","floor":31},{"not_picked":["stsjorbsmod:Rest","stsjorbsmod:Aid","stsjorbsmod:ArcaneWeapon","ekkoTheBoyWhoShatteredTime:Dash"],"picked":"SKIP","floor":32},{"not_picked":["stsjorbsmod:TrueStrike","stsjorbsmod:Prestidigitation","stsjorbsmod:WanderingMind+1","ekkoTheBoyWhoShatteredTime:HauntingGuise"],"picked":"SKIP","floor":33},{"not_picked":["stsjorbsmod:FranticSearch","stsjorbsmod:MagicMissiles+1","stsjorbsmod:Will","ekkoTheBoyWhoShatteredTime:TimeRecall"],"picked":"SKIP","floor":37},{"not_picked":["stsjorbsmod:AnimateObjects","stsjorbsmod:Prepare","stsjorbsmod:Index+1","ekkoTheBoyWhoShatteredTime:HextechProtobelt"],"picked":"SKIP","floor":39},{"not_picked":["stsjorbsmod:Rest","stsjorbsmod:BurningFlask+1","stsjorbsmod:ChainLightning","ekkoTheBoyWhoShatteredTime:HauntingGuise"],"picked":"SKIP","floor":42},{"not_picked":["stsjorbsmod:BurningFlask","stsjorbsmod:UnseenServant","stsjorbsmod:ParryingBlow","ekkoTheBoyWhoShatteredTime:SneakHit"],"picked":"SKIP","floor":43},{"not_picked":["stsjorbsmod:DoubleCheck+1","stsjorbsmod:FranticSearch+1","stsjorbsmod:TinyHut"],"picked":"SKIP","floor":46},{"not_picked":["stsjorbsmod:Mania+1","stsjorbsmod:Mindworm+1","Whirlwind"],"picked":"SKIP","floor":48},{"not_picked":["Rupture","stsjorbsmod:Patron","stsjorbsmod:Mindworm"],"picked":"SKIP","floor":49}],"player_experience":1067672,"relics_obtained":[{"floor":6,"key":"halation:BlackBeret"},{"floor":7,"key":"ReplayTheSpireMod:Ring of Collecting"},{"floor":9,"key":"Vajra"},{"floor":12,"key":"hubris:Metronome"},{"floor":14,"key":"Strawberry"},{"floor":16,"key":"trackpad:DisasterInABottle"},{"floor":26,"key":"aspiration:Lifesprig"},{"floor":28,"key":"Ring of Panic"},{"floor":28,"key":"hubris:DisguiseKit"},{"floor":30,"key":"Ring of Fury"},{"floor":30,"key":"ReplayTheSpireMod:TigerMarble"},{"floor":32,"key":"trackpad:RapidFire"},{"floor":42,"key":"CCEMRelics:DerglesHeadphones"},{"floor":43,"key":"wanderingMiniBosses:CarrionFlame"},{"floor":45,"key":"Ring of Fangs"},{"floor":45,"key":"CCEMRelics:GrapeVine"},{"floor":46,"key":"trackpad:WritersBlock"},{"floor":49,"key":"Happy Flower"}],"event_choices":[{"damage_healed":0,"gold_gain":0,"player_choice":"Forge","damage_taken":0,"max_hp_gain":0,"max_hp_loss":0,"event_name":"Accursed Blacksmith","floor":24,"gold_loss":0,"cards_upgraded":["stsjorbsmod:TollTheDead"]},{"damage_healed":0,"gold_gain":0,"player_choice":"Got Potions","damage_taken":0,"max_hp_gain":0,"max_hp_loss":0,"event_name":"Lab","floor":41,"gold_loss":0}],"is_beta":false,"boss_relics":[{"not_picked":["Runesmith:UraniumAnvil","Tiny House"],"picked":"Cursed Key"},{"not_picked":["Runic Pyramid","aspiration:RitualDagger"],"picked":"vexMod:DeviousBotling"}],"items_purged_floors":[22,29,38,44,50,50,50,50],"is_endless":false,"potions_floor_spawned":[1,4,12,15,20,23,31,37,39,49],"killed_by":"conspire:OrnateMirror","ascension_level":0}}