{"host":"edk8ruzv78x6jv19","time":1608701946,"event":{"mods":["BaseMod","Bestiary","Better Third Choice","Energized Spire","Infinite Spire","Lobotomy","Minty Spire (QoL Compilation)","Replay The Spire","StSLib","The Blue Laboratory","Thieving Mod","Treasure Hunter"],"gold_per_floor":[168,168,168,14,14,14,89,89,140,173,58,58,78,78,78,78,78],"floor_reached":16,"playtime":518,"items_purged":["Shrug It Off"],"score":119,"play_id":"c48bf5b1-d9bf-4fae-98d7-810b17e2cae4","local_time":"20201222233906","daily_mods":["SealedDeck","Heirloom","Time Dilation","Flight","Elite Swarm","Lethality"],"is_ascension_mode":false,"campfire_choices":[{"data":"Heavy Blade","floor":6,"key":"SMITH"},{"data":"Heavy Blade","floor":8,"key":"SMITH"},{"data":"TH:CursedSword","floor":12,"key":"SMITH"},{"data":"Inflame","floor":15,"key":"SMITH"}],"circlet_count":0,"master_deck":["Replay:Undeath\u0027s Touch","Metallicize","Dual Wield+1","Cleave","Cleave","Dual Wield+1","Heavy Blade+1","Heavy Blade+1","Heavy Blade+1","TH:CursedSword+1","TH:PixieDust","Inflame+1"],"relics":["Burning Blood","FossilizedHelix","Replay:Baseball","Membership Card","War Paint","Dream Catcher","CeramicFish","Golden Idol"],"acts_visited":["Exordium"],"potions_floor_usage":[16],"damage_taken":[{"damage":0,"enemies":"Jaw Worm","floor":1,"turns":2},{"damage":0,"enemies":"3 Sentries","floor":10,"turns":3},{"damage":0,"enemies":"Small Slimes","floor":13,"turns":1},{"damage":43,"enemies":"The Guardian","floor":16,"turns":5}],"seed_played":"5439866857782138113","potions_obtained":[{"floor":10,"key":"HeartOfIron"},{"floor":13,"key":"GamblersBrew"}],"is_trial":true,"path_per_floor":["M","?","?","$","?","R","?","R","T","E","$","R","M","?","R","B"],"character_chosen":"IRONCLAD","items_purchased":["Membership Card","CeramicFish"],"campfire_rested":0,"item_purchase_floors":[4,11],"current_hp_per_floor":[80,62,62,62,62,62,51,51,51,57,57,57,63,43,43,0,0],"gold":78,"neow_bonus":"","is_daily":false,"chose_seed":false,"campfire_upgraded":4,"win_rate":0.0,"timestamp":1608701946,"path_taken":["M","?","?","$","?","R","?","R","T","E","$","R","?","?","R","BOSS"],"items_purchased_type":["Relic","Relic"],"build_version":"2020-12-22","purchased_purges":1,"victory":false,"max_hp_per_floor":[80,80,80,80,80,80,80,80,80,80,80,80,80,80,80,80,80],"card_choices":[{"not_picked":["Iron Wave","Armaments","Sword Boomerang"],"picked":"SKIP","floor":1},{"not_picked":["TH:BikiniMail"],"picked":"TH:CursedSword","floor":9},{"not_picked":["TH:DeckOfManyThings"],"picked":"TH:PixieDust","floor":10},{"not_picked":["Immolate","Demonic Infusion","Eclipse"],"picked":"SKIP","floor":10},{"not_picked":["True Grit","Cleave"],"picked":"Inflame","floor":13}],"player_experience":33069,"relics_obtained":[{"floor":9,"key":"War Paint"},{"floor":10,"key":"Dream Catcher"}],"event_choices":[{"damage_healed":0,"gold_gain":0,"player_choice":"Relic ","damage_taken":18,"max_hp_gain":0,"max_hp_loss":0,"event_name":"betterThird:BetterScrap","floor":2,"gold_loss":0,"cards_obtained":["Wallop"]},{"damage_healed":0,"gold_gain":75,"player_choice":"Gold","damage_taken":11,"max_hp_gain":0,"max_hp_loss":0,"event_name":"betterThird:BetterGoop","floor":7,"gold_loss":0},{"damage_healed":0,"gold_gain":0,"player_choice":"Take Damage","damage_taken":20,"relics_obtained":["Golden Idol"],"max_hp_gain":0,"max_hp_loss":0,"event_name":"Golden Idol","floor":14,"gold_loss":0}],"is_beta":false,"boss_relics":[],"items_purged_floors":[11],"is_endless":false,"potions_floor_spawned":[10,13],"killed_by":"The Guardian","ascension_level":0}}