{"host":"ss2ocoam53r2lno0","time":1608756376,"event":{"mods":["Act Like it!","BaseMod","ChefMod","Colored Powertips","Displayed Cursed Tome","Downfall","Googly Eyes","Hallownest","Highlight Path","Minty Spire (QoL Compilation)","Rare Cards Sparkle","Robot Space Explorer","Shade Mod","Shop Mod","Spicy Shops","StSLib","The Marked"],"gold_per_floor":[111,121,138,158,158,191,191,191,191,206,231,231,259,259,259,359,409,422,28,28,44,519,554,606,606,633,633,633],"floor_reached":27,"playtime":3923,"items_purged":["theMarked:Strike"],"score":309,"play_id":"277a9516-5bbe-4724-9bea-57ad9b394324","local_time":"20201223214616","is_ascension_mode":true,"campfire_choices":[{"data":"theMarked:Indomitable","floor":7.0,"key":"SMITH"},{"floor":12.0,"key":"REST"},{"floor":15.0,"key":"REST"},{"data":"theMarked:HeritageOfTheMarked","floor":25.0,"key":"SMITH"}],"circlet_count":0,"master_deck":["theMarked:Strike+1","theMarked:Strike","theMarked:Strike","theMarked:Strike","theMarked:SoldierOfQuellstein","theMarked:DeterminationOfTheMarked","theMarked:Indomitable+1","theMarked:Aftermath","theMarked:Frustration","theMarked:HeritageOfTheMarked+1","theMarked:BanishingStrike","Hallownest:skillSlugHide","Hallownest:skillSlugHide","Hallownest:skillSlugHide","Hallownest:skillSlugHide","Hallownest:skillSlugHide","theMarked:BindingBlade","theMarked:Overthink","theMarked:Overthink","theMarked:HeritageOfTheMarked","theMarked:HeritageOfTheMarked","Dark Shackles","theMarked:Overcharge+1"],"relics":["theMarked:ArtifactOfAir","Hallownest:DreamNailRelic","Anchor","Kunai","Tiny Chest","Tiny House","DollysMirror","Hallownest:WatcherSealRelic","Ornamental Fan","Oddly Smooth Stone","Orichalcum"],"acts_visited":["Hallownest:Greenpath","Hallownest:CityofTears"],"potions_floor_usage":[27],"damage_taken":[{"damage":4.0,"enemies":"Hallownest:2_MossCreeps","floor":1.0,"turns":6.0},{"damage":0.0,"enemies":"Hallownest:monsterHuskGuard","floor":2.0,"turns":3.0},{"damage":3.0,"enemies":"Hallownest:2_Tiktiks_and_1_Crawlid","floor":3.0,"turns":3.0},{"damage":0.0,"enemies":"Hallownest:Wandering_and_Horned","floor":4.0,"turns":8.0},{"damage":22.0,"enemies":"Hallownest:eliteCrystalGuardian","floor":6.0,"turns":7.0},{"damage":0.0,"enemies":"Hallownest:monsterAspidMother","floor":8.0,"turns":4.0},{"damage":0.0,"enemies":"Hallownest:monsterMossCharger","floor":10.0,"turns":3.0},{"damage":20.0,"enemies":"Hallownest:eliteVengeflyKing","floor":11.0,"turns":6.0},{"damage":35.0,"enemies":"Hallownest:eliteMossKnight","floor":13.0,"turns":7.0},{"damage":2.0,"enemies":"Hallownest:BossBrokenVessel","floor":16.0,"turns":7.0},{"damage":29.0,"enemies":"Hallownest:Guard_and_Sentry","floor":18.0,"turns":10.0},{"damage":4.0,"enemies":"Hallownest:Flukemon_and_Top","floor":21.0,"turns":5.0},{"damage":33.0,"enemies":"Hallownest:eliteWatcherKnight","floor":23.0,"turns":10.0},{"damage":27,"enemies":"Hallownest:eliteSoulWarrior","floor":27,"turns":6}],"seed_played":"8362768478747044965","potions_obtained":[{"floor":2.0,"key":"Fire Potion"},{"floor":3.0,"key":"Dexterity Potion"},{"floor":4.0,"key":"Fire Potion"},{"floor":10.0,"key":"Energy Potion"},{"floor":13.0,"key":"DuplicationPotion"},{"floor":17.0,"key":"Guardian:BlockOnCardUsePotion"}],"is_trial":false,"path_per_floor":["M","M","M","M","?","E","R","M","T","M","E","R","E","?","R","B",null,"M","$","?","M","?","E","T","R","T","E"],"character_chosen":"THE_DEFAULT","items_purchased":["theMarked:HeritageOfTheMarked","DollysMirror","Dark Shackles"],"campfire_rested":2,"item_purchase_floors":[19,19,19],"current_hp_per_floor":[59,59,56,56,56,34,34,34,34,34,14,39,4,4,29,27,89,60,60,60,56,56,23,23,23,23,0,0],"gold":633,"neow_bonus":"TWENTY_PERCENT_HP_BONUS","is_daily":false,"chose_seed":false,"campfire_upgraded":2,"win_rate":0.0,"timestamp":1608756376,"path_taken":["M","?","M","M","?","E","R","?","T","M","E","R","E","?","R","BOSS","M","$","?","M","?","E","?","R","T","E"],"items_purchased_type":["Card","Relic","Card"],"build_version":"2020-12-22","purchased_purges":1,"victory":false,"max_hp_per_floor":[84,84,84,84,84,84,84,84,84,84,84,84,84,84,84,84,89,89,89,89,89,89,89,89,89,89,89,89],"card_choices":[{"not_picked":["theMarked:Frustration","theMarked:Improvise"],"picked":"theMarked:DeterminationOfTheMarked","floor":1.0},{"not_picked":["theMarked:Static","theMarked:Electrocute"],"picked":"theMarked:Indomitable","floor":2.0},{"not_picked":["theMarked:WastefulAttack","theMarked:Electrify","theMarked:SelfDefenseTraining"],"picked":"SKIP","floor":3.0},{"not_picked":["theMarked:RepellingDischarge","theMarked:WastefulDefense"],"picked":"theMarked:Aftermath","floor":4.0},{"not_picked":["theMarked:TwofoldDefense","theMarked:SummonStrength"],"picked":"theMarked:Frustration","floor":6.0},{"not_picked":["theMarked:Parkour","theMarked:ChainLightning","theMarked:ElectricStrings"],"picked":"SKIP","floor":8.0},{"not_picked":["theMarked:MaelstromOfLightning","theMarked:ParalyzingBlade","theMarked:GodGivenPower"],"picked":"SKIP","floor":10.0},{"not_picked":["theMarked:ChainLightning","theMarked:EnhanceMovement"],"picked":"theMarked:HeritageOfTheMarked","floor":11.0},{"not_picked":["theMarked:SwordAndMagic","theMarked:TakeCover"],"picked":"theMarked:BanishingStrike","floor":13.0},{"not_picked":["theMarked:UnarmedFury","theMarked:Levitate"],"picked":"theMarked:BindingBlade","floor":16.0},{"not_picked":["theMarked:Frustration","theMarked:Improvise"],"picked":"theMarked:Overthink","floor":17.0},{"not_picked":["theMarked:KeepCalmAndFightOn","theMarked:ResourceFulStrike"],"picked":"theMarked:Overthink","floor":18.0},{"not_picked":["theMarked:RepellingDischarge","theMarked:MaelstromOfLightning"],"picked":"theMarked:Overcharge+1","floor":21.0},{"not_picked":["theMarked:ParalyzingBlade+1","theMarked:Static","theMarked:ChainLightning"],"picked":"SKIP","floor":23.0}],"player_experience":599862,"relics_obtained":[{"floor":6.0,"key":"Anchor"},{"floor":9.0,"key":"Kunai"},{"floor":11.0,"key":"Pocketwatch"},{"floor":13.0,"key":"Tiny Chest"},{"floor":23.0,"key":"Ornamental Fan"},{"floor":24.0,"key":"Oddly Smooth Stone"},{"floor":26.0,"key":"Orichalcum"}],"event_choices":[],"is_beta":false,"boss_relics":[{"not_picked":["Runic Pyramid","expansioncontent:StudyCardRelic"],"picked":"Tiny House"}],"items_purged_floors":[19],"is_endless":false,"potions_floor_spawned":[2,3,4,10,13],"killed_by":"Hallownest:eliteSoulWarrior","ascension_level":1}}