{"host":"yd9r7zy2pq4z3cad","time":1608745371,"event":{"mods":["AchievementEnabler","Act Like it!","Astrologer","BaseMod","Beaked The Cultist","Better Third Choice","BetterRewards","Colored Map","Colored Powertips","Conspire","Curses Come First","Displayed Cursed Tome","Downfall","Elementarium","GifTheSpireLib","Halation","Hallownest","Hermit","Highlight Path","Hubris","Infinite Spire","Jorbs\u0027s Wanderer Trilogy","Menagerie","Minty Spire (QoL Compilation)","Pale of the Ancients","Permanent Neow","Rare Cards Sparkle","Relic Sorter","Relic Stats","Replay The Spire","Shade Mod","StSLib","Stuff the Spire","The Alterego","The Blackbeard","The Bladedancer","The Bug Knight","The Cursed","The Dragon Tamer","The Exalted","The Factory","The Forsaken","The Gatherer","The Hierophant","The Jungle","The Mystic","The Necromancer","The Problem Sleuth","The Runesmith","The Servant 0.9.4","The Spell Scribe","vexMod"],"gold_per_floor":[119,132,107,117,117,117,147,72,119,136,8,21,34,34,34,136,136,146,146,166,184,38,38,38,38,64,76,76,76,89,115,115,115,115,217,217,241,277,277,323,323,323,376,376,376],"floor_reached":44,"playtime":2002,"items_purged":["Strike_B","Hallownest:skillSlugHide","Hallownest:skillSlugHide"],"score":606,"play_id":"0068c025-2e6d-4dbd-b8db-b220814c428e","local_time":"20201223224251","is_ascension_mode":false,"campfire_choices":[{"floor":6.0,"key":"REST"},{"floor":15.0,"key":"REST"},{"floor":23.0,"key":"REST"},{"floor":34.0,"key":"REST"}],"circlet_count":0,"master_deck":["Strike_B","Strike_B","Strike_B","Zap","Dualcast","Rebound","Go for the Eyes","Beam Cell","Hallownest:skillSlugHide","Hallownest:skillSlugHide","Hallownest:skillSlugHide","Hallownest:skillGreenpathMap","Chill","Self Repair","Self Repair","Melter","StuffTheSpire:ShieldGenerator","Ball Lightning","Electrodynamics+1","CurseOfTheBell","ReplaySolidLightProjector+1","Crystallizer","Conserve Battery","RitualDagger","Capacitor","ReplayTheSpireMod:??????????????????????","Coolheaded+1"],"relics":["Cracked Core","Orichalcum","Replay:Baseball","Shovel","halation:Toothbrush","Potion Belt","Hallownest:DreamNailRelic","Calling Bell","hubris:BallOfYels","beaked:ShinyBauble","Girya","Anchor","Onion Ring","Replay:Rubber Ducky","vexMod:FocusSash","infinitespire:EvilPickle","Bromod:ArcaneGrace","Gremlin Food","halation:PapillonHeart","OrangePellets","Mercury Hourglass"],"acts_visited":["Hallownest:Greenpath","TheCity","TheBeyond"],"potions_floor_usage":[44],"damage_taken":[{"damage":8.0,"enemies":"2_ Uuma","floor":1.0,"turns":4.0},{"damage":1.0,"enemies":"Hallownest:monsterHuskWarrior","floor":2.0,"turns":3.0},{"damage":0.0,"enemies":"Hallownest:monsterHuskGuard","floor":4.0,"turns":3.0},{"damage":32.0,"enemies":"Hallownest:eliteCrystalGuardian","floor":7.0,"turns":6.0},{"damage":5.0,"enemies":"Hallownest:Guard_and_Warrior","floor":10.0,"turns":4.0},{"damage":2.0,"enemies":"Hallownest:MossCreep_and_Mosskin","floor":12.0,"turns":5.0},{"damage":4.0,"enemies":"Hallownest:1_Baldur_1_Crawlid_1_Warrior","floor":13.0,"turns":7.0},{"damage":63.0,"enemies":"Hallownest:BossBrokenVessel","floor":16.0,"turns":15.0},{"damage":3.0,"enemies":"Chosen","floor":18.0,"turns":4.0},{"damage":13.0,"enemies":"2 Thieves","floor":20.0,"turns":3.0},{"damage":42.0,"enemies":"Snecko","floor":21.0,"turns":7.0},{"damage":0.0,"enemies":"Sentry and Sphere","floor":27.0,"turns":3.0},{"damage":3.0,"enemies":"Chosen and Byrds","floor":30.0,"turns":3.0},{"damage":8.0,"enemies":"Slavers","floor":31.0,"turns":2.0},{"damage":42.0,"enemies":"Pondfish","floor":35.0,"turns":14.0},{"damage":1.0,"enemies":"3 Shapes","floor":37.0,"turns":4.0},{"damage":6.0,"enemies":"Orb Walker","floor":38.0,"turns":4.0},{"damage":73.0,"enemies":"Nemesis","floor":43.0,"turns":9.0},{"damage":26,"enemies":"Jaw Worm Horde","floor":44,"turns":2}],"seed_played":"-8827534301864017071","potions_obtained":[{"floor":4.0,"key":"Energy Potion"},{"floor":7.0,"key":"Explosive Potion"},{"floor":12.0,"key":"FearPotion"},{"floor":27.0,"key":"Strength Potion"},{"floor":30.0,"key":"FearPotion"},{"floor":38.0,"key":"FocusPotion"},{"floor":43,"key":"PowerPotion"}],"is_trial":false,"path_per_floor":["M","M","?","M","?","R","E","?","T","M","$","M","M","?","R","B",null,"M","?","M","M","$","R","?","AVR","T","M","PTL","PTL","M","E","?","?","R","B",null,"M","M","?","T","?","AVR","E","M"],"character_chosen":"DEFECT","items_purchased":["Orichalcum","Replay:Baseball","Self Repair","Melter","Anchor"],"campfire_rested":4,"item_purchase_floors":[0,0,11,11,22],"current_hp_per_floor":[51,50,50,50,50,72,40,40,40,35,35,47,57,57,75,26,75,75,78,78,50,50,73,73,76,76,81,81,81,81,80,65,59,84,56,86,86,86,65,65,65,68,15,0,0],"gold":376,"neow_bonus":"","is_daily":false,"chose_seed":false,"campfire_upgraded":0,"win_rate":0.0,"timestamp":1608745371,"path_taken":["M","M","?","M","?","R","E","?","T","M","$","M","M","?","R","BOSS","M","?","M","M","?","R","?","AVR","T","M","PTL","PTL","?","E","?","?","R","BOSS","M","M","?","?","?","AVR","E","M"],"items_purchased_type":["Relic","Relic","Card","Card","Relic"],"build_version":"2020-12-22","purchased_purges":3,"victory":false,"max_hp_per_floor":[75,75,75,75,75,75,75,75,75,75,75,75,75,75,75,75,75,75,78,78,78,78,78,78,81,81,81,81,81,81,81,86,86,86,86,86,86,86,86,86,82,85,85,85,85],"relic_stats":{"OrangePellets":[0],"Shovel":0,"counters":[19,102],"Orichalcum":[132],"obtain_stats":[{"Potion Belt":9,"Gremlin Food":40,"hubris:BallOfYels":17,"Girya":17,"beaked:ShinyBauble":17,"halation:PapillonHeart":41,"Bromod:ArcaneGrace":36,"Hallownest:DreamNailRelic":14,"vexMod:FocusSash":31,"Orichalcum":0,"Replay:Rubber Ducky":26,"Mercury Hourglass":43,"Calling Bell":17,"infinitespire:EvilPickle":35,"OrangePellets":42,"Replay:Baseball":0,"Anchor":22,"Shovel":0,"Onion Ring":25,"halation:Toothbrush":7,"Cracked Core":0},{"Potion Belt":4,"Gremlin Food":17,"hubris:BallOfYels":8,"Girya":8,"beaked:ShinyBauble":8,"halation:PapillonHeart":17,"Bromod:ArcaneGrace":15,"Hallownest:DreamNailRelic":7,"vexMod:FocusSash":14,"Orichalcum":0,"Replay:Rubber Ducky":11,"Mercury Hourglass":18,"Calling Bell":8,"infinitespire:EvilPickle":15,"OrangePellets":17,"Replay:Baseball":0,"Anchor":11,"Shovel":0,"Onion Ring":11,"halation:Toothbrush":4,"Cracked Core":0},{"Potion Belt":16,"Gremlin Food":91,"hubris:BallOfYels":47,"Girya":47,"beaked:ShinyBauble":47,"halation:PapillonHeart":91,"Bromod:ArcaneGrace":83,"Hallownest:DreamNailRelic":32,"vexMod:FocusSash":69,"Orichalcum":0,"Replay:Rubber Ducky":61,"Mercury Hourglass":100,"Calling Bell":47,"infinitespire:EvilPickle":83,"OrangePellets":91,"Replay:Baseball":0,"Anchor":61,"Shovel":0,"Onion Ring":61,"halation:Toothbrush":16,"Cracked Core":0}],"Mercury Hourglass":[0]},"card_choices":[{"not_picked":["Streamline","StuffTheSpire:Plugnplay"],"picked":"Rebound","floor":1.0},{"not_picked":["Streamline","ReplaySort"],"picked":"Go for the Eyes","floor":2.0},{"not_picked":["Panic Button","BasicCrystalCard"],"picked":"Beam Cell","floor":4.0},{"not_picked":["Rebound","Stack","Panic Button"],"picked":"SKIP","floor":7.0},{"not_picked":["Cold Snap","Conserve Battery"],"picked":"Chill","floor":10.0},{"not_picked":["Fusion","Darkness"],"picked":"StuffTheSpire:ShieldGenerator","floor":12.0},{"not_picked":["Darkness","Sweeping Beam"],"picked":"Ball Lightning","floor":13.0},{"not_picked":["ReplayTheSpireMod:Omega Cannon","Thunder Strike"],"picked":"Electrodynamics","floor":16.0},{"not_picked":["Blizzard","Streamline","Compile Driver+1"],"picked":"SKIP","floor":18.0},{"not_picked":["Stack","Skim"],"picked":"ReplaySolidLightProjector+1","floor":20.0},{"not_picked":["Sweeping Beam","StuffTheSpire:Rend","StuffTheSpire:ShieldGenerator"],"picked":"SKIP","floor":21.0},{"not_picked":["StuffTheSpire:EventHorizon","FTL+1"],"picked":"Crystallizer","floor":27.0},{"not_picked":["Melter","ReplaySort+1","ReplayGash"],"picked":"SKIP","floor":30.0},{"not_picked":["Aggregate","Rebound"],"picked":"Conserve Battery","floor":31.0},{"not_picked":["StuffTheSpire:Plugnplay+1","Cold Snap"],"picked":"Capacitor","floor":37.0},{"not_picked":["ReplayTheSpireMod:System Scan","Ball Lightning+1","Beam Cell"],"picked":"SKIP","floor":38.0},{"not_picked":["ReplayTheSpireMod:Black Plague","infinitespire:Punishment"],"picked":"ReplayTheSpireMod:??????????????????????","floor":39.0},{"not_picked":["ReplaySolidLightProjector+1","Streamline+1"],"picked":"Coolheaded+1","floor":43}],"player_experience":143621,"relics_obtained":[{"floor":7.0,"key":"halation:Toothbrush"},{"floor":9.0,"key":"Potion Belt"},{"floor":17.0,"key":"hubris:BallOfYels"},{"floor":17.0,"key":"beaked:ShinyBauble"},{"floor":17.0,"key":"Girya"},{"floor":26.0,"key":"Replay:Rubber Ducky"},{"floor":31.0,"key":"vexMod:FocusSash"},{"floor":40.0,"key":"Gremlin Food"},{"floor":43,"key":"Mercury Hourglass"}],"event_choices":[{"cards_removed":["Amnesia"],"damage_healed":0.0,"max_hp_gain":0.0,"max_hp_loss":0.0,"gold_gain":0.0,"event_name":"Purifier","player_choice":"Purged","floor":19.0,"gold_loss":0.0,"damage_taken":0.0},{"damage_healed":0.0,"max_hp_gain":0.0,"max_hp_loss":0.0,"gold_gain":0.0,"event_name":"Upgrade Shrine","player_choice":"Upgraded","floor":24.0,"gold_loss":0.0,"damage_taken":0.0,"cards_upgraded":["Electrodynamics"]},{"damage_healed":0.0,"max_hp_gain":5.0,"max_hp_loss":0.0,"gold_gain":0.0,"event_name":"Forgotten Altar","player_choice":"Shed Blood","floor":32.0,"gold_loss":0.0,"damage_taken":20.0},{"damage_healed":0.0,"max_hp_gain":0.0,"max_hp_loss":0.0,"gold_gain":0.0,"event_name":"betterThird:BetterNest","player_choice":"Dagger","floor":33.0,"gold_loss":0.0,"damage_taken":6.0,"cards_obtained":["RitualDagger"]}],"is_beta":false,"boss_relics":[{"not_picked":["Abe\u0027s Treasure","Runesmith:UraniumAnvil"],"picked":"Calling Bell"},{"not_picked":["Inserter","Replay:Drink Me"],"picked":"Bromod:ArcaneGrace"}],"items_purged_floors":[0,25,42],"is_endless":false,"potions_floor_spawned":[4,7,12,27,30,38,43],"killed_by":"Jaw Worm Horde","ascension_level":0}}