{"host":"edk8ruzv78x6jv19","time":1608755264,"event":{"mods":["BaseMod","Better Third Choice","Energized Spire","Infinite Spire","Minty Spire (QoL Compilation)","Replay The Spire","StSLib","The Blue Laboratory","Thieving Mod","Treasure Hunter"],"gold_per_floor":[371,371,55,66,66,66,66,66,91,121,140,158,187,221,221,316,316,333,41,41,581,38,38,69,70,70],"floor_reached":25,"playtime":989,"items_purged":["Shrug It Off","Clash"],"score":260,"play_id":"a1234c54-9f80-4131-ab6e-9d33169ce056","local_time":"20201223142744","daily_mods":["SealedDeck","Heirloom","Time Dilation","Flight","DeadlyEvents","Elite Swarm","Lethality"],"is_ascension_mode":false,"campfire_choices":[{"data":"Seeing Red","floor":6,"key":"SMITH"},{"data":"Perfected Strike","floor":7,"key":"SMITH"},{"data":"Perfected Strike","floor":8,"key":"SMITH"},{"data":"Shrug It Off","floor":15,"key":"PURGE"},{"data":"Perfected Strike","floor":23,"key":"SMITH"}],"circlet_count":0,"master_deck":["Seeing Red+1","Wild Strike","ReplayTheSpireMod:Strike From Hell","Wild Strike","Perfected Strike+1","Perfected Strike+1","Perfected Strike+1","TH:CopperCoins","TH:TreasureMap","TH:TreasureMap","TH:TreasureMap","Doubt","Decay","Writhe","TH:CopperCoins"],"relics":["Burning Blood","infinitespire:Golems Mask","FaceOfCleric","BargainBundle","Nunchaku","Centennial Puzzle","Boot","ReplayTheSpireMod:Spearhead","StrikeDummy","Happy Flower","energizedSpire:DecayingSkull","ReplayTheSpireMod:Lightbulb","infinitespire:WardingShard","infinitespire:Lucky Rock","Lee\u0027s Waffle","Shuriken"],"acts_visited":["Exordium","TheCity"],"potions_floor_usage":[12,13,14,16,21,24,24,24],"damage_taken":[{"damage":0,"enemies":"Cultist","floor":1,"turns":1},{"damage":0,"enemies":"Small Slimes","floor":4,"turns":2},{"damage":12,"enemies":"Replay:BlueRogue","floor":10,"turns":2},{"damage":0,"enemies":"Jaw Worm","floor":11,"turns":1},{"damage":0,"enemies":"Blue Slaver","floor":12,"turns":1},{"damage":9,"enemies":"Lagavulin","floor":13,"turns":3},{"damage":19,"enemies":"3 Sentries","floor":14,"turns":3},{"damage":69,"enemies":"Hexaghost","floor":16,"turns":4},{"damage":3,"enemies":"Spheric Guardian","floor":18,"turns":2},{"damage":34,"enemies":"Book of Stabbing","floor":24,"turns":3},{"damage":48,"enemies":"Slavers","floor":25,"turns":3}],"seed_played":"4702366255128061173","potions_obtained":[{"floor":4,"key":"blueLaboratory:FruitPunch"},{"floor":14,"key":"blueLaboratory:BottledHope"},{"floor":16,"key":"blueLaboratory:IronCompound"}],"is_trial":true,"path_per_floor":["M","?","$","M","?","R","R","R","T","E","M","M","E","E","R","B",null,"M","$","?","?","$","R","E","E"],"character_chosen":"IRONCLAD","items_purchased":["BargainBundle","Nunchaku","Centennial Puzzle","Inflame","blueLaboratory:BubblePotion","BlessingOfTheForge","Block Potion","ReplayTheSpireMod:Lightbulb","infinitespire:WardingShard","infinitespire:Lucky Rock","Lee\u0027s Waffle"],"campfire_rested":0,"item_purchase_floors":[3,3,3,3,3,3,3,19,22,22,22],"current_hp_per_floor":[80,80,80,81,81,81,81,81,81,76,83,86,84,72,72,10,89,90,70,52,4,72,72,45,0,0],"gold":70,"neow_bonus":"","is_daily":false,"chose_seed":false,"campfire_upgraded":4,"win_rate":0.0,"timestamp":1608755264,"path_taken":["M","?","$","?","?","R","R","R","T","?","?","?","?","E","R","BOSS","M","$","?","?","$","R","?","E"],"items_purchased_type":["Relic","Relic","Relic","Card","Potion","Potion","Potion","Relic","Relic","Relic","Relic"],"build_version":"2020-12-22","purchased_purges":2,"victory":false,"max_hp_per_floor":[80,80,80,81,81,81,81,81,81,82,83,86,87,88,88,89,89,90,90,95,85,92,92,93,93,93],"card_choices":[{"not_picked":["ReplayTheSpireMod:Stacked","ReplayTheSpireMod:Corrosion Curse","Burning Pact"],"picked":"SKIP","floor":1},{"not_picked":["Blood for Blood","True Grit","Run Through"],"picked":"SKIP","floor":4},{"not_picked":["TH:BikiniMail"],"picked":"TH:CopperCoins","floor":9},{"not_picked":["TH:PixieDust"],"picked":"TH:TreasureMap","floor":10},{"not_picked":["Exhume","Double Tap","Barricade"],"picked":"SKIP","floor":10},{"not_picked":["Body Slam","Havoc","Headbutt"],"picked":"SKIP","floor":11},{"not_picked":["Battle Trance","Anger","Havoc"],"picked":"SKIP","floor":12},{"not_picked":["TH:ArmorSpikes"],"picked":"TH:TreasureMap","floor":13},{"not_picked":["Bludgeon","Demon Form","Double Tap"],"picked":"SKIP","floor":13},{"not_picked":["TH:PixieDust"],"picked":"TH:TreasureMap","floor":14},{"not_picked":["Replay:Many Hands","Juggernaut","Reaper"],"picked":"SKIP","floor":14},{"not_picked":["TH:BikiniMail"],"picked":"TH:DeckOfManyThings","floor":16},{"not_picked":["Dropkick","Run Through+1"],"picked":"Perfected Strike","floor":18},{"not_picked":["TH:ElvenBoots"],"picked":"TH:CopperCoins","floor":24},{"not_picked":["Exhume","Feed","Demonic Infusion"],"picked":"SKIP","floor":24}],"player_experience":35244,"relics_obtained":[{"floor":9,"key":"Boot"},{"floor":10,"key":"ReplayTheSpireMod:Spearhead"},{"floor":13,"key":"StrikeDummy"},{"floor":14,"key":"Happy Flower"},{"floor":24,"key":"Shuriken"}],"event_choices":[{"damage_healed":0,"gold_gain":0,"player_choice":"Trade","damage_taken":0,"relics_obtained":["FaceOfCleric"],"max_hp_gain":0,"max_hp_loss":0,"event_name":"FaceTrader","floor":2,"gold_loss":0},{"cards_removed":["Inflame"],"damage_healed":0,"gold_gain":0,"player_choice":"Offered Uncommon","damage_taken":0,"max_hp_gain":0,"max_hp_loss":0,"event_name":"Bonfire Elementals","floor":5,"gold_loss":0},{"damage_healed":0,"gold_gain":0,"player_choice":"Shed Blood","damage_taken":23,"max_hp_gain":5,"max_hp_loss":0,"event_name":"Forgotten Altar","floor":20,"gold_loss":0},{"damage_healed":0,"gold_gain":540,"player_choice":"CARD POTION POTION POTION POTION GOLD CARD CARD GOLD GOLD GOLD GOLD GOLD ","damage_taken":108,"max_hp_gain":0,"max_hp_loss":0,"event_name":"Knowing Skull","floor":21,"potions_obtained":["Languid Potion","blueLaboratory:ForbiddenFruitJuice","ThievingMod:ThievingPotion","LiquidBronze"],"gold_loss":0,"cards_obtained":["Replay:Parry","PanicButton","Swift Strike"]}],"is_beta":false,"boss_relics":[{"not_picked":["Empty Cage","Replay:Bronze Core"],"picked":"energizedSpire:DecayingSkull"}],"items_purged_floors":[3,19],"is_endless":false,"potions_floor_spawned":[4,11,14,16],"killed_by":"Slavers","ascension_level":0}}