{"host":"qljq6nt1bltq73k9","time":1608700682,"event":{"mods":["BaseMod","Colored Map","Colored Powertips","Downfall","Lobotomy","Minty Spire (QoL Compilation)","Quick Restart","Replay The Spire","StSLib"],"gold_per_floor":[99999,99194,99207,99222,99222,99222,99222,99222,99269,99282,99294,98196,97099,97115,97115,97216,97216,97216,97216,96213,96213,96213,96213,96213,95174,95174,95174,95174,95174,95174,93997,93997,93997,93997,93997,93997,93997,93232,93142,93142,93142,93142,93142,93142,92526,92526,92526,92526,92526,92526,92526],"floor_reached":50,"playtime":2186,"items_purged":["Defend_P","Defend_P","Defend_P","Strike_P","Strike_P","Slimebound:Icky","Strike_P","Strike_P"],"score":600,"play_id":"04bf12f7-0d86-4023-a4ac-6f47f04ec381","local_time":"20201223131802","is_ascension_mode":false,"campfire_choices":[{"data":"Eruption","floor":6.0,"key":"SMITH"},{"data":"Vigilance","floor":8.0,"key":"SMITH"},{"floor":15.0,"key":"REST"},{"data":"Adaptation","floor":23.0,"key":"SMITH"},{"data":"Slimebound:CheckThePlaybook","floor":30.0,"key":"SMITH"},{"data":"expansioncontent:QuickStudy","floor":32.0,"key":"SMITH"},{"data":"Wish","floor":40,"key":"SMITH"},{"data":"Scrawl","floor":42,"key":"SMITH"},{"data":"JustLucky","floor":44,"key":"SMITH"},{"data":"expansioncontent:DashGenerateEvil","floor":49,"key":"SMITH"}],"circlet_count":0,"master_deck":["Eruption+1","Vigilance+1","Wireheading","Wireheading","BodiesMountain","PathToVictory","CarveReality","ReachHeaven","GreedKing","Weave","WallGazer","Adaptation+1","MentalFortress","Violence","Fasting2","Omniscience+1","Omniscience","ReachHeaven","Halt","VoidDream","DevaForm","Tantrum+1","JustLucky","Panache","Brilliance","SnowQueen","PathToVictory","OSAHOGD","Scrawl+1","expansioncontent:QuickStudy+1","LikeWater","Ragnarok","Slimebound:CheckThePlaybook+1","Collect","MentalFortress","Poisoned Strike","RedShoes","ConjureBlade","BlackArmy","LongBird","BattleHymn","Wish+1","JustLucky+1","Nirvana+1","Fasting2","Omniscience","expansioncontent:DashGenerateEvil+1","CommonCold","Yin","MasterReality"],"relics":["PureWater","CogitoBucket","RabbitCall","Happy Flower","hexamod:BolsterEngine","Frozen Eye","Ginger","Pen Nib","ReplayTheSpireMod:Ninjato","Gambling Chip","Medical Kit","Dream Catcher","Pondfish Scales","DollysMirror","BehaviorAdjustment","Ectoplasm","Vajra","Potion Belt","Sling","Damaru","Akabeko","Toy Ornithopter","OrangePellets","Replay:Bottled Snecko","BackwardClock","StoneCalendar","Kunai","Strange Spoon","ReplayTheSpireMod:DimensionalGlitch","Prayer Wheel","LuminousBracelet","AtMidnight","Regal Pillow","InkBottle","Orrery","Juzu Bracelet","Membership Card","Replay:Baseball","Orichalcum","Ring of Searing","Ring of Misfortune","Mango","Yang_Lob"],"acts_visited":["Exordium","TheCity","TheBeyond"],"potions_floor_usage":[50,50],"damage_taken":[{"damage":0.0,"enemies":"Cultist","floor":1.0,"turns":2.0},{"damage":4.0,"enemies":"2 Louse","floor":3.0,"turns":3.0},{"damage":6.0,"enemies":"Jaw Worm","floor":4.0,"turns":4.0},{"damage":12.0,"enemies":"Exordium Thugs","floor":10.0,"turns":5.0},{"damage":0.0,"enemies":"Gremlin Gang","floor":11.0,"turns":3.0},{"damage":51.0,"enemies":"3 Louse","floor":14.0,"turns":3.0},{"damage":24.0,"enemies":"Hexaghost","floor":16.0,"turns":5.0},{"damage":20.0,"enemies":"Spheric Guardian","floor":18.0,"turns":4.0},{"damage":0.0,"enemies":"3 Byrds","floor":19.0,"turns":3.0},{"damage":2.0,"enemies":"Snake Plant","floor":22.0,"turns":3.0},{"damage":6.0,"enemies":"Slavers","floor":24.0,"turns":3.0},{"damage":0.0,"enemies":"3 Cultists","floor":27.0,"turns":1.0},{"damage":0.0,"enemies":"Cultist and Chosen","floor":29.0,"turns":1.0},{"damage":33.0,"enemies":"Champ","floor":33.0,"turns":4.0},{"damage":3.0,"enemies":"3 Shapes","floor":35.0,"turns":2.0},{"damage":11.0,"enemies":"2 Orb Walkers","floor":36.0,"turns":1.0},{"damage":13,"enemies":"3 Darklings","floor":37,"turns":4},{"damage":0,"enemies":"Jaw Worm Horde","floor":41,"turns":1},{"damage":0,"enemies":"Mind Bloom Boss Battle","floor":47,"turns":1},{"damage":0,"enemies":"Spire Growth","floor":48,"turns":1},{"damage":133,"enemies":"Time Eater","floor":50,"turns":3}],"seed_played":"1491403688587038326","potions_obtained":[{"floor":3.0,"key":"DistilledChaos"},{"floor":16.0,"key":"SpeedPotion"},{"floor":19.0,"key":"SteroidPotion"}],"is_trial":false,"path_per_floor":["M","$","M","M","?","R","?","R","T","M","M","$","$","M","R","B",null,"M","M","$","?","M","R","E","$","T","M","?","M","R","$","R","B",null,"M","?","M","$","?","R","M","R","T","R","$","?","?","M","R","B"],"character_chosen":"WATCHER","items_purchased":["Happy Flower","hexamod:BolsterEngine","Frozen Eye","Wireheading","Weak Potion","DuplicationPotion","LiquidMemories","ReplayTheSpireMod:Ninjato","Gambling Chip","Medical Kit","MentalFortress","Violence","DistilledChaos","Dream Catcher","Pondfish Scales","Fasting2","Omniscience","DollysMirror","Violence","Vajra","Potion Belt","Sling","Panache","Brilliance","Guardian:BlockOnCardUsePotion","SkillPotion","Akabeko","Toy Ornithopter","OrangePellets","expansioncontent:QuickStudy","LikeWater","Ragnarok","StoneCalendar","Kunai","MentalFortress","Strange Spoon","Poisoned Strike","Regal Pillow","InkBottle","Orrery","Membership Card","Replay:Baseball","Orichalcum","Fasting2","Omniscience","expansioncontent:DashGenerateEvil"],"campfire_rested":1,"item_purchase_floors":[2,2,2,2,2,2,2,12,12,12,12,12,12,13,13,13,13,13,13,20,20,20,20,20,20,20,25,25,25,25,25,25,31,31,31,31,31,38,38,38,45,45,45,45,45,45],"current_hp_per_floor":[72,72,68,62,55,55,55,55,55,45,46,46,46,7,28,7,72,53,56,56,82,82,82,79,79,79,82,82,82,82,82,82,50,82,82,74,85,85,85,85,88,88,88,88,88,88,106,110,110,0,0],"gold":92526,"neow_bonus":"","is_daily":false,"chose_seed":false,"campfire_upgraded":9,"win_rate":0.0,"timestamp":1608700682,"path_taken":["M","$","?","M","?","R","?","R","T","?","?","?","$","M","R","BOSS","M","M","$","?","?","R","E","$","T","M","?","M","R","$","R","BOSS","M","?","M","$","?","R","M","R","T","R","$","?","?","M","R","BOSS"],"items_purchased_type":["Relic","Relic","Relic","Card","Potion","Potion","Potion","Relic","Relic","Relic","Card","Card","Potion","Relic","Relic","Card","Card","Relic","Card","Relic","Relic","Relic","Card","Card","Potion","Potion","Relic","Relic","Relic","Card","Card","Card","Relic","Relic","Card","Relic","Card","Relic","Relic","Relic","Relic","Relic","Relic","Card","Card","Card"],"build_version":"2020-12-22","purchased_purges":8,"victory":false,"max_hp_per_floor":[72,72,72,72,72,72,72,72,72,72,72,72,72,72,72,72,72,72,72,72,82,82,82,82,82,82,82,82,82,82,82,82,82,82,82,82,97,97,97,97,97,97,97,97,97,97,111,111,111,111,111],"card_choices":[{"not_picked":["WreathOfFlame","JustLucky"],"picked":"Wireheading","floor":1.0},{"not_picked":["SpiderBud","LaLuna","NakedNest"],"picked":"Singing Bowl","floor":3.0},{"not_picked":["CrumblingArmor","CherryBlossoms"],"picked":"BodiesMountain","floor":3.0},{"not_picked":["SignatureMove","Replay:BluntJabs"],"picked":"PathToVictory","floor":3.0},{"not_picked":["PunishingBird","UniverseFragment","ShyLook"],"picked":"Singing Bowl","floor":4.0},{"not_picked":["WaveOfTheHand","CrushJoints"],"picked":"CarveReality","floor":4.0},{"not_picked":["Alriune","MHz","PunishingBird"],"picked":"Singing Bowl","floor":10.0},{"not_picked":["Scorched","UniverseFragment"],"picked":"GreedKing","floor":10.0},{"not_picked":["Prostrate","Replay:AtTheReady"],"picked":"Weave","floor":10.0},{"not_picked":["UniverseFragment","FairyFestival"],"picked":"WallGazer","floor":11.0},{"not_picked":["ThirdEye","Evaluate"],"picked":"Adaptation","floor":11.0},{"not_picked":["FieryBird","MHz","QueenOfHatred"],"picked":"Singing Bowl","floor":14.0},{"not_picked":["Vengeance","Replay:AtTheReady"],"picked":"ReachHeaven","floor":14.0},{"not_picked":["BowlingBash","Replay:AtTheReady"],"picked":"Halt","floor":15.0},{"not_picked":["QueenOfHatred","PunishingBird"],"picked":"VoidDream","floor":16.0},{"not_picked":["MasterReality","Replay:LoomingThreat"],"picked":"DevaForm","floor":16.0},{"not_picked":["BeautyBeast","FairyFestival","CherryBlossoms"],"picked":"Singing Bowl","floor":18.0},{"not_picked":["PathToVictory","Replay:AtTheReady"],"picked":"Tantrum+1","floor":18.0},{"not_picked":["UniverseFragment","GalaxyChild","DespairKnight"],"picked":"Singing Bowl","floor":19.0},{"not_picked":["Evaluate","Protect"],"picked":"JustLucky","floor":19.0},{"not_picked":["PunishingBird","Alriune","QueenBee"],"picked":"Singing Bowl","floor":22.0},{"not_picked":["Laetitia","Woodsman"],"picked":"SnowQueen","floor":22.0},{"not_picked":["Replay:DivineShield+1","FollowUp"],"picked":"PathToVictory","floor":22.0},{"not_picked":["FairyFestival","HeroicMonk"],"picked":"OSAHOGD","floor":24.0},{"not_picked":["Fasting2","Conclude"],"picked":"Scrawl","floor":24.0},{"not_picked":["Scorched","HeroicMonk","QueenBee"],"picked":"Singing Bowl","floor":27.0},{"not_picked":["FollowUp+1","DeceiveReality","CutThroughFate"],"picked":"SKIP","floor":27.0},{"not_picked":["MeatLantern","Freischutz","OldLady"],"picked":"Singing Bowl","floor":29.0},{"not_picked":["Consecrate","Replay:Cycle"],"picked":"Collect","floor":29.0},{"not_picked":["WhitesApple","Yin"],"picked":"RedShoes","floor":33.0},{"not_picked":["DeusExMachina","Brilliance"],"picked":"ConjureBlade","floor":33.0},{"not_picked":["CherryBlossoms","Scorched","QueenOfHatred"],"picked":"Singing Bowl","floor":35.0},{"not_picked":["Crescendo+1","WaveOfTheHand+1","Halt+1"],"picked":"SKIP","floor":35.0},{"not_picked":["Bloodbath","Freischutz"],"picked":"BlackArmy","floor":36.0},{"not_picked":["Freischutz","BeautyBeast"],"picked":"LongBird","floor":37},{"not_picked":["CrushJoints","Consecrate+1"],"picked":"BattleHymn","floor":37},{"not_picked":["FollowUp+1","Prostrate"],"picked":"Wish","floor":37},{"not_picked":["Halt+1","ThirdEye+1"],"picked":"JustLucky","floor":38},{"not_picked":["SashWhip","Replay:Vibes+1"],"picked":"Nirvana+1","floor":38},{"not_picked":["MHz","BeautyBeast","Yin"],"picked":"Singing Bowl","floor":41},{"not_picked":["Perseverance+1","FlyingSleeves","JustLucky+1"],"picked":"SKIP","floor":41},{"not_picked":["Evaluate","PathToVictory","Indignation+1"],"picked":"SKIP","floor":41},{"not_picked":["QueenBee","Mercenary","BlackSwan"],"picked":"Singing Bowl","floor":47},{"not_picked":["LaLuna","BeautyBeast"],"picked":"Yin","floor":47},{"not_picked":["FlyingSleeves+1","Replay:DivineShield+1"],"picked":"MasterReality","floor":47},{"not_picked":["Replay:Hum","WheelKick+1","BattleHymn+1"],"picked":"SKIP","floor":48},{"not_picked":["JustLucky+1","Halt","Sanctity+1"],"picked":"SKIP","floor":48}],"player_experience":406008,"relics_obtained":[{"floor":9.0,"key":"Pen Nib"},{"floor":24.0,"key":"Damaru"},{"floor":26.0,"key":"Replay:Bottled Snecko"},{"floor":36.0,"key":"Prayer Wheel"},{"floor":37,"key":"AtMidnight"},{"floor":43,"key":"Juzu Bracelet"},{"floor":46,"key":"Ring of Searing"},{"floor":46,"key":"Ring of Misfortune"},{"floor":47,"key":"Mango"}],"event_choices":[{"damage_healed":0.0,"max_hp_gain":0.0,"max_hp_loss":0.0,"gold_gain":0.0,"event_name":"Scrap Ooze","player_choice":"Success","floor":5.0,"gold_loss":0.0,"damage_taken":7.0,"relics_obtained":["Ginger"]},{"damage_healed":0.0,"max_hp_gain":0.0,"max_hp_loss":0.0,"gold_gain":0.0,"event_name":"Match and Keep!","player_choice":"1 cards matched","floor":7.0,"gold_loss":0.0,"damage_taken":0.0,"cards_obtained":["ReachHeaven"]},{"cards_removed":["Violence"],"damage_healed":16.0,"max_hp_gain":10.0,"max_hp_loss":0.0,"gold_gain":0.0,"event_name":"Bonfire Elementals","player_choice":"Offered Rare","floor":21.0,"gold_loss":0.0,"damage_taken":0.0},{"damage_healed":0.0,"max_hp_gain":0.0,"max_hp_loss":0.0,"gold_gain":0.0,"event_name":"Mysterious Sphere","player_choice":"Fight","floor":36.0,"gold_loss":0.0,"damage_taken":0.0},{"cards_removed":["Defend_P"],"damage_healed":0,"gold_gain":0,"player_choice":"Upgrade and Remove","damage_taken":0,"max_hp_gain":0,"max_hp_loss":0,"event_name":"Designer","floor":39,"gold_loss":90,"cards_upgraded":["Omniscience"]},{"damage_healed":0,"gold_gain":0,"player_choice":"Fight","damage_taken":0,"max_hp_gain":0,"max_hp_loss":0,"event_name":"MindBloom","floor":47,"gold_loss":0}],"is_beta":false,"boss_relics":[{"not_picked":["Busted Crown","Painkiller Herb"],"picked":"Ectoplasm"},{"not_picked":["Replay:Drink Me","expansioncontent:StudyCardRelic"],"picked":"ReplayTheSpireMod:DimensionalGlitch"}],"items_purged_floors":[2,12,13,20,25,31,38,45],"is_endless":false,"potions_floor_spawned":[3,11,16,19,27,33,36,41],"killed_by":"Time Eater","ascension_level":0}}