{"host":"n3vqtvx9hbigdfc4","time":1608683654,"event":{"mods":["AchievementEnabler","BaseMod","Better Third Choice","Block Reminder","Colored Map","Colored Powertips","Downfall","Minty Spire (QoL Compilation)","Permanent Neow","Rare Cards Sparkle","Relic Stats","Replay The Spire","Shop Mod","StSLib"],"gold_per_floor":[99,99,99,111,126,146,156,182,208,271,291,306,336,366,303,325,347,455,467,404,429,441,473,585,617,629,666,692,24,34,34,34,34,52,153,253,178,196,216,217,217,217,217,267,267,267,301,320,330,346,365,365],"floor_reached":53,"playtime":5163,"items_purged":["Guardian:Defend_Guardian","Normality"],"score":827,"play_id":"75e14ff6-980d-4708-bda7-ac9d1e31c543","local_time":"20201222183414","is_ascension_mode":false,"campfire_choices":[{"data":"Guardian:TwinSlam","floor":3,"key":"SMITH"},{"floor":15,"key":"RECALL"},{"data":"Guardian:Reroute","floor":20,"key":"SMITH"},{"floor":32,"key":"REST"},{"data":"Guardian:BronzeOrb","floor":37,"key":"SMITH"},{"floor":46,"key":"REST"}],"circlet_count":0,"master_deck":["Guardian:Strike_Guardian+1","Guardian:Strike_Guardian+1","Guardian:Strike_Guardian+1","Guardian:Defend_Guardian+1","Guardian:Defend_Guardian+1","Guardian:CurlUp+1","Guardian:TwinSlam+1","Guardian:BronzeArmor+1","Guardian:SpikerProtocol+1","Guardian:ChargeCore+1","Guardian:ShieldSpikes+1","Guardian:ShieldCharger+1","Guardian:Recover+1","Guardian:ChargeUp+1","Guardian:Suspension+1","Guardian:Reroute+1","Guardian:BaubleBeam+1","Guardian:SphericShield+1","Guardian:Reroute+1","Guardian:DecasProtection+1","Guardian:SpikerProtocol+1","Guardian:Planning+1","Guardian:TemporalStrike+1","Guardian:WalkerClaw+1","Guardian:BronzeOrb+1","Guardian:Preprogram+1","Guardian:EvasiveProtocol+1","Guardian:Incinerate+1","Guardian:AncientConstruct+1","Guardian:TimeBomb+1","Guardian:FloatingOrbs+1","Guardian:CrystalBeam+1","Guardian:Aged","Guardian:RevengeProtocol+1","Guardian:Gem_Fragmented","Guardian:PiercingHide+1","Guardian:Gem_White","Guardian:PolyBeam+1"],"relics":["Guardian:ModeShifterPlus","Anchor","Replay:Mystery Machine","MawBank","MutagenicStrength","FossilizedHelix","Mango","Golden Egg","Calipers","Gremlin Food","Replay:Wanted Poster","ReplayTheSpireMod:CursedCoin","Guardian:StasisEgg","Gremlin Horn","Mercury Hourglass","Omamori"],"acts_visited":["Exordium","TheCity","TheBeyond"],"potions_floor_usage":[8,10,17,18,23,27,35,52,52,52],"damage_taken":[{"damage":0,"enemies":"Cultist","floor":4,"turns":3},{"damage":1,"enemies":"Jaw Worm","floor":5,"turns":5},{"damage":0,"enemies":"2 Louse","floor":6,"turns":3},{"damage":3,"enemies":"3 Louse","floor":7,"turns":2},{"damage":10,"enemies":"Lagavulin","floor":8,"turns":9},{"damage":1,"enemies":"Gremlin Nob","floor":10,"turns":4},{"damage":0,"enemies":"Large Slime","floor":11,"turns":6},{"damage":0,"enemies":"Gremlin Gang","floor":12,"turns":5},{"damage":7,"enemies":"Replay:BlueRogue","floor":13,"turns":6},{"damage":0,"enemies":"Large Slime","floor":14,"turns":7},{"damage":1,"enemies":"Exordium Wildlife","floor":16,"turns":5},{"damage":0,"enemies":"Gremlin Gang","floor":17,"turns":4},{"damage":35,"enemies":"downfall:Silent","floor":18,"turns":8},{"damage":6,"enemies":"Spheric Guardian","floor":21,"turns":4},{"damage":0,"enemies":"3 Byrds","floor":23,"turns":2},{"damage":9,"enemies":"downfall:Augmenter","floor":24,"turns":6},{"damage":0,"enemies":"3 Cultists","floor":25,"turns":6},{"damage":55,"enemies":"Gremlin Leader","floor":27,"turns":7},{"damage":24,"enemies":"Cultist and Chosen","floor":28,"turns":9},{"damage":0,"enemies":"downfall:FleeingMerchant","floor":29,"turns":4},{"damage":0,"enemies":"Snake Plant","floor":30,"turns":3},{"damage":0,"enemies":"Chosen and Byrds","floor":34,"turns":3},{"damage":4,"enemies":"downfall:Ironclad","floor":35,"turns":8},{"damage":0,"enemies":"Orb Walker","floor":38,"turns":3},{"damage":9,"enemies":"3 Darklings","floor":39,"turns":8},{"damage":0,"enemies":"downfall:FleeingMerchant","floor":40,"turns":4},{"damage":0,"enemies":"Giant Head","floor":47,"turns":8},{"damage":0,"enemies":"Sphere and 2 Shapes","floor":48,"turns":3},{"damage":0,"enemies":"Maw","floor":49,"turns":7},{"damage":0,"enemies":"3 Darklings","floor":50,"turns":5},{"damage":0,"enemies":"Jaw Worm Horde","floor":51,"turns":2},{"damage":0,"enemies":"downfall:Watcher","floor":52,"turns":7}],"seed_played":"8462020038156878102","potions_obtained":[{"floor":6,"key":"Elixir"},{"floor":7,"key":"DistilledChaos"},{"floor":8,"key":"Energy Potion"},{"floor":11,"key":"DuplicationPotion"},{"floor":16,"key":"SpeedPotion"},{"floor":17,"key":"AttackPotion"},{"floor":18,"key":"LiquidBronze"},{"floor":27,"key":"Energy Potion"},{"floor":30,"key":"Dexterity Potion"},{"floor":34,"key":"Milkshake"},{"floor":35,"key":"champ:CounterPotion"},{"floor":45,"key":"downfall:CursedFountainPotion"}],"is_trial":false,"path_per_floor":["R_BF","PTL","R","M","M","M","M","E","T","?","M","M","E","M","R","M","M","B",null,"R","M","?","M","?","M","T","E","M","$","M","T","R","?","M","B",null,"R","M","M","$","?","?","T","?","?","R","E","M","M","M","M","B",null],"character_chosen":"GUARDIAN","items_purchased":["Golden Egg","Guardian:EvasiveProtocol+1","Calipers","ReplayTheSpireMod:CursedCoin","Guardian:CrystalBeam+1"],"campfire_rested":2,"item_purchase_floors":[29,29,29,40,40],"current_hp_per_floor":[80,80,80,80,79,79,76,66,66,65,65,65,58,58,68,67,67,32,90,90,84,84,84,75,75,75,34,10,10,10,10,41,20,20,16,109,109,109,100,100,100,100,100,73,73,105,105,105,105,105,105,105],"gold":365,"neow_bonus":"ONE_RANDOM_RARE_CARD","is_daily":false,"chose_seed":false,"campfire_upgraded":3,"win_rate":0.0,"timestamp":1608683654,"path_taken":["R_BF","PTL","R","M","M","M","M","E","T","?","M","M","E","M","R","M","M","BOSS","R","M","?","?","?","M","T","E","M","$","M","?","R","?","M","BOSS","R","M","M","$","?","?","T","?","?","R","E","M","?","M","M","BOSS"],"items_purchased_type":["Relic","Card","Relic","Relic","Card"],"build_version":"2020-12-13","purchased_purges":2,"victory":true,"max_hp_per_floor":[80,80,80,80,80,80,80,80,80,80,80,80,80,80,90,90,90,90,90,90,90,90,90,90,90,90,104,104,104,104,104,104,109,109,109,109,109,109,109,109,109,109,109,109,109,109,109,109,109,109,109,109],"relic_stats":{"Gremlin Horn":[5,6],"counters":[32,166],"MawBank":192,"obtain_stats":[{"Gremlin Food":31,"Golden Egg":29,"Calipers":29,"Guardian:ModeShifterPlus":19,"downfall:HeartBlessingRed":20,"Gremlin Horn":43,"ReplayTheSpireMod:CursedCoin":40,"Guardian:StasisEgg":41,"Guardian:ModeShifter":0,"Mango":27,"downfall:HeartBlessingGreen":37,"Omamori":47,"Replay:Mystery Machine":10,"MawBank":13,"Mercury Hourglass":44,"Replay:Wanted Poster":36,"Anchor":8,"downfall:HeartBlessingBlue":15,"MutagenicStrength":24,"FossilizedHelix":26},{"Gremlin Food":21,"Golden Egg":20,"Calipers":20,"Guardian:ModeShifterPlus":13,"downfall:HeartBlessingRed":13,"Gremlin Horn":26,"ReplayTheSpireMod:CursedCoin":26,"Guardian:StasisEgg":26,"Guardian:ModeShifter":0,"Mango":18,"downfall:HeartBlessingGreen":23,"Omamori":27,"Replay:Mystery Machine":6,"MawBank":9,"Mercury Hourglass":26,"Replay:Wanted Poster":23,"Anchor":5,"downfall:HeartBlessingBlue":10,"MutagenicStrength":16,"FossilizedHelix":17},{"Gremlin Food":108,"Golden Egg":105,"Calipers":105,"Guardian:ModeShifterPlus":67,"downfall:HeartBlessingRed":67,"Gremlin Horn":134,"ReplayTheSpireMod:CursedCoin":134,"Guardian:StasisEgg":134,"Guardian:ModeShifter":0,"Mango":92,"downfall:HeartBlessingGreen":119,"Omamori":142,"Replay:Mystery Machine":26,"MawBank":43,"Mercury Hourglass":134,"Replay:Wanted Poster":119,"Anchor":22,"downfall:HeartBlessingBlue":50,"MutagenicStrength":79,"FossilizedHelix":85}],"Mercury Hourglass":[94]},"card_choices":[{"not_picked":["Guardian:RollAttack","Guardian:Incinerate"],"picked":"Guardian:BronzeArmor","floor":4},{"not_picked":["Guardian:Clone","Guardian:Harden"],"picked":"Guardian:SpikerProtocol","floor":5},{"not_picked":["Guardian:EvasiveProtocol","Guardian:ArmoredProtocol"],"picked":"Guardian:ChargeCore","floor":6},{"not_picked":["Guardian:GuardianWhirl","Guardian:PiercingHide"],"picked":"Guardian:ShieldSpikes","floor":7},{"not_picked":["Guardian:AncientConstruct","Guardian:ExploitGems"],"picked":"Guardian:ShieldCharger","floor":8},{"not_picked":["Guardian:TemporalStrike","Guardian:TemporalShield"],"picked":"Guardian:Recover","floor":10},{"not_picked":["Guardian:PrismaticBeam","Guardian:Recover"],"picked":"Guardian:Gem_Lightblue","floor":11},{"not_picked":["Guardian:RollAttack","Guardian:Repulse"],"picked":"Guardian:ChargeUp","floor":12},{"not_picked":["Guardian:ChargeUp","Guardian:StasisField"],"picked":"Guardian:Gem_Red","floor":13},{"not_picked":["Guardian:PiercingHide","Guardian:Incinerate"],"picked":"Guardian:Suspension","floor":14},{"not_picked":["Guardian:RollAttack","Guardian:ChargeCore"],"picked":"Guardian:Reroute","floor":16},{"not_picked":["Guardian:PiercingHide","Guardian:Clone"],"picked":"Guardian:BaubleBeam","floor":17},{"not_picked":["Guardian:StasisField","Guardian:ExploitGems"],"picked":"Guardian:SphericShield","floor":18},{"not_picked":["Guardian:Gem_Lightblue","Guardian:TimeBomb"],"picked":"Guardian:Gem_Red","floor":21},{"not_picked":["Guardian:ShieldCharger+1","Guardian:TimeBomb+1"],"picked":"Guardian:Reroute","floor":23},{"not_picked":["Guardian:PrismaticBarrier","Guardian:Suspension"],"picked":"Guardian:Planning+1","floor":24},{"not_picked":["Guardian:Harden+1","Guardian:PrimingBeam"],"picked":"Guardian:TemporalStrike+1","floor":25},{"not_picked":["Guardian:Reroute","Guardian:ChargeCore"],"picked":"Guardian:WalkerClaw","floor":27},{"not_picked":["Guardian:Gem_Purple","Guardian:RollAttack"],"picked":"Guardian:BronzeOrb","floor":28},{"not_picked":["Guardian:BronzeArmor","Guardian:TimeCapacitor+1"],"picked":"Guardian:Preprogram","floor":29},{"not_picked":["Guardian:Suspension","Guardian:SphericShield"],"picked":"Guardian:Incinerate","floor":30},{"not_picked":["Guardian:VentSteam","Guardian:DonusPower+1"],"picked":"Guardian:Gem_Purple","floor":34},{"not_picked":["Guardian:SphericShield","Guardian:BaubleBeam"],"picked":"Guardian:AncientConstruct","floor":35},{"not_picked":["Guardian:VentSteam+1","Guardian:SpikerProtocol+1"],"picked":"Guardian:Gem_Red","floor":38},{"not_picked":["Guardian:WalkerClaw","Guardian:PrimingBeam+1"],"picked":"Guardian:TimeBomb+1","floor":39},{"not_picked":["Guardian:PrimingBeam+1","Guardian:ChargeCore+1"],"picked":"Guardian:FloatingOrbs+1","floor":40},{"not_picked":["Guardian:PiercingHide","Guardian:ChargeCore"],"picked":"Guardian:Gem_Purple","floor":44},{"not_picked":["Guardian:SpikerProtocol","Guardian:Planning+1"],"picked":"Guardian:RevengeProtocol","floor":47},{"not_picked":["Guardian:WalkerClaw","Guardian:Harden"],"picked":"Guardian:Gem_Fragmented","floor":48},{"not_picked":["Guardian:TemporalStrike+1","Guardian:VentSteam"],"picked":"Guardian:PiercingHide+1","floor":49},{"not_picked":["Guardian:Gem_Green","Guardian:Emergency+1"],"picked":"Guardian:Gem_White","floor":50},{"not_picked":["Guardian:Gem_Red","Guardian:Planning+1"],"picked":"Guardian:PolyBeam+1","floor":51}],"player_experience":455236,"relics_obtained":[{"floor":8,"key":"Anchor"},{"floor":10,"key":"Replay:Mystery Machine"},{"floor":13,"key":"MawBank"},{"floor":24,"key":"MutagenicStrength"},{"floor":26,"key":"FossilizedHelix"},{"floor":27,"key":"Mango"},{"floor":31,"key":"Gremlin Food"},{"floor":43,"key":"Gremlin Horn"},{"floor":44,"key":"Mercury Hourglass"},{"floor":47,"key":"Omamori"}],"event_choices":[],"is_beta":false,"boss_relics":[{"not_picked":["Pandora\u0027s Box","ReplayTheSpireMod:DimensionalGlitch"],"picked":"Guardian:ModeShifterPlus"},{"not_picked":["Runic Pyramid","Empty Cage"],"picked":"Replay:Wanted Poster"}],"items_purged_floors":[29,40],"is_endless":false,"potions_floor_spawned":[6,7,8,11,16,17,18,27,30,34,35,39,49,51],"ascension_level":0}}