{"host":"nox","time":1608689061,"event":{"mods":["Aspiration","BaseMod","Better Third Choice","Colored Powertips","Conspire","Hubris","Infinite Spire","Minty Spire (QoL Compilation)","Quick Restart","Rare Cards Sparkle","Replay The Spire","Shop Mod","Spikes Relics","StSLib","SuperFastMode","The Alterego","vexMod"],"gold_per_floor":[116,79,91,110,110,137,137,137,137,156,170,23,41,75,75,174,174,189,189,33,33,51,77,92,92,92],"floor_reached":25,"playtime":3013,"items_purged":[],"score":360,"play_id":"e2ce9677-32ff-4b4b-887d-31a9970a4ce4","local_time":"20201223090421","is_ascension_mode":true,"campfire_choices":[{"floor":8.0,"key":"REST"},{"floor":15.0,"key":"REST"}],"circlet_count":0,"master_deck":["Strike_G","Strike_G","Strike_G","Strike_G","Strike_G","Survivor","Neutralize","Overencumbered","Underhanded Strike","conspire:DoublingDagger","Terror","Rampage","hubris:Sniper","Accuracy","Cloak And Dagger","Cloak And Dagger","Storm of Steel","Footwork","Strike_G","Strike_G","Strike_G","Strike_G","Strike_G","Survivor","Neutralize","Overencumbered","Underhanded Strike","conspire:DoublingDagger","Terror","Rampage","hubris:Sniper","Accuracy","Cloak And Dagger","Cloak And Dagger","Storm of Steel","Footwork","hubris:Sniper","Cloak And Dagger","Blade Dance+1"],"relics":["Kintsugi","Nunchaku","vexMod:MemoryStick","Blue Candle","Orrery","Torii","WristBlade","Oddly Smooth Stone","CherryCoatedStake"],"acts_visited":["Exordium","TheCity"],"potions_floor_usage":[22,22,23,24],"damage_taken":[{"damage":0.0,"enemies":"2 Louse","floor":1.0,"turns":2.0},{"damage":0.0,"enemies":"Small Slimes","floor":3.0,"turns":2.0},{"damage":9.0,"enemies":"Jaw Worm","floor":4.0,"turns":3.0},{"damage":40.0,"enemies":"3 Sentries","floor":6.0,"turns":6.0},{"damage":3.0,"enemies":"Looter","floor":10.0,"turns":2.0},{"damage":5.0,"enemies":"Gremlin Gang","floor":11.0,"turns":3.0},{"damage":9.0,"enemies":"3 Louse","floor":13.0,"turns":3.0},{"damage":0.0,"enemies":"Gremlin Nob","floor":14.0,"turns":1.0},{"damage":23.0,"enemies":"The Guardian","floor":16.0,"turns":10.0},{"damage":13.0,"enemies":"Chosen","floor":18.0,"turns":3.0},{"damage":11,"enemies":"2 Thieves","floor":22,"turns":4},{"damage":22,"enemies":"Gremlin Leader","floor":23,"turns":5},{"damage":33,"enemies":"Cultist and Chosen","floor":24,"turns":6},{"damage":7,"enemies":"Shelled Parasite and Fungi","floor":25,"turns":1}],"seed_played":"6963279171693581110","potions_obtained":[{"floor":3.0,"key":"Explosive Potion"},{"floor":6.0,"key":"Dexterity Potion"},{"floor":10.0,"key":"Fire Potion"},{"floor":13.0,"key":"AttackPotion"},{"floor":14.0,"key":"SteroidPotion"},{"floor":16.0,"key":"EssenceOfSteel"},{"floor":18.0,"key":"Regen Potion"},{"floor":23,"key":"Strength Potion"}],"is_trial":false,"path_per_floor":["M","$","M","M","?","E","?","R","T","M","M","$","M","E","R","B",null,"M","?","$","?","M","E","M","M"],"character_chosen":"THE_SILENT","items_purchased":["conspire:DoublingDagger","Orrery","Oddly Smooth Stone"],"campfire_rested":2,"item_purchase_floors":[2,12,20],"current_hp_per_floor":[70,70,70,61,49,9,9,30,30,27,22,22,13,13,34,11,70,57,57,57,57,58,36,6,0,0],"gold":92,"neow_bonus":"BOSS_RELIC","is_daily":false,"chose_seed":false,"campfire_upgraded":0,"win_rate":0.0,"timestamp":1608689061,"path_taken":["M","$","M","M","?","E","?","R","T","M","M","$","M","E","R","BOSS","M","?","$","?","M","E","M","M"],"items_purchased_type":["Card","Relic","Relic"],"build_version":"2020-11-17","purchased_purges":0,"victory":false,"max_hp_per_floor":[70,70,70,70,70,70,70,70,70,70,70,70,70,70,70,70,70,70,70,70,70,70,70,70,70,70],"card_choices":[{"not_picked":["Acrobatics","Backflip"],"picked":"Underhanded Strike","floor":1.0},{"not_picked":["Noxious Fumes","Flying Knee"],"picked":"Terror","floor":3.0},{"not_picked":["Dodge and Roll","Calculated Gamble","Catalyst"],"picked":"SKIP","floor":4.0},{"not_picked":["Hidden Blade","hubris:SlightOfHand","Outmaneuver"],"picked":"SKIP","floor":6.0},{"not_picked":["Dodge and Roll","ReplayTheSpireMod:Speed Training","Deadly Poison"],"picked":"SKIP","floor":10.0},{"not_picked":["Tactician","Unload","hubris:Counter"],"picked":"SKIP","floor":11.0},{"not_picked":["Underhanded Strike","Distraction"],"picked":"hubris:Sniper","floor":12.0},{"not_picked":["Cloak And Dagger","Prepared"],"picked":"Accuracy","floor":12.0},{"not_picked":["Quick Slash","Leg Sweep"],"picked":"Cloak And Dagger","floor":12.0},{"not_picked":["Dagger Spray","Flying Knee"],"picked":"Cloak And Dagger","floor":13.0},{"not_picked":["Riddle With Holes","Poisoned Stab","infinitespire:Neurotoxin"],"picked":"SKIP","floor":14.0},{"not_picked":["Malaise","Glass Knife"],"picked":"Storm of Steel","floor":16.0},{"not_picked":["Caltrops","Deflect+1"],"picked":"Footwork","floor":18.0},{"not_picked":["PiercingWail","Flying Knee+1"],"picked":"hubris:Sniper","floor":22},{"not_picked":["Outmaneuver","Leg Sweep"],"picked":"Cloak And Dagger","floor":23},{"not_picked":["Skewer","Catalyst"],"picked":"Blade Dance+1","floor":24}],"player_experience":227145,"relics_obtained":[{"floor":6.0,"key":"vexMod:MemoryStick"},{"floor":9.0,"key":"Blue Candle"},{"floor":14.0,"key":"Torii"},{"floor":23,"key":"CherryCoatedStake"}],"event_choices":[{"damage_healed":0.0,"max_hp_gain":0.0,"max_hp_loss":0.0,"gold_gain":0.0,"event_name":"Ghosts","player_choice":"Ignored","floor":19.0,"gold_loss":0.0,"damage_taken":0.0}],"is_beta":true,"boss_relics":[{"not_picked":["Ring of Chaos","Astrolabe"],"picked":"WristBlade"}],"items_purged_floors":[],"is_endless":false,"potions_floor_spawned":[3,6,10,13,14,16,18,23],"killed_by":"Shelled Parasite and Fungi","ascension_level":4}}