{"host":"uflv0e3ja7hvnij7","time":1608758794,"event":{"mods":["BaseMod","Conspire","Downfall","Hubris","Minty Spire (QoL Compilation)","Replay The Spire","Shop Mod","StSLib"],"gold_per_floor":[113,113,127,143,143,93,93,121,121,69,69,69,69,81,81,181,181,199,297,219,233,249,249,279,279,303,227,227,227,241,253,253,253,253],"floor_reached":33,"playtime":1703,"items_purged":[],"score":302,"play_id":"aabc9a10-127b-41e9-a44a-0a659415bab1","local_time":"20201223162634","is_ascension_mode":true,"campfire_choices":[],"circlet_count":0,"master_deck":["Strike_R","Strike_R","Defend_R","Defend_R","Defend_R","Defend_R","Bash","Combust","Cleave","Warcry","Clothesline","Shrug It Off+1","Hemokinesis","Reaper","Body Slam","Intimidate","Headbutt","Fiend Fire","Infernal Blade","Reaper"],"relics":["Burning Blood","Chameleon Ring","Replay:Rubber Ducky","Coffee Dripper","Blue Candle","Oddly Smooth Stone","hubris:PeanutButter"],"acts_visited":["Exordium","TheCity"],"potions_floor_usage":[8,8,16,16,21,21,24,24,24,24,24,24,30,30,31,33,33,33],"damage_taken":[{"damage":9,"enemies":"Small Slimes","floor":1,"turns":4},{"damage":4,"enemies":"2 Louse","floor":3,"turns":2},{"damage":6,"enemies":"conspire:RoseBush","floor":4,"turns":3},{"damage":15,"enemies":"Gremlin Nob","floor":8,"turns":4},{"damage":1,"enemies":"3 Louse","floor":14,"turns":2},{"damage":16,"enemies":"Slime Boss","floor":16,"turns":6},{"damage":44,"enemies":"3 Byrds","floor":18,"turns":5},{"damage":9,"enemies":"Chosen","floor":21,"turns":5},{"damage":24,"enemies":"conspire:HollyBat","floor":22,"turns":8},{"damage":22,"enemies":"Replay:Snechameleon","floor":24,"turns":8},{"damage":0,"enemies":"Snake Plant","floor":30,"turns":2},{"damage":2,"enemies":"Snecko","floor":31,"turns":5},{"damage":59,"enemies":"hubris:MusketHawk","floor":33,"turns":6}],"seed_played":"-5955959706085505460","potions_obtained":[{"floor":3,"key":"DuplicationPotion"},{"floor":4,"key":"SpeedPotion"},{"floor":8,"key":"PowerPotion"},{"floor":13,"key":"Milkshake"},{"floor":13,"key":"DuplicationPotion"},{"floor":22,"key":"conspire:TimeTravelPotion"},{"floor":23,"key":"EntropicBrew"},{"floor":23,"key":"GamblersBrew"},{"floor":24,"key":"champ:CounterPotion"},{"floor":25,"key":"EssenceOfSteel"},{"floor":25,"key":"Dexterity Potion"},{"floor":30,"key":"SteroidPotion"},{"floor":32,"key":"Elixir"},{"floor":32,"key":"FearPotion"}],"is_trial":false,"path_per_floor":["M","?","M","M","$","?","?","E","T","$","?","$","R","M","R","B",null,"M","?","$","M","M","R","E","R","T","$","?","T","M","M","R","B"],"character_chosen":"IRONCLAD","items_purchased":["Shrug It Off","Regen Potion","Reaper"],"campfire_rested":0,"item_purchase_floors":[10,20,27],"current_hp_per_floor":[77,82,84,84,84,84,84,75,75,75,75,75,75,80,80,70,85,49,15,15,38,26,26,19,19,19,19,19,19,29,48,48,0,0],"gold":253,"neow_bonus":"TRANSFORM_CARD","is_daily":false,"chose_seed":false,"campfire_upgraded":0,"win_rate":0.0,"timestamp":1608758794,"path_taken":["M","?","M","M","$","?","?","E","T","$","?","$","R","M","R","BOSS","M","?","$","M","M","R","E","R","T","$","?","?","M","M","R","BOSS"],"items_purchased_type":["Card","Potion","Card"],"build_version":"2020-12-22","purchased_purges":0,"victory":false,"max_hp_per_floor":[80,85,85,85,85,85,85,85,85,85,85,85,85,85,85,85,85,85,85,85,85,85,85,85,85,85,85,85,85,85,85,85,85,85],"card_choices":[{"not_picked":["ReplayTheSpireMod:Strike From Hell","Feel No Pain"],"picked":"Cleave","floor":1},{"not_picked":["Run Through","Heavy Blade"],"picked":"Warcry","floor":3},{"not_picked":["Flex","Reckless Charge","hubris:CleavingFinish"],"picked":"SKIP","floor":4},{"not_picked":["Pummel","Impervious"],"picked":"Clothesline","floor":8},{"not_picked":["Twin Strike","Abandon","Thunderclap"],"picked":"SKIP","floor":14},{"not_picked":["Demon Form","Barricade"],"picked":"Reaper","floor":16},{"not_picked":["Power Through","Run Through+1"],"picked":"Body Slam","floor":18},{"not_picked":["Thunderclap","True Grit"],"picked":"Intimidate","floor":19},{"not_picked":["Havoc","Replay:Undeath\u0027s Touch"],"picked":"Headbutt","floor":19},{"not_picked":["Perfected Strike","ReplayTheSpireMod:Strike From Hell"],"picked":"Fiend Fire","floor":21},{"not_picked":["Rage","Heavy Blade"],"picked":"Infernal Blade","floor":22},{"not_picked":["Anger","Reckless Charge","Clash"],"picked":"SKIP","floor":24},{"not_picked":["Havoc","Seeing Red","ReplayReversal"],"picked":"SKIP","floor":30},{"not_picked":["Clash+1","Perfected Strike","Intimidate"],"picked":"SKIP","floor":31}],"player_experience":297086,"relics_obtained":[{"floor":8,"key":"Chameleon Ring"},{"floor":9,"key":"Replay:Rubber Ducky"},{"floor":24,"key":"Blue Candle"},{"floor":26,"key":"Oddly Smooth Stone"},{"floor":29,"key":"hubris:PeanutButter"}],"event_choices":[{"damage_healed":0,"gold_gain":0,"player_choice":"Donut","damage_taken":0,"max_hp_gain":5,"max_hp_loss":0,"event_name":"Big Fish","floor":2,"gold_loss":0},{"cards_removed":["Strike_R"],"damage_healed":0,"gold_gain":0,"player_choice":"Card Removal","damage_taken":0,"max_hp_gain":0,"max_hp_loss":0,"event_name":"The Cleric","floor":6,"gold_loss":50},{"damage_healed":0,"gold_gain":0,"player_choice":"Leave","damage_taken":0,"max_hp_gain":0,"max_hp_loss":0,"event_name":"conspire:Investor","floor":28,"gold_loss":0}],"is_beta":false,"boss_relics":[{"not_picked":["conspire:SpecialSausage","Sozu"],"picked":"Coffee Dripper"}],"items_purged_floors":[],"is_endless":false,"potions_floor_spawned":[3,4,8,22,24,30],"killed_by":"hubris:MusketHawk","ascension_level":3}}