{"host":"1qxljlv0g0hslid3","time":1608682863,"event":{"mods":["2.2 Compatiblity","AchievementEnabler","Act Like it!","Astrologer","BaseMod","Beaked The Cultist","BetterRewards","Clawfect","Conspire","Custom Start","Dio Mod","Elementarium","Energized Spire","Googly Eyes","GungeonMod","Hallownest","Hermit","Hero for Fun","Highlight Path","HololiveMod","Hubris","Infinite Spire","Jorbs\u0027s Wanderer Trilogy","Magitek Elite","Marisa????????","Minty Spire (QoL Compilation)","Prisma Mod","Remilia??????","Replay The Spire","Shop Mod","StSLib","The Administrix","The Animator","The Bug Knight","The Cursed","The Death Knight","The Elementalist","The Hierophant","The Jungle","The Necromancer","The Runesmith","The Senshi","The Servant 0.9.4","Wandering Minibosses","everything is the same but u backflip on backflip","slay the spire mod where everything is the same but ironclad has a cowboy hat"],"gold_per_floor":[81,92,107,107,123,142,176,190,190,204,204,63,102,72,72,169,169,185,185,202,202,202,202,50,50,50,94,94,113,113,113,113,211,211,222,242,211,266,266,301,301,227,227,155,169,197,214,233,233,233],"floor_reached":51,"playtime":2459,"items_purged":[],"score":1114,"play_id":"65949a0e-2b02-460b-89e2-ad32d79cd375","local_time":"20201222182103","is_ascension_mode":false,"campfire_choices":[{"data":"Hololive_CallHoshimachiSuisei","floor":15,"key":"SMITH"},{"data":"hubris:InfiniteBlow+15","floor":23,"key":"SMITH"},{"data":"hubris:InfiniteBlow+16","floor":28,"key":"SMITH"},{"data":"hubris:InfiniteBlow+17","floor":30,"key":"SMITH"},{"data":"hubris:InfiniteBlow+18","floor":32,"key":"SMITH"},{"data":"hubris:InfiniteBlow+19","floor":41,"key":"SMITH"},{"data":"hubris:InfiniteBlow+20","floor":49,"key":"SMITH"}],"circlet_count":0,"master_deck":["beaked:HeadsImpatience+1","Hololive_CallHoushouMarine","Hololive_CallShiroganeNoel","Hololive_CallUruhaRushia","Hololive_CallShiranuiFlare","Hololive_CallUsadaPekora","Hololive_StrengthChampion","Hololive_Strike","Hololive_Strike","Hololive_Defend","Hololive_Defend","Hololive_CallYuzukiChoco","Hololive_CallNakiriAyame","Hololive_Breathe","Hololive_Spy","Hololive_RevenueBasedLive","Hololive_CallMinatoAqua","Hololive_DurableLive","Hololive_CocoNews","Hololive_DiamondStrike","Hololive_Rebirth","Hololive_SummonFox","Hololive_CallHoshimachiSuisei+1","Hololive_Nanodesu","Hololive_CallAkaiHaato","Hololive_HuntDinosaur","hubris:InfiniteBlow+21","hubris:InfiniteBlow+16","hubris:Sloth","Hololive_Trident","Hololive_StrengthChampion","Hololive_DurableLive","Hololive_Trident","Hololive_CallAyundaRisu+1","infinitespire:DeathsTouch","Hololive_CallFriendA","Hololive_CallHimemoriLuna","Hololive_CallNekomataOkayu+1","Hololive_CallAiraniIofifteen"],"relics":["Hololive_TheStar","DemoMod:GlassGuonStoneRelic","hubris:DeckOfHolding","Bottled Tornado","hubris:Icosahedron","Ornamental Fan","Velvet Choker","ReplayTheSpireMod:Lightbulb","Darkstone Periapt","DollysMirror","Hololive_FriedShrimpLion","Busted Crown","infinitespire:Satchel","Bag of Marbles","Replay:Multitool","Snack Pack"],"acts_visited":["Exordium","TheCity","TheBeyond"],"potions_floor_usage":[7],"damage_taken":[{"damage":0,"enemies":"2_ Uuma","floor":1,"turns":2},{"damage":0,"enemies":"Hallownest:monsterHuskWarrior","floor":2,"turns":3},{"damage":0,"enemies":"Hallownest:2_Tiktiks_and_1_Crawlid","floor":3,"turns":2},{"damage":0,"enemies":"Hallownest:Guard_and_Warrior","floor":5,"turns":3},{"damage":0,"enemies":"Hallownest:MossCreep_and_Mosskin","floor":6,"turns":4},{"damage":0,"enemies":"Hallownest:eliteMossKnight","floor":7,"turns":2},{"damage":0,"enemies":"Hallownest:monsterAspidMother","floor":8,"turns":2},{"damage":0,"enemies":"Hallownest:Guard_and_Warrior","floor":10,"turns":3},{"damage":0,"enemies":"Hallownest:eliteCrystalGuardian","floor":13,"turns":3},{"damage":0,"enemies":"Hallownest:1_Ooma_and_2_Uuma","floor":14,"turns":3},{"damage":0,"enemies":"Hallownest:BossHornet","floor":16,"turns":3},{"damage":0,"enemies":"Chosen","floor":18,"turns":2},{"damage":0,"enemies":"Centurion and Healer","floor":20,"turns":4},{"damage":0,"enemies":"Gremlin Leader","floor":27,"turns":3},{"damage":0,"enemies":"Snake Plant","floor":29,"turns":1},{"damage":0,"enemies":"Automaton","floor":33,"turns":1},{"damage":0,"enemies":"Orb Walker","floor":35,"turns":1},{"damage":0,"enemies":"3 Darklings","floor":36,"turns":4},{"damage":0,"enemies":"4 Shapes","floor":37,"turns":2},{"damage":0,"enemies":"Giant Head","floor":40,"turns":5},{"damage":0,"enemies":"Maw","floor":45,"turns":3},{"damage":0,"enemies":"Nightmare","floor":46,"turns":2},{"damage":0,"enemies":"Sphere and 2 Shapes","floor":47,"turns":2},{"damage":16,"enemies":"4 Shapes","floor":48,"turns":3},{"damage":0,"enemies":"conspire:OrnateMirror","floor":50,"turns":1}],"seed_played":"-6662650591660328374","potions_obtained":[{"floor":1,"key":"Strength Potion"},{"floor":5,"key":"PowerPotion"},{"floor":8,"key":"EssenceOfSteel"},{"floor":13,"key":"EssenceOfSteel"},{"floor":20,"key":"AttackPotion"}],"is_trial":false,"path_per_floor":["M","M","M","?","M","M","E","M","T","M","?","$","E","M","R","B",null,"M","?","M","AVR","?","R","$","?","T","E","R","M","R","$","R","B",null,"M","M","M","T","?","E","R","$","T","$","M","NM","M","M","R","B",null],"character_chosen":"Hololive_HololiveCharacter","items_purchased":["Hololive_Rebirth","DollysMirror","Hololive_CallFriendA","Hololive_CallHimemoriLuna"],"campfire_rested":0,"item_purchase_floors":[12,24,42,44],"current_hp_per_floor":[35,35,35,26,26,26,26,26,26,26,26,26,26,26,26,26,35,35,35,35,35,35,35,35,41,41,41,41,41,41,41,41,41,41,41,41,41,41,31,31,31,31,31,31,31,31,31,15,15,15],"gold":233,"neow_bonus":"THREE_CARDS","is_daily":false,"chose_seed":false,"campfire_upgraded":7,"win_rate":0.0,"timestamp":1608682863,"path_taken":["M","M","M","?","M","M","E","M","T","M","?","?","E","M","R","BOSS","M","?","M","AVR","?","R","$","?","T","E","R","M","R","$","R","BOSS","M","M","M","?","?","E","R","$","T","?","M","NM","M","M","R","BOSS"],"items_purchased_type":["Card","Relic","Card","Card"],"build_version":"2020-12-13","purchased_purges":0,"victory":true,"max_hp_per_floor":[35,35,35,35,35,35,35,35,35,35,35,35,35,35,35,35,35,35,35,35,35,35,35,35,41,41,41,41,41,41,41,41,41,41,41,41,41,41,41,41,41,41,41,41,41,41,41,41,41,41],"card_choices":[{"not_picked":["Hololive_StrengthChampion","Hololive_OvertimeWork"],"picked":"Hololive_CallYuzukiChoco","floor":0},{"not_picked":["Hololive_CallHoushouMarine","Hololive_SummonFox","Hololive_CallInugamiKorone"],"picked":"Hololive_CallNakiriAyame","floor":1},{"not_picked":["Hololive_HuntDinosaur","Hololive_LuckPotion","Hololive_OvertimeWork"],"picked":"Hololive_Breathe","floor":2},{"not_picked":["Hololive_Drill","Hololive_CocoNews","Hololive_Psychosis"],"picked":"Hololive_Spy","floor":3},{"not_picked":["Hololive_Drill","Hololive_Rebound","Hololive_StrengthChampion"],"picked":"Hololive_RevenueBasedLive","floor":5},{"not_picked":["Hololive_RevenueBasedLive","Hololive_CallMurasakiShion","Hololive_Yoholoon"],"picked":"Hololive_CallMinatoAqua","floor":6},{"not_picked":["Hololive_CocoNews","Hololive_WolfAndLamb","Hololive_OvertimeWork"],"picked":"Hololive_DurableLive","floor":7},{"not_picked":["Hololive_Yoholoon","Hololive_RevenueBasedLive","Hololive_CallCivia"],"picked":"Hololive_CocoNews","floor":8},{"not_picked":["Hololive_StrengthChampion","Hololive_Psychosis","Hololive_FlyingPonyTail"],"picked":"Hololive_DiamondStrike","floor":10},{"not_picked":["Hololive_Teleport","Hololive_StrengthChampion","Hololive_CallCivia"],"picked":"Hololive_SummonFox","floor":13},{"not_picked":["Hololive_FlyingPonyTail","Hololive_CocoNews","Hololive_HuntDinosaur"],"picked":"Hololive_CallHoshimachiSuisei","floor":14},{"not_picked":["Hololive_OpenUp","Hololive_StarCraft","Hololive_Rebirth"],"picked":"Hololive_Nanodesu","floor":16},{"not_picked":["Hololive_HuntDinosaur","Hololive_Rebound","Hololive_Psychosis"],"picked":"Hololive_CallAkaiHaato","floor":18},{"not_picked":["Hololive_CallNakiriAyame","Hololive_CallHoshimachiSuisei","Hololive_CallMomosuzuNene+1"],"picked":"Hololive_HuntDinosaur","floor":20},{"not_picked":["Hololive_CallCivia","Hololive_Breathe","Hololive_CocoNews"],"picked":"Hololive_Trident","floor":27},{"not_picked":["Hololive_CallHoshimachiSuisei","Hololive_CallNakiriAyame","Hololive_Sequa"],"picked":"Hololive_StrengthChampion","floor":29},{"not_picked":["Hololive_StarCraft","Hololive_WolfAndLamb","Hololive_ASMR"],"picked":"Hololive_DurableLive","floor":33},{"not_picked":["Hololive_Psychosis"],"picked":"Hololive_Trident","floor":35},{"not_picked":["Hololive_CallMomosuzuNene"],"picked":"Hololive_CallAyundaRisu+1","floor":36},{"not_picked":["Hololive_SoulCatcher+1","Hololive_Rebound+1"],"picked":"SKIP","floor":37},{"not_picked":["hubris:Rewind","Replay:Fractal Strike"],"picked":"infinitespire:DeathsTouch","floor":39},{"not_picked":["Hololive_Watashimo","Hololive_CallUsadaPekora"],"picked":"SKIP","floor":40},{"not_picked":["Hololive_Drill+1","Hololive_Yoholoon"],"picked":"SKIP","floor":45},{"not_picked":["Hololive_Breathe+1"],"picked":"Hololive_CallNekomataOkayu+1","floor":46},{"not_picked":["Hololive_CallNekomataOkayu","Hololive_CallUsadaPekora"],"picked":"SKIP","floor":47},{"not_picked":["Hololive_HuntDinosaur+1"],"picked":"Hololive_CallAiraniIofifteen","floor":48}],"player_experience":539139,"relics_obtained":[{"floor":7,"key":"hubris:DeckOfHolding"},{"floor":9,"key":"Bottled Tornado"},{"floor":13,"key":"Ornamental Fan"},{"floor":27,"key":"Hololive_FriedShrimpLion"},{"floor":38,"key":"infinitespire:Satchel"},{"floor":40,"key":"Bag of Marbles"},{"floor":43,"key":"Replay:Multitool"},{"floor":46,"key":"Snack Pack"}],"event_choices":[{"damage_healed":0,"gold_gain":0,"player_choice":"Ignored","damage_taken":0,"max_hp_gain":0,"max_hp_loss":0,"event_name":"Beggar","floor":22,"gold_loss":0},{"damage_healed":0,"gold_gain":0,"cards_transformed":["hubris:Lust"],"player_choice":"Transformed","damage_taken":0,"max_hp_gain":0,"max_hp_loss":0,"event_name":"Transmorgrifier","floor":25,"gold_loss":0,"cards_obtained":["hubris:Sloth"]}],"is_beta":false,"boss_relics":[{"not_picked":["energizedSpire:NeverEndingSparkler","Replay:Drink Me"],"picked":"Velvet Choker"},{"not_picked":["ReplayTheSpireMod:SealedPack","Astrolabe"],"picked":"Busted Crown"}],"items_purged_floors":[],"is_endless":false,"potions_floor_spawned":[1,5,8,13,14,20,33,35,47,48],"ascension_level":0}}