{"host":"ywbsnexmk111etbw","time":1608701359,"event":{"mods":["Act Like it!","BaseMod","Downfall","Hubris","Infinite Spire","Marisa????????","Minty Spire (QoL Compilation)","Pale of the Ancients","Permanent Neow","Replay The Spire","StSLib","The Cursed","The Dragon Tamer","The Mystic","The Necromancer"],"gold_per_floor":[116,129,143,143,143,143,157,170,170,170,193,221,221,221,221,239,239,336,336,346,198,198,113,133,165,183,282,307,319,446,478,506,518,530,655,667,700,749,789,801,837,873,885,938,977,812,835,835,864,883,883,883,883],"floor_reached":52,"playtime":2205,"items_purged":["hubris:Disease"],"score":585,"play_id":"7e922d47-0946-4958-98c1-81dd757b9a17","local_time":"20201223002919","is_ascension_mode":false,"campfire_choices":[{"data":"Bone_Wall","floor":6,"key":"SMITH"},{"floor":14,"key":"REST"},{"data":"Summon_Undead","floor":17,"key":"SMITH"},{"data":"Summon_Vampire_Lady","floor":29,"key":"SMITH"},{"data":"Summon_Lich","floor":34,"key":"SMITH"},{"floor":43,"key":"REST"},{"floor":48,"key":"REST"},{"data":"Summon_Undead_Army","floor":51,"key":"SMITH"}],"circlet_count":0,"master_deck":["Strike_W","Strike_W","Strike_W","Defend_W","Defend_W","Defend_W","Defend_W","Negative_Energy_Arrows","Bone_Wall+1","Toxic_Smoke_Screen","Toxic_Smoke_Screen","Vampiric_Strike","Summon_Undead+1","Bone_Shift+1","Spectral_Armor","Bone_Spikes","Summon_Vampire_Lady+1","Slay_Living+1","Deaths_Shadow+1","Summon_Lich+1","Uncharnel+1","Summon_Lich+1","Bone_Prison","Bone_Bullets","Summon_Vampire_Lady+1","Life_Tap+1","hubris:NaturalOne","Summon_Lich","Exploit+1","Negative_Energy_Javelin+1","Summon_Undead_Army+1","Bone_Prison+1","Bone_Armor+1","Vampiric_Strike","Finger_Of_Death+1"],"relics":["Philosopher\u0027s Stone","CultistMask","Bag of Marbles","Mango","hubris:Icosahedron","hubris:ScarierMask","hubris:HerbalPaste","MutagenicStrength","Potion Belt","Gremlin Food","MawBank","hubris:Backtick","Bottled Flame","CeramicFish","Black Star","infinitespire:Joker Card","Regal Pillow","Blue Doll","ReplayTheSpireMod:CursedCoin","infinitespire:EmpoweringShard"],"acts_visited":["Exordium","TheCity","TheBeyond"],"potions_floor_usage":[12,18,18,35,39,42,42,52,52],"damage_taken":[{"damage":1,"enemies":"Cultist","floor":1,"turns":4},{"damage":1,"enemies":"Small Slimes","floor":2,"turns":3},{"damage":0,"enemies":"2 Louse","floor":3,"turns":3},{"damage":8,"enemies":"Gremlin Gang","floor":7,"turns":6},{"damage":0,"enemies":"3 Louse","floor":8,"turns":3},{"damage":25,"enemies":"Gremlin Nob","floor":12,"turns":5},{"damage":3,"enemies":"Blue Slaver","floor":16,"turns":5},{"damage":29,"enemies":"Fading Forest","floor":18,"turns":11},{"damage":37,"enemies":"Spheric Guardian","floor":20,"turns":6},{"damage":9,"enemies":"Chosen","floor":24,"turns":5},{"damage":11,"enemies":"Book of Stabbing","floor":25,"turns":4},{"damage":14,"enemies":"3 Cultists","floor":26,"turns":4},{"damage":0,"enemies":"Sentry and Sphere","floor":30,"turns":2},{"damage":20,"enemies":"Centurion and Healer","floor":31,"turns":4},{"damage":12,"enemies":"Shelled Parasite and Fungi","floor":32,"turns":5},{"damage":44,"enemies":"hubris:MusketHawk","floor":35,"turns":10},{"damage":22,"enemies":"Orb Walker","floor":37,"turns":4},{"damage":0,"enemies":"3 Shapes","floor":38,"turns":3},{"damage":96,"enemies":"Writhing Mass","floor":39,"turns":9},{"damage":24,"enemies":"4 Shapes","floor":41,"turns":5},{"damage":45,"enemies":"Maw","floor":42,"turns":9},{"damage":49,"enemies":"Reptomancer","floor":44,"turns":8},{"damage":10,"enemies":"Sphere and 2 Shapes","floor":47,"turns":2},{"damage":30,"enemies":"3 Darklings","floor":49,"turns":4},{"damage":19,"enemies":"Maw","floor":50,"turns":7},{"damage":160,"enemies":"Donu and Deca","floor":52,"turns":7}],"seed_played":"416257920606878700","potions_obtained":[{"floor":2,"key":"Weak Potion"},{"floor":3,"key":"FearPotion"},{"floor":12,"key":"Swift Potion"},{"floor":16,"key":"DistilledChaos"},{"floor":18,"key":"Dexterity Potion"},{"floor":26,"key":"Energy Potion"},{"floor":30,"key":"Explosive Potion"},{"floor":39,"key":"Ancient Potion"},{"floor":47,"key":"Cursed Concoction"},{"floor":50,"key":"CultistPotion"}],"is_trial":false,"path_per_floor":["M","M","M","?","$","R","M","M","PTL","PTL","T","E","?","R","?","M","R","B",null,"M","$","?","?","M","E","M","?","T","R","M","M","M","AVR","R","B",null,"M","M","M","?","M","M","R","E","T","$","M","R","M","M","R","B"],"character_chosen":"NECROMANCER","items_purchased":["hubris:HerbalPaste","ReplayTheSpireMod:CursedCoin","infinitespire:EmpoweringShard"],"campfire_rested":3,"item_purchase_floors":[21,46,46],"current_hp_per_floor":[74,73,73,73,73,73,69,70,70,70,70,61,61,87,87,85,85,75,89,73,73,73,73,84,85,79,79,79,79,82,74,86,86,86,66,89,80,85,12,12,20,13,39,29,29,29,24,65,62,82,82,0,0],"gold":883,"neow_bonus":"BOSS_RELIC","is_daily":false,"chose_seed":false,"campfire_upgraded":5,"win_rate":0.0,"timestamp":1608701359,"path_taken":["M","?","M","?","?","R","M","?","PTL","PTL","T","E","?","R","?","M","R","BOSS","M","$","?","?","M","E","M","?","T","R","M","?","M","AVR","R","BOSS","M","?","M","?","M","?","R","E","T","$","M","R","M","M","R","BOSS"],"items_purchased_type":["Relic","Relic","Relic"],"build_version":"2020-12-13","purchased_purges":1,"victory":false,"max_hp_per_floor":[75,75,75,75,75,75,75,75,75,75,75,89,89,89,89,89,89,89,89,89,89,89,89,89,89,89,89,89,89,89,89,89,89,89,89,89,89,89,89,89,89,89,89,89,89,89,89,89,89,89,89,89,89],"card_choices":[{"not_picked":["Blood_Curse","Bones_to_Steel"],"picked":"Toxic_Smoke_Screen","floor":1},{"not_picked":["Flesh_Made_Foul","Toxic_Smoke_Screen","Violent_Necrosis"],"picked":"SKIP","floor":2},{"not_picked":["Flesh_Made_Foul","Violent_Necrosis"],"picked":"Toxic_Smoke_Screen","floor":2},{"not_picked":["Blood_Curse","Whirlwind_of_Bones"],"picked":"Vampiric_Strike","floor":3},{"not_picked":["Finger_Of_Death","Blood_Curse"],"picked":"Summon_Undead","floor":7},{"not_picked":["Violent_Necrosis","Negative_Energy_Shield"],"picked":"Bone_Shift","floor":8},{"not_picked":["Requiem","Bone_Armor"],"picked":"Spectral_Armor","floor":12},{"not_picked":["Toxic_Smoke_Screen","Bone_Shift"],"picked":"Bone_Spikes","floor":16},{"not_picked":["Blood_Magic","Reap_The_Weak"],"picked":"Summon_Vampire_Lady","floor":18},{"not_picked":["Death_Coil","Strike_from_Beyond"],"picked":"Slay_Living+1","floor":20},{"not_picked":["Death_Coil","Bone_Shift"],"picked":"Deaths_Shadow+1","floor":24},{"not_picked":["Negative_Energy_Shield+1","Summon_Undead_Army"],"picked":"Summon_Lich+1","floor":25},{"not_picked":["Death_March_Dance","Shackles_Of_Pain+1"],"picked":"Uncharnel","floor":26},{"not_picked":["Blood_for_Blood","Corrupt+1"],"picked":"Summon_Lich","floor":30},{"not_picked":["Toxic_Smoke_Screen","Cloudkill"],"picked":"Bone_Prison","floor":31},{"not_picked":["Negative_Energy_Sphere","Bone_Shift"],"picked":"Bone_Bullets","floor":32},{"not_picked":["Blood_Magic","Detonate_Bones"],"picked":"Summon_Vampire_Lady","floor":35},{"not_picked":["Bone_Shift+1","Death_March_Dance"],"picked":"Life_Tap+1","floor":37},{"not_picked":["Negative_Energy_Sphere+1","Toxic_Smoke_Screen+1"],"picked":"Summon_Lich","floor":38},{"not_picked":["Negative_Energy_Shield+1","Vampiric_Strike+1"],"picked":"Exploit+1","floor":39},{"not_picked":["Necromantic_Selection","Toxic_Smoke_Screen"],"picked":"Negative_Energy_Javelin+1","floor":41},{"not_picked":["Negative_Energy_Javelin","Death_March_Dance+1"],"picked":"Summon_Undead_Army","floor":42},{"not_picked":["Bones_to_Steel","Strike_from_Beyond"],"picked":"Bone_Prison+1","floor":44},{"not_picked":["Strike_from_Beyond","Negative_Energy_Javelin+1"],"picked":"Bone_Armor+1","floor":47},{"not_picked":["Negative_Energy_Shield","Bone_Shift"],"picked":"Vampiric_Strike","floor":49},{"not_picked":["Consume_Illness+1","Shackles_Of_Pain+1"],"picked":"Finger_Of_Death+1","floor":50}],"player_experience":131501,"relics_obtained":[{"floor":11,"key":"Bag of Marbles"},{"floor":12,"key":"Mango"},{"floor":25,"key":"Gremlin Food"},{"floor":28,"key":"MawBank"},{"floor":44,"key":"infinitespire:Joker Card"},{"floor":44,"key":"Regal Pillow"},{"floor":45,"key":"Blue Doll"}],"event_choices":[{"damage_healed":0,"gold_gain":0,"player_choice":"Trade","damage_taken":0,"relics_obtained":["CultistMask"],"max_hp_gain":0,"max_hp_loss":0,"event_name":"FaceTrader","floor":4,"gold_loss":0},{"cards_removed":["Strike_W"],"damage_healed":0,"gold_gain":0,"player_choice":"Card Removal","damage_taken":0,"max_hp_gain":0,"max_hp_loss":0,"event_name":"Wheel of Change","floor":15,"gold_loss":0},{"damage_healed":0,"gold_gain":0,"player_choice":"Inject Mutagens","damage_taken":0,"relics_obtained":["MutagenicStrength"],"max_hp_gain":0,"max_hp_loss":0,"event_name":"Drug Dealer","floor":22,"gold_loss":0},{"damage_healed":0,"gold_gain":0,"player_choice":"Obtained Relic","damage_taken":0,"relics_obtained":["Potion Belt"],"max_hp_gain":0,"max_hp_loss":0,"event_name":"Addict","floor":23,"gold_loss":85},{"damage_healed":0,"gold_gain":99,"player_choice":"Stole From Cult","damage_taken":0,"max_hp_gain":0,"max_hp_loss":0,"event_name":"Nest","floor":27,"gold_loss":0},{"damage_healed":0,"gold_gain":0,"player_choice":"Upgraded","damage_taken":0,"max_hp_gain":0,"max_hp_loss":0,"event_name":"Upgrade Shrine","floor":40,"gold_loss":0,"cards_upgraded":["Summon_Vampire_Lady"]}],"is_beta":false,"boss_relics":[{"not_picked":["Honey Jar","Ring of Chaos"],"picked":"hubris:ScarierMask"},{"not_picked":["Kintsugi","Empty Cage"],"picked":"Black Star"}],"items_purged_floors":[46],"is_endless":false,"potions_floor_spawned":[2,3,12,16,18,26,30,32,39,47,50],"killed_by":"Donu and Deca","ascension_level":0}}