{"host":"y3iy5gb13b300rns","time":1608686162,"event":{"mods":["BaseMod","Bestiary","Curses Come First","Minty Spire (QoL Compilation)","Replay The Spire","StSLib","The Runesmith"],"gold_per_floor":[109,109,109,129,129,158,187,187,210,234,234,260,435,457,457,566,566,601,153,153,177,203,203,239,239,307,307,345,53,53,93,93,97,97],"floor_reached":33,"playtime":2208,"items_purged":[],"score":292,"play_id":"354ef239-c510-4d91-be12-2cceeb709529","local_time":"20201222191602","is_ascension_mode":false,"campfire_choices":[{"data":"Consecrate","floor":8.0,"key":"SMITH"},{"data":"Eruption","floor":11.0,"key":"SMITH"},{"floor":15.0,"key":"REST"},{"floor":23.0,"key":"REST"},{"floor":25.0,"key":"REST"},{"floor":27.0,"key":"REST"},{"floor":32.0,"key":"REST"}],"circlet_count":0,"master_deck":["Strike_P","Strike_P","Strike_P","Defend_P","Defend_P","Defend_P","Defend_P","Eruption+1","Vigilance","Collect","Regret","Indignation","Consecrate+1","ForeignInfluence+1","SignatureMove","Sanctity","Worship","Perseverance","Doubt","Replay:ManipulateFuture","ConjureBlade","FlurryOfBlows","Consecrate","BattleHymn","Eruption","Prostrate","Prostrate","Blasphemy","BattleHymn","Study"],"relics":["PureWater","NeowsBlessing","Anchor","Replay:Bandana","Replay:Wax Seal","Philosopher\u0027s Stone","Gremlin Horn","Vajra","Chameleon Ring","MawBank","Sling","Dream Catcher"],"acts_visited":["Exordium","TheCity"],"potions_floor_usage":[],"damage_taken":[{"damage":0.0,"enemies":"Small Slimes","floor":1.0,"turns":2.0},{"damage":0.0,"enemies":"2 Louse","floor":4.0,"turns":1.0},{"damage":2.0,"enemies":"3 Sentries","floor":6.0,"turns":2.0},{"damage":3.0,"enemies":"Cultist","floor":7.0,"turns":2.0},{"damage":4.0,"enemies":"Looter","floor":10.0,"turns":2.0},{"damage":0.0,"enemies":"2 Fungi Beasts","floor":12.0,"turns":1.0},{"damage":6.0,"enemies":"Exordium Wildlife","floor":14.0,"turns":3.0},{"damage":40.0,"enemies":"The Guardian","floor":16.0,"turns":5.0},{"damage":16.0,"enemies":"3 Byrds","floor":18.0,"turns":5.0},{"damage":20.0,"enemies":"Shell Parasite","floor":21.0,"turns":5.0},{"damage":25.0,"enemies":"Centurion and Healer","floor":22.0,"turns":6.0},{"damage":25.0,"enemies":"Snake Plant","floor":24.0,"turns":4.0},{"damage":17.0,"enemies":"Replay:Snechameleon","floor":28.0,"turns":4.0},{"damage":17.0,"enemies":"3 Cultists","floor":31.0,"turns":3.0},{"damage":82,"enemies":"Collector","floor":33,"turns":5}],"seed_played":"1151910152641310509","potions_obtained":[{"floor":6.0,"key":"SpeedPotion"},{"floor":7.0,"key":"BottledMiracle"},{"floor":14.0,"key":"SteroidPotion"},{"floor":16.0,"key":"SkillPotion"},{"floor":21.0,"key":"Ancient Potion"},{"floor":22.0,"key":"BottledMiracle"},{"floor":24.0,"key":"Energy Potion"}],"is_trial":false,"path_per_floor":["M","?","?","M","?","E","M","R","T","M","R","M","?","M","R","B",null,"M","$","?","M","M","R","M","R","T","R","E","$","?","M","R","B"],"character_chosen":"WATCHER","items_purchased":["Gremlin Horn","Vajra","Consecrate","Sling","Dream Catcher"],"campfire_rested":5,"item_purchase_floors":[19,19,19,29,29],"current_hp_per_floor":[72,72,72,72,72,70,67,67,67,63,63,63,63,57,72,32,72,56,56,56,36,11,32,7,28,28,49,32,32,82,65,82,0,0],"gold":97,"neow_bonus":"THREE_ENEMY_KILL","is_daily":false,"chose_seed":false,"campfire_upgraded":2,"win_rate":0.0,"timestamp":1608686162,"path_taken":["M","?","?","?","?","E","M","R","T","M","R","M","?","M","R","BOSS","M","$","?","?","M","R","M","R","T","R","E","?","?","M","R","BOSS"],"items_purchased_type":["Relic","Relic","Card","Relic","Relic"],"build_version":"2020-12-13","purchased_purges":0,"victory":false,"max_hp_per_floor":[72,72,72,72,72,72,72,72,72,72,72,72,72,72,72,72,72,72,72,72,72,72,72,72,72,72,72,72,72,82,82,82,82,82],"card_choices":[{"not_picked":["EmptyFist","Adaptation"],"picked":"Collect","floor":1.0},{"not_picked":["Prostrate","Pray"],"picked":"Consecrate","floor":4.0},{"not_picked":["SandsOfTime","InnerPeace"],"picked":"SignatureMove","floor":6.0},{"not_picked":["FearNoEvil","WheelKick"],"picked":"Sanctity","floor":7.0},{"not_picked":["FollowUp","TalkToTheHand"],"picked":"Worship","floor":10.0},{"not_picked":["FlyingSleeves","Replay:Hum"],"picked":"Perseverance","floor":12.0},{"not_picked":["Halt","EmptyFist"],"picked":"Replay:ManipulateFuture","floor":14.0},{"not_picked":["MasterReality","Replay:AllIn"],"picked":"ConjureBlade","floor":16.0},{"not_picked":["PathToVictory","CrushJoints"],"picked":"FlurryOfBlows","floor":18.0},{"not_picked":["Adaptation","Replay:DivineShield"],"picked":"Prostrate","floor":21.0},{"not_picked":["Replay:BluntJabs","Sanctity"],"picked":"Prostrate","floor":22.0},{"not_picked":["FlyingSleeves","Protect+1"],"picked":"Blasphemy","floor":24.0},{"not_picked":["EmptyFist","EmptyMind+1"],"picked":"Alpha","floor":28.0},{"not_picked":["TalkToTheHand","FollowUp"],"picked":"BattleHymn","floor":31.0},{"not_picked":["TalkToTheHand","PathToVictory"],"picked":"Study","floor":32.0}],"player_experience":361381,"relics_obtained":[{"floor":6.0,"key":"Replay:Bandana"},{"floor":9.0,"key":"Replay:Wax Seal"},{"floor":26.0,"key":"Chameleon Ring"},{"floor":28.0,"key":"MawBank"}],"event_choices":[{"damage_healed":0.0,"max_hp_gain":0.0,"max_hp_loss":0.0,"gold_gain":0.0,"event_name":"Big Fish","player_choice":"Box","floor":2.0,"gold_loss":0.0,"damage_taken":0.0,"relics_obtained":["Anchor"],"cards_obtained":["Regret"]},{"damage_healed":0.0,"max_hp_gain":0.0,"max_hp_loss":0.0,"gold_gain":0.0,"event_name":"Match and Keep!","player_choice":"1 cards matched","floor":3.0,"gold_loss":0.0,"damage_taken":0.0,"cards_obtained":["Indignation"]},{"damage_healed":0.0,"max_hp_gain":0.0,"max_hp_loss":0.0,"gold_gain":175.0,"event_name":"Liars Game","player_choice":"AGREE","floor":13.0,"gold_loss":0.0,"damage_taken":0.0,"cards_obtained":["Doubt"]},{"damage_healed":0.0,"max_hp_gain":0.0,"max_hp_loss":0.0,"gold_gain":0.0,"event_name":"Match and Keep!","player_choice":"2 cards matched","floor":20.0,"gold_loss":0.0,"damage_taken":0.0,"cards_obtained":["BattleHymn","Eruption"]},{"cards_removed":["Alpha"],"damage_healed":40.0,"max_hp_gain":10.0,"max_hp_loss":0.0,"gold_gain":0.0,"event_name":"Bonfire Elementals","player_choice":"Offered Rare","floor":30.0,"gold_loss":0.0,"damage_taken":0.0}],"is_beta":false,"boss_relics":[{"not_picked":["Runesmith:UraniumAnvil","Velvet Choker"],"picked":"Philosopher\u0027s Stone"}],"items_purged_floors":[],"is_endless":false,"potions_floor_spawned":[6,7,14,16,21,22,24],"killed_by":"Collector","ascension_level":0}}