{"host":"ve1tu2pxpq596wfw","time":1608695101,"event":{"mods":["BaseMod","Highlight Path","Infinite Spire","Minty Spire (QoL Compilation)","Random Character Button","Shop Mod","StSLib","The Blue Laboratory","The Jungle","Wandering Minibosses"],"gold_per_floor":[110,121,140,122,139,168,168,203,203,73,93,93,118,118,118,214,214,226,246,215,215,225,225,225],"floor_reached":23,"playtime":1980,"items_purged":[],"score":251,"play_id":"2a290d66-cb8f-4462-ad3a-52269cf777b4","local_time":"20201223034501","is_ascension_mode":true,"campfire_choices":[{"floor":7,"key":"RECALL"},{"floor":12,"key":"REST"},{"floor":15,"key":"REST"}],"circlet_count":0,"master_deck":["Strike_G","Strike_G","Strike_G","Strike_G","Strike_G","Defend_G","Defend_G","Defend_G","Defend_G","Defend_G","Survivor","Neutralize","Blade Dance","Blade Dance","Finisher","Quick Slash","Caltrops","PiercingWail","Infinite Blades","Blade Dance","Blade Dance","Envenom","Tools of the Trade","Predator+1","Cloak And Dagger","infinitespire:Gouge+1"],"relics":["Boot","Happy Flower","Molten Egg 2","Fusion Hammer"],"acts_visited":["Exordium","TheCity"],"potions_floor_usage":[],"damage_taken":[{"damage":0,"enemies":"Small Slimes","floor":1,"turns":3},{"damage":0,"enemies":"Jaw Worm","floor":2,"turns":4},{"damage":0,"enemies":"Cultist","floor":3,"turns":3},{"damage":4,"enemies":"Blue Slaver","floor":4,"turns":5},{"damage":3,"enemies":"Gremlin Gang","floor":5,"turns":4},{"damage":8,"enemies":"Lagavulin","floor":6,"turns":5},{"damage":19,"enemies":"3 Sentries","floor":8,"turns":5},{"damage":2,"enemies":"Looter","floor":11,"turns":2},{"damage":18,"enemies":"Lagavulin","floor":13,"turns":3},{"damage":35,"enemies":"Hexaghost","floor":16,"turns":7},{"damage":3,"enemies":"3 Byrds","floor":18,"turns":4},{"damage":0,"enemies":"Spheric Guardian","floor":19,"turns":3},{"damage":15,"enemies":"Snecko","floor":20,"turns":5},{"damage":20,"enemies":"Cultist and Chosen","floor":22,"turns":5},{"damage":21,"enemies":"Nightmare","floor":23,"turns":5}],"seed_played":"-3601817229289924269","potions_obtained":[{"floor":2,"key":"BlessingOfTheForge"},{"floor":3,"key":"blueLaboratory:HummingbirdPotion"},{"floor":6,"key":"blueLaboratory:TrueEctoplasm"},{"floor":8,"key":"Regen Potion"},{"floor":16,"key":"Strength Potion"}],"is_trial":false,"path_per_floor":["M","M","M","M","M","E","R","E","T","$","M","R","E","?","R","B",null,"M","M","M","?","M","NM"],"character_chosen":"THE_SILENT","items_purchased":["Infinite Blades","Blade Dance"],"campfire_rested":2,"item_purchase_floors":[10,10],"current_hp_per_floor":[77,77,77,73,70,62,62,43,43,43,41,64,46,39,74,39,77,74,74,59,41,21,0,0],"gold":225,"neow_bonus":"TEN_PERCENT_HP_BONUS","is_daily":false,"chose_seed":false,"campfire_upgraded":0,"win_rate":0.0,"timestamp":1608695101,"path_taken":["M","M","M","M","M","E","R","E","T","$","M","R","E","?","R","BOSS","M","M","M","?","M","NM"],"items_purchased_type":["Card","Card"],"build_version":"2020-12-13","purchased_purges":0,"victory":false,"max_hp_per_floor":[77,77,77,77,77,77,77,77,77,77,77,77,77,77,77,77,77,77,77,77,77,77,77,77],"card_choices":[{"not_picked":["Dagger Spray","Cloak And Dagger"],"picked":"Blade Dance","floor":1},{"not_picked":["Glass Knife","Underhanded Strike"],"picked":"Blade Dance","floor":2},{"not_picked":["Distraction","Slice"],"picked":"Finisher","floor":3},{"not_picked":["Endless Agony","Deadly Poison"],"picked":"Quick Slash","floor":4},{"not_picked":["Tactician","Deflect","Outmaneuver"],"picked":"SKIP","floor":5},{"not_picked":["Prepared","Doppelganger"],"picked":"Caltrops","floor":6},{"not_picked":["Underhanded Strike","Setup"],"picked":"PiercingWail","floor":8},{"not_picked":["Flying Knee","PiercingWail"],"picked":"Blade Dance","floor":11},{"not_picked":["Bane","Corpse Explosion"],"picked":"Envenom","floor":13},{"not_picked":["infinitespire:Neurotoxin","Venomology"],"picked":"Tools of the Trade","floor":16},{"not_picked":["All Out Attack+1","Concentrate","Outmaneuver"],"picked":"SKIP","floor":18},{"not_picked":["Slice+1","Crippling Poison"],"picked":"Predator+1","floor":19},{"not_picked":["Backflip","Quick Slash+1"],"picked":"Cloak And Dagger","floor":20},{"not_picked":["infinitespire:Menacing","infinitespire:DeathsTouch"],"picked":"infinitespire:Gouge","floor":21},{"not_picked":["Wraith Form v2","Flying Knee+1","Eviscerate+1"],"picked":"SKIP","floor":22}],"player_experience":212683,"relics_obtained":[{"floor":6,"key":"Boot"},{"floor":8,"key":"Happy Flower"},{"floor":13,"key":"Eternal Feather"}],"event_choices":[{"damage_healed":0,"gold_gain":0,"player_choice":"Success","damage_taken":7,"relics_obtained":["Molten Egg 2"],"max_hp_gain":0,"max_hp_loss":0,"event_name":"Scrap Ooze","floor":14,"gold_loss":0}],"is_beta":false,"boss_relics":[{"not_picked":["Busted Crown","SacredBark"],"picked":"Fusion Hammer"}],"items_purged_floors":[],"is_endless":false,"potions_floor_spawned":[2,3,6,8,13,16,19,22],"killed_by":"Nightmare","ascension_level":1}}