{"host":"lytueob6x0yvfkof","time":1608737227,"event":{"mods":["Act Like it!","Aspiration","Bard","BaseMod","Beaked The Cultist","Colored Map","Conspire","Downfall","Glutton Mod","Halation","Hallownest","HololiveMod","Hubris","Infinite Spire","Jedi Mod","Mad Scientist","Marisa????????","Mimic Mod","Minty Spire (QoL Compilation)","Potionbrewer","Reimu??????","Remilia??????","Replay The Spire","Somnambulant","StSLib","The Bug Knight","The Clintock","The Construct","The Cursed","The Disciple","The Elementalist","The Exalted","The Forsaken","The Hierophant","The Jungle","The Mystic","The Runesmith","The Servant 0.9.4","TheArtist","TheBandit","Yuyuko","vexMod"],"gold_per_floor":[118,118,49,49,62,89,89,89,135,85,118,40,81,115,115,241,241,254,239,239,239,239],"floor_reached":21,"playtime":1923,"items_purged":[],"score":212,"play_id":"c6bba2d2-2610-4fcf-9363-5e51739da4e6","local_time":"20201223152707","is_ascension_mode":false,"campfire_choices":[{"data":"beaked:Ceremony","floor":8,"key":"SMITH"},{"data":"beaked:Evade","floor":15,"key":"SMITH"}],"circlet_count":0,"master_deck":["beaked:Strike_Y","beaked:Strike_Y","beaked:Strike_Y","beaked:Strike_Y","beaked:Strike_Y","beaked:Strike_Y","beaked:Defend_Y","beaked:Defend_Y","beaked:Defend_Y","beaked:Defend_Y","beaked:Ceremony+1","beaked:Ceremony","beaked:Ceremony","beaked:Foresight","beaked:MachineSpirit","beaked:Evade+1","beaked:TuckingFeathers","conspire:SpireCoStock","beaked:Cower","beaked:BloodRitual","ReplayTheSpireMod:Prepare the Ceremony","beaked:Evade","beaked:BraceForImpact","beaked:Sacrifice","beaked:Foresight","beaked:FeelMyPain"],"relics":["beaked:MendingPlumage","Hallownest:DreamNailRelic","HollowMod:PaleOreRelic","elementalistmod:BlueRibbon","Strawberry","Blood Vial","Bromod:ArcaneEnergize","Vajra"],"acts_visited":["Exordium","TheCity"],"potions_floor_usage":[16,21],"damage_taken":[{"damage":22,"enemies":"Hallownest:monsterHuskGuard","floor":1,"turns":5},{"damage":9,"enemies":"2_ Uuma","floor":5,"turns":6},{"damage":31,"enemies":"Hallownest:eliteMossKnight","floor":6,"turns":8},{"damage":18,"enemies":"Hallownest:2_Baldur","floor":11,"turns":6},{"damage":55,"enemies":"Hallownest:1_Ooma_and_2_Uuma","floor":13,"turns":6},{"damage":19,"enemies":"Hallownest:eliteVengeflyKing","floor":14,"turns":8},{"damage":73,"enemies":"Hallownest:BossFalseKnight","floor":16,"turns":12},{"damage":43,"enemies":"Shell Parasite","floor":18,"turns":9},{"damage":44,"enemies":"2 Thieves","floor":19,"turns":5},{"damage":70,"enemies":"3 Cultists","floor":21,"turns":5}],"seed_played":"1788089954696175521","potions_obtained":[{"floor":6,"key":"potionbrewer:ToxicPotion"},{"floor":13,"key":"potionbrewer:DiscountPotion"},{"floor":14,"key":"SneckoOil"}],"is_trial":false,"path_per_floor":["M","?","$","?","M","E","?","R","T","?","M","$","M","E","R","B",null,"M","M","?","M"],"character_chosen":"BEAKED_THE_CULTIST","items_purchased":["beaked:MachineSpirit","beaked:BloodRitual"],"campfire_rested":0,"item_purchase_floors":[3,12],"current_hp_per_floor":[40,31,31,31,44,40,40,40,47,47,49,49,16,32,32,27,62,59,53,38,0,0],"gold":239,"neow_bonus":"TEN_PERCENT_HP_BONUS","is_daily":false,"chose_seed":false,"campfire_upgraded":2,"win_rate":0.0,"timestamp":1608737227,"path_taken":["M","?","$","?","M","E","?","R","T","?","M","$","M","E","R","BOSS","M","M","?","?"],"items_purchased_type":["Card","Card"],"build_version":"2020-12-22","purchased_purges":0,"victory":false,"max_hp_per_floor":[55,55,55,55,55,55,55,55,62,62,62,62,62,62,62,62,62,65,68,68,71,71],"card_choices":[{"not_picked":["beaked:Poke","beaked:Pecker"],"picked":"beaked:Foresight","floor":1},{"not_picked":["beaked:VigorBurst","beaked:CursingBlood"],"picked":"beaked:Evade","floor":5},{"not_picked":["beaked:Tradeoff","beaked:AwakenedForm"],"picked":"beaked:TuckingFeathers","floor":6},{"not_picked":["beaked:Tweet","ReplayTheSpireMod:Wings of Steel"],"picked":"beaked:Cower","floor":11},{"not_picked":["beaked:VigorBurst","ReplayTheSpireMod:RavenHex"],"picked":"ReplayTheSpireMod:Prepare the Ceremony","floor":13},{"not_picked":["beaked:Resilience","beaked:Overpower"],"picked":"beaked:Evade","floor":14},{"not_picked":["beaked:Brainwash","beaked:MachineEssence"],"picked":"beaked:Sacrifice","floor":16},{"not_picked":["beaked:WarriorEssence","beaked:Redirect+1"],"picked":"beaked:Foresight","floor":18},{"not_picked":["beaked:SurvivalInstinct+1","beaked:Daydream"],"picked":"beaked:FeelMyPain","floor":19}],"player_experience":195830,"relics_obtained":[{"floor":6,"key":"HollowMod:PaleOreRelic"},{"floor":9,"key":"Strawberry"},{"floor":14,"key":"Blood Vial"}],"event_choices":[{"damage_healed":0,"gold_gain":0,"player_choice":"Invest 1","damage_taken":0,"max_hp_gain":0,"max_hp_loss":0,"event_name":"conspire:Investor","floor":10,"gold_loss":0}],"is_beta":false,"boss_relics":[{"not_picked":["Replay:Grab Bag","vexMod:NewClearReactor"],"picked":"Bromod:ArcaneEnergize"}],"items_purged_floors":[],"is_endless":false,"potions_floor_spawned":[6,13,14],"killed_by":"3 Cultists","ascension_level":0}}