{"host":"j24lijpiho18vwaz","time":1608761112,"event":{"mods":["AchievementEnabler","Aspiration","BaseMod","Beaked The Cultist","Better Note","Better Skull","Better Third Choice","BetterRewards","CapriCore","Colored Map","Conspire","Downfall","Friendly Minions","Glutton Mod","Hermit","Infinite Spire","Jedi Mod","Marisa????????","Marked Mod","Minty Spire (QoL Compilation)","Quick Restart","Relic Sorter","Replay The Spire","Shade Mod","Shop Mod","Somnambulant","StSLib","The Blackbeard","The Dragon Tamer","The Florist","The Immortal","The Mystic","The Spell Scribe","TheVacant"],"gold_per_floor":[112,128,128,128,143,143,216,216,266,192,239,239,281,345,345,472,472,483,483,483,483,494,494,539,539,539,606,606,606,120,120,120,216,216,253,253,253,253,305,305,357,357],"floor_reached":41,"playtime":1563,"items_purged":["BinaryStars+1"],"score":328,"play_id":"8847699a-ed64-4574-8344-d8c47a7b4015","local_time":"20201223230512","is_ascension_mode":false,"campfire_choices":[{"data":"Robbery","floor":6,"key":"SMITH"},{"data":"BinaryStars","floor":8,"key":"SMITH"},{"floor":12,"key":"REST"},{"floor":15,"key":"REST"},{"floor":23,"key":"REST"},{"data":"infinitespire:Execution","floor":25,"key":"SMITH"},{"data":"CasketOfStar","floor":32,"key":"SMITH"},{"data":"SprinkleStarSeal","floor":40,"key":"SMITH"}],"circlet_count":0,"master_deck":["Strike_MRS","Strike_MRS","Strike_MRS","Defend_MRS","Defend_MRS","Defend_MRS","Defend_MRS","MasterSpark","UpSweep","DC","Robbery+1","EnergyFlow","CasketOfStar+1","SuperPerseids","FairyDestructionRay+1","infinitespire:Execution+1","SprinkleStarSeal+1"],"relics":["MiniHakkero","NeowsBlessing","Blood Vial","Vajra","beaked:ShinyBauble","infinitespire:Eraser","infinitespire:WardingShard","SacredBark","HandmadeGrimoire"],"acts_visited":["Exordium","TheCity","TheBeyond"],"potions_floor_usage":[11,24,39,41],"damage_taken":[{"damage":0,"enemies":"2 Louse","floor":1,"turns":1},{"damage":0,"enemies":"Jaw Worm","floor":2,"turns":1},{"damage":0,"enemies":"conspire:RoseBush","floor":5,"turns":1},{"damage":25,"enemies":"3 Sentries","floor":7,"turns":7},{"damage":32,"enemies":"Lagavulin","floor":11,"turns":6},{"damage":3,"enemies":"3 Louse","floor":13,"turns":3},{"damage":19,"enemies":"Exordium Thugs","floor":14,"turns":4},{"damage":12,"enemies":"Slime Boss","floor":16,"turns":6},{"damage":22,"enemies":"Spheric Guardian","floor":18,"turns":4},{"damage":27,"enemies":"Shell Parasite","floor":22,"turns":4},{"damage":21,"enemies":"Replay:Snechameleon","floor":24,"turns":5},{"damage":10,"enemies":"Snecko","floor":27,"turns":4},{"damage":0,"enemies":"conspire:MysteriousRune","floor":33,"turns":1},{"damage":25,"enemies":"Orb Walker","floor":35,"turns":4},{"damage":61,"enemies":"conspire:MimicChest","floor":39,"turns":7},{"damage":47,"enemies":"3 Darklings","floor":41,"turns":4}],"seed_played":"-3596934937645852422","potions_obtained":[{"floor":2,"key":"AttackPotion"},{"floor":14,"key":"Strength Potion"},{"floor":16,"key":"Weak Potion"},{"floor":33,"key":"FairyPotion"},{"floor":35,"key":"Dexterity Potion"}],"is_trial":false,"path_per_floor":["M","M","?","$","M","R","?","R","T","$","E","R","M","M","R","B",null,"M","AVR","?","?","M","R","E","R","T","M","?","?","?","T","R","B",null,"M","?","$","?","?","R","M"],"character_chosen":"MARISA","items_purchased":["EnergyFlow"],"campfire_rested":3,"item_purchase_floors":[10],"current_hp_per_floor":[75,75,75,75,75,75,50,50,50,50,20,42,41,24,46,36,75,53,53,53,53,28,50,31,31,31,23,23,31,31,31,31,33,75,50,50,50,50,45,45,0,0],"gold":357,"neow_bonus":"THREE_ENEMY_KILL","is_daily":false,"chose_seed":false,"campfire_upgraded":5,"win_rate":0.0,"timestamp":1608761112,"path_taken":["M","M","?","?","?","R","?","R","T","$","E","R","M","?","R","BOSS","M","AVR","?","?","M","R","E","R","T","?","?","?","?","?","R","BOSS","M","?","$","?","?","R","?"],"items_purchased_type":["Card"],"build_version":"2020-12-22","purchased_purges":1,"victory":false,"max_hp_per_floor":[75,75,75,75,75,75,75,75,75,75,75,75,75,75,75,75,75,75,75,75,75,75,75,75,75,75,75,75,75,75,75,75,75,75,75,75,75,75,75,75,75,75],"card_choices":[{"not_picked":["ManaConvection","6A","SporeBomb"],"picked":"SKIP","floor":1},{"not_picked":["DoubleSpark","EarthLightRay"],"picked":"DC","floor":2},{"not_picked":["NonDirectionalLaser","MilkyWay"],"picked":"Robbery","floor":5},{"not_picked":["NonDirectionalLaser","IllusionStar"],"picked":"BinaryStars","floor":7},{"not_picked":["OrrerysSun","OpenUniverse"],"picked":"CasketOfStar","floor":11},{"not_picked":["DeepEcoloBomb","MilkyWay"],"picked":"SuperPerseids","floor":13},{"not_picked":["NonDirectionalLaser","ShootingEcho","MeteoricShower"],"picked":"SKIP","floor":14},{"not_picked":["StarlightTyphoon+1","ShootingEcho"],"picked":"FairyDestructionRay+1","floor":18},{"not_picked":["SuperPerseids","ChargingUp+1","WitchLeyline"],"picked":"SKIP","floor":22},{"not_picked":["AbsoluteMagnitude","ShootingEcho","EventHorizon"],"picked":"SKIP","floor":24},{"not_picked":["WitchLeyline","GalacticHalo","DoubleSpark"],"picked":"SKIP","floor":27},{"not_picked":["ReplayTheSpireMod:Echoes of Time","infinitespire:UltimateForm"],"picked":"infinitespire:SealOfDarkness+","floor":30},{"not_picked":["EnergyFlow+1","GravityBeat","NonDirectionalLaser+1"],"picked":"SKIP","floor":35},{"not_picked":["6A","ChargeUpSpray+1"],"picked":"SprinkleStarSeal","floor":39}],"player_experience":108081,"relics_obtained":[{"floor":9,"key":"Vajra"},{"floor":11,"key":"beaked:ShinyBauble"},{"floor":24,"key":"infinitespire:Eraser"},{"floor":31,"key":"infinitespire:WardingShard"},{"floor":39,"key":"HandmadeGrimoire"}],"event_choices":[{"damage_healed":0,"gold_gain":0,"player_choice":"Disagree","damage_taken":0,"max_hp_gain":0,"max_hp_loss":0,"event_name":"conspire:LoneGhost","floor":3,"gold_loss":0},{"damage_healed":0,"gold_gain":30,"player_choice":"Searched \u00273\u0027 times","damage_taken":0,"relics_obtained":["Blood Vial"],"max_hp_gain":0,"max_hp_loss":0,"event_name":"Dead Adventurer","floor":7,"gold_loss":0},{"cards_removed":["Strike_MRS"],"damage_healed":0,"gold_gain":0,"player_choice":"Give","damage_taken":0,"max_hp_gain":0,"max_hp_loss":0,"event_name":"betterNote:BetterNote","floor":20,"gold_loss":0,"cards_obtained":["None"]},{"damage_healed":0,"gold_gain":0,"player_choice":"Bought 0 Potions","damage_taken":0,"max_hp_gain":0,"max_hp_loss":0,"event_name":"The Woman in Blue","floor":21,"gold_loss":0},{"cards_removed":["Strike_MRS"],"damage_healed":0,"gold_gain":0,"player_choice":"Removed Attack","damage_taken":0,"max_hp_gain":0,"max_hp_loss":0,"event_name":"Falling","floor":36,"gold_loss":0},{"damage_healed":0,"gold_gain":0,"player_choice":"Leave","damage_taken":0,"max_hp_gain":0,"max_hp_loss":0,"event_name":"conspire:Investor","floor":38,"gold_loss":0}],"is_beta":false,"boss_relics":[{"not_picked":["Replay:Ancient Bell","Replay:Bronze Core","Pandora\u0027s Box"]},{"not_picked":["Runic Pyramid","beaked:MawFillet"],"picked":"SacredBark"}],"items_purged_floors":[19],"is_endless":false,"potions_floor_spawned":[2,14,16,33,35],"killed_by":"3 Darklings","ascension_level":0}}