{"host":"qxeepl7ydvsgmfdb","time":1608706904,"event":{"mods":["AchievementEnabler","BaseMod","Colored Powertips","Minty Spire (QoL Compilation)","Quick Restart","slay the spire mod where everything is the same but ironclad has a cowboy hat"],"gold_per_floor":[117,117,1,15,38,38,71,81,81,99,99,129,129,129,129,259,259,280,305,305,318,318,318],"floor_reached":22,"playtime":795,"items_purged":[],"score":233,"play_id":"82cc7ffd-f32d-4006-89af-9af7ec361477","local_time":"20201223020144","is_ascension_mode":true,"campfire_choices":[{"data":"Chaos","floor":6.0,"key":"SMITH"},{"floor":11,"key":"REST"},{"floor":13,"key":"REST"},{"floor":15,"key":"REST"}],"circlet_count":0,"master_deck":["Strike_B","Strike_B","Strike_B","Strike_B","Defend_B","Defend_B","Defend_B","Defend_B","Zap","Dualcast","BootSequence","Defragment","Ball Lightning","Chaos+1","Auto Shields","Leap","Turbo+1"],"relics":["Cracked Core","Bag of Marbles","Pen Nib","Blood Vial","Gambling Chip","Orichalcum","Centennial Puzzle","Golden Idol","Inserter"],"acts_visited":["Exordium","TheCity"],"potions_floor_usage":[12,16,22],"damage_taken":[{"damage":4.0,"enemies":"Jaw Worm","floor":1.0,"turns":3.0},{"damage":2.0,"enemies":"2 Louse","floor":4.0,"turns":3.0},{"damage":48.0,"enemies":"3 Sentries","floor":7.0,"turns":8.0},{"damage":3,"enemies":"Cultist","floor":8,"turns":3},{"damage":5,"enemies":"Red Slaver","floor":10,"turns":4},{"damage":8,"enemies":"Lagavulin","floor":12,"turns":5},{"damage":24,"enemies":"The Guardian","floor":16,"turns":10},{"damage":28,"enemies":"Shell Parasite","floor":18,"turns":7},{"damage":6,"enemies":"Chosen","floor":19,"turns":4},{"damage":25,"enemies":"Centurion and Healer","floor":21,"turns":6},{"damage":25,"enemies":"3 Cultists","floor":22,"turns":4}],"seed_played":"246055599004372655","potions_obtained":[{"floor":1.0,"key":"SkillPotion"},{"floor":8,"key":"LiquidBronze"},{"floor":12,"key":"Swift Potion"},{"floor":21,"key":"SkillPotion"}],"is_trial":false,"path_per_floor":["M","?","$","M","T","R","E","M","T","M","R","E","R","?","R","B",null,"M","M","?","M","M"],"character_chosen":"DEFECT","items_purchased":["Defragment","Ball Lightning"],"campfire_rested":3,"item_purchase_floors":[3,3],"current_hp_per_floor":[71,71,71,69,69,69,23,22,22,19,41,35,57,39,61,39,75,47,43,43,20,0,0],"gold":318,"neow_bonus":"RANDOM_COMMON_RELIC","is_daily":false,"chose_seed":false,"campfire_upgraded":1,"win_rate":0.0,"timestamp":1608706904,"path_taken":["M","?","$","M","?","R","E","M","T","M","R","E","R","?","R","BOSS","M","M","?","?","M"],"items_purchased_type":["Card","Card"],"build_version":"2020-12-13","purchased_purges":0,"victory":false,"max_hp_per_floor":[75,75,75,75,75,75,75,75,75,75,75,75,75,75,75,75,75,75,75,75,75,75,75],"card_choices":[{"not_picked":["Capacitor","Sweeping Beam"],"picked":"BootSequence","floor":1.0},{"not_picked":["Stack","Sweeping Beam"],"picked":"Chaos","floor":4.0},{"not_picked":["Sunder","Go for the Eyes"],"picked":"Auto Shields","floor":7.0},{"not_picked":["Stack","Double Energy"],"picked":"Leap","floor":8},{"not_picked":["Rebound","Glacier","Stack"],"picked":"SKIP","floor":10},{"not_picked":["Heatsinks","Sunder","Rip and Tear"],"picked":"SKIP","floor":12},{"not_picked":["Loop","Barrage"],"picked":"Turbo+1","floor":18},{"not_picked":["Steam","Undo","Compile Driver"],"picked":"SKIP","floor":19},{"not_picked":["Reinforced Body","Skim","Hologram"],"picked":"SKIP","floor":21}],"player_experience":325404,"relics_obtained":[{"floor":5.0,"key":"Blood Vial"},{"floor":7.0,"key":"Gambling Chip"},{"floor":9,"key":"Orichalcum"},{"floor":12,"key":"Centennial Puzzle"}],"event_choices":[{"damage_healed":0.0,"max_hp_gain":0.0,"max_hp_loss":0.0,"gold_gain":0.0,"event_name":"Big Fish","player_choice":"Box","floor":2.0,"gold_loss":0.0,"damage_taken":0.0,"relics_obtained":["Pen Nib"],"cards_obtained":["Regret"]},{"damage_healed":0,"gold_gain":0,"player_choice":"Take Damage","damage_taken":18,"relics_obtained":["Golden Idol"],"max_hp_gain":0,"max_hp_loss":0,"event_name":"Golden Idol","floor":14,"gold_loss":0},{"cards_removed":["Regret"],"damage_healed":0,"gold_gain":0,"player_choice":"Removed Curses","damage_taken":0,"max_hp_gain":0,"max_hp_loss":0,"event_name":"Fountain of Cleansing","floor":20,"gold_loss":0}],"is_beta":false,"boss_relics":[{"not_picked":["Busted Crown","Fusion Hammer"],"picked":"Inserter"}],"items_purged_floors":[],"is_endless":false,"potions_floor_spawned":[1,8,12,21],"killed_by":"3 Cultists","ascension_level":4}}