{"host":"odz7g4gpgch153rb","time":1608754792,"event":{"mods":["AchievementEnabler","BaseMod","Better Match","Better Third Choice","BetterRewards","GifTheSpireLib","Infinite Spire","Jedi Mod","Minty Spire (QoL Compilation)","Quick Restart","Replay The Spire","Spikes Relics","StSLib","Stuff the Spire","The Blue Laboratory","Trackpad"],"gold_per_floor":[116,116,131,56,56,56,91,91,115,135,149,149,164,182,182,278,278,296,296,315,315,315,315,330,355,409,409,442,86,86,101,101,101,101],"floor_reached":33,"playtime":1559,"items_purged":["Strike_B","Defend_B","FIFO Queue+1"],"score":521,"play_id":"958cd009-6f2e-4475-8413-bf4bc218ff17","local_time":"20201223151952","is_ascension_mode":true,"campfire_choices":[{"data":"Dualcast","floor":6,"key":"SMITH"},{"data":"Leap","floor":8,"key":"SMITH"},{"data":"FIFO Queue","floor":12,"key":"SMITH"},{"data":"Tempest","floor":15,"key":"SMITH"},{"data":"ReplayTheSpireMod:Chaos Vortex","floor":23,"key":"SMITH"},{"floor":27,"key":"REST"},{"data":"Defend_B","floor":30,"key":"SMITH"},{"data":"Defend_B","floor":32,"key":"SMITH"}],"circlet_count":0,"master_deck":["AscendersBane","Strike_B+1","Strike_B+1","Defend_B","Defend_B+1","Defend_B+1","Zap+1","Dualcast+1","StuffTheSpire:Plugnplay","Leap+1","Tempest+1","ReplayTheSpireMod:Chaos Vortex+1","Doom and Gloom+1"],"relics":["Cracked Core","NeowsBlessing","Golden Idol","Singing Bowl","Whetstone","AncientExoskeleton","Omamori","Juzu Bracelet","Pen Nib","BargainBundle","Replay:Rubber Ducky"],"acts_visited":["Exordium","TheCity"],"potions_floor_usage":[16,16,20,20,29,33],"damage_taken":[{"damage":0,"enemies":"Jaw Worm","floor":1,"turns":1},{"damage":0,"enemies":"Small Slimes","floor":3,"turns":1},{"damage":0,"enemies":"3 Sentries","floor":7,"turns":1},{"damage":5,"enemies":"Cultist","floor":10,"turns":4},{"damage":3,"enemies":"Blue Slaver","floor":11,"turns":3},{"damage":0,"enemies":"Exordium Wildlife","floor":13,"turns":4},{"damage":7,"enemies":"2 Fungi Beasts","floor":14,"turns":4},{"damage":36,"enemies":"Hexaghost","floor":16,"turns":11},{"damage":4,"enemies":"Chosen","floor":18,"turns":4},{"damage":0,"enemies":"Spheric Guardian","floor":20,"turns":1},{"damage":9,"enemies":"Cultist and Chosen","floor":24,"turns":5},{"damage":10,"enemies":"Shelled Parasite and Fungi","floor":25,"turns":5},{"damage":2,"enemies":"Replay:Snechameleon","floor":28,"turns":5},{"damage":9,"enemies":"Centurion and Healer","floor":31,"turns":5},{"damage":81,"enemies":"Collector","floor":33,"turns":7}],"seed_played":"100962226911002068","potions_obtained":[{"floor":3,"key":"Elixir"},{"floor":7,"key":"Venom Potion"},{"floor":10,"key":"jedi:coolantleak"},{"floor":16,"key":"blueLaboratory:CorrosionFlask"},{"floor":18,"key":"blueLaboratory:RelayPotion"},{"floor":20,"key":"blueLaboratory:PyrophylliteBrew"},{"floor":24,"key":"FearPotion"}],"is_trial":false,"path_per_floor":["M","?","M","$","?","R","E","R","T","M","M","R","M","M","R","B",null,"M","?","M","AVR","?","R","M","M","T","R","E","$","R","M","R","B"],"character_chosen":"DEFECT","items_purchased":["BargainBundle","Fruit Juice","Replay:Rubber Ducky","Block Potion"],"campfire_rested":1,"item_purchase_floors":[29,29,29,29],"current_hp_per_floor":[64,47,47,47,47,47,49,49,49,46,43,43,43,38,38,4,60,58,58,60,60,60,60,53,45,45,71,71,76,76,67,67,0,0],"gold":101,"neow_bonus":"THREE_ENEMY_KILL","is_daily":false,"chose_seed":false,"campfire_upgraded":7,"win_rate":0.0,"timestamp":1608754792,"path_taken":["M","?","M","$","?","R","E","R","T","?","M","R","M","M","R","BOSS","M","?","M","AVR","?","R","M","?","T","R","E","$","R","M","R","BOSS"],"items_purchased_type":["Relic","Potion","Relic","Potion"],"build_version":"2020-12-22","purchased_purges":3,"victory":false,"max_hp_per_floor":[71,71,71,71,71,71,73,73,73,75,75,75,75,77,77,79,79,81,81,83,83,83,83,85,87,87,87,89,94,94,94,94,94,94],"card_choices":[{"not_picked":["StuffTheSpire:NuclearReactor","jedi:BurstLightning"],"picked":"StuffTheSpire:Plugnplay","floor":1},{"not_picked":["StuffTheSpire:Plugnplay","Storm"],"picked":"Leap","floor":3},{"not_picked":["Rebound","Reprogram","Panic Button"],"picked":"Singing Bowl","floor":7},{"not_picked":["Gash","Cold Snap","Streamline"],"picked":"Singing Bowl","floor":10},{"not_picked":["StuffTheSpire:Coldhearted","jedi:BurstFrost"],"picked":"FIFO Queue","floor":11},{"not_picked":["Cold Snap","Consume"],"picked":"Tempest","floor":13},{"not_picked":["Hologram","Darkness","Heatsinks"],"picked":"Singing Bowl","floor":14},{"not_picked":["Reboot","jedi:BurstDark","All For One"],"picked":"Singing Bowl","floor":16},{"not_picked":["jedi:BurstFrost","BasicCrystalCard","ReplayTheSpireMod:System Scan"],"picked":"Singing Bowl","floor":18},{"not_picked":["White Noise","Rebound","Storm"],"picked":"Singing Bowl","floor":20},{"not_picked":["jedi:BurstLightning","Cold Snap","jedi:blockon+1"],"picked":"Singing Bowl","floor":24},{"not_picked":["Panic Button","Stack","Heatsinks"],"picked":"Singing Bowl","floor":25},{"not_picked":["jedi:BurstDark","jedi:sharpshooter+1","Rip and Tear"],"picked":"Singing Bowl","floor":28},{"not_picked":["Panic Button+1","Hello World"],"picked":"Doom and Gloom+1","floor":31}],"player_experience":929947,"relics_obtained":[{"floor":7,"key":"Singing Bowl"},{"floor":9,"key":"Whetstone"},{"floor":26,"key":"Juzu Bracelet"},{"floor":28,"key":"Pen Nib"}],"event_choices":[{"damage_healed":0,"gold_gain":0,"player_choice":"Take Damage","damage_taken":17,"relics_obtained":["Golden Idol"],"max_hp_gain":0,"max_hp_loss":0,"event_name":"Golden Idol","floor":2,"gold_loss":0},{"damage_healed":0,"gold_gain":0,"player_choice":"Forge","damage_taken":0,"max_hp_gain":0,"max_hp_loss":0,"event_name":"Accursed Blacksmith","floor":5,"gold_loss":0,"cards_upgraded":["Zap"]},{"cards_removed":["Strike_B"],"damage_healed":0,"gold_gain":0,"player_choice":"Elegance","damage_taken":0,"max_hp_gain":0,"max_hp_loss":0,"event_name":"betterThird:BetterWriting","floor":19,"gold_loss":0},{"damage_healed":0,"gold_gain":0,"player_choice":"Ignored","damage_taken":0,"max_hp_gain":0,"max_hp_loss":0,"event_name":"Vampires","floor":22,"gold_loss":0}],"is_beta":false,"boss_relics":[{"not_picked":["Painkiller Herb","ReplayTheSpireMod:DimensionalGlitch"],"picked":"AncientExoskeleton"}],"items_purged_floors":[4,21,29],"is_endless":false,"potions_floor_spawned":[3,7,10,16,18,20,24],"killed_by":"Collector","ascension_level":14}}