{"host":"7o30bgpqouqblh42","time":1608736538,"event":{"mods":["AchievementEnabler","Aspiration","BaseMod","Colored Map","Downfall","Highlight Path","Minty Spire (QoL Compilation)","StSLib","SuperFastMode"],"gold_per_floor":[116,136,154,154,184,271,283,295,330,342,367,379,391,417,429,441,441],"floor_reached":16,"playtime":816,"items_purged":[],"score":101,"play_id":"419fb4f6-6d16-41e8-b69b-8a8f2050ae3b","local_time":"20201223101538","is_ascension_mode":true,"campfire_choices":[{"floor":7,"key":"RECALL"},{"data":"Leg Sweep","floor":10,"key":"SMITH"},{"data":"Dagger Throw","floor":12,"key":"SMITH"},{"floor":15,"key":"REST"}],"circlet_count":0,"master_deck":["Strike_G","Strike_G","Strike_G","Strike_G","Strike_G","Defend_G","Defend_G","Defend_G","Defend_G","Defend_G","Survivor","Neutralize","Leg Sweep+1","Underhanded Strike","Underhanded Strike","Regret","Flying Knee","Decay","Dagger Throw+1"],"relics":["Velvet Choker","MawBank","Lantern"],"acts_visited":["Exordium"],"potions_floor_usage":[5,11,16],"damage_taken":[{"damage":0,"enemies":"Cultist","floor":1,"turns":4},{"damage":0,"enemies":"Jaw Worm","floor":2,"turns":4},{"damage":0,"enemies":"2 Louse","floor":3,"turns":3},{"damage":5,"enemies":"Large Slime","floor":5,"turns":7},{"damage":7,"enemies":"Red Slaver","floor":11,"turns":3},{"damage":10,"enemies":"Blue Slaver","floor":14,"turns":4},{"damage":59,"enemies":"The Guardian","floor":16,"turns":11}],"seed_played":"-6729440910254208822","potions_obtained":[{"floor":2,"key":"PowerPotion"},{"floor":5,"key":"ColorlessPotion"},{"floor":11,"key":"Weak Potion"}],"is_trial":false,"path_per_floor":["M","M","M","?","M","?","R","?","T","R","M","R","$","M","R","B"],"character_chosen":"THE_SILENT","items_purchased":[],"campfire_rested":1,"item_purchase_floors":[],"current_hp_per_floor":[70,70,70,70,65,54,54,54,54,54,47,47,47,37,58,0,0],"gold":441,"neow_bonus":"BOSS_RELIC","is_daily":false,"chose_seed":false,"campfire_upgraded":2,"win_rate":0.0,"timestamp":1608736538,"path_taken":["M","M","?","?","M","?","R","?","T","R","M","R","$","?","R","BOSS"],"items_purchased_type":[],"build_version":"2020-12-22","purchased_purges":0,"victory":false,"max_hp_per_floor":[70,70,70,70,70,70,70,70,70,70,70,70,70,70,70,70,70],"card_choices":[{"not_picked":["Flying Knee","Outmaneuver"],"picked":"Leg Sweep","floor":1},{"not_picked":["Poisoned Stab","Acrobatics"],"picked":"Underhanded Strike","floor":2},{"not_picked":["Dagger Throw","Poisoned Stab"],"picked":"Underhanded Strike","floor":3},{"not_picked":["Slice","Underhanded Strike"],"picked":"Flying Knee","floor":5},{"not_picked":["Dash","Backstab"],"picked":"Dagger Throw","floor":11},{"not_picked":["Backflip","Infinite Blades","Cloak And Dagger"],"picked":"SKIP","floor":14}],"player_experience":104087,"relics_obtained":[{"floor":9,"key":"Lantern"}],"event_choices":[{"damage_healed":0,"gold_gain":0,"player_choice":"Box","damage_taken":0,"relics_obtained":["MawBank"],"max_hp_gain":0,"max_hp_loss":0,"event_name":"Big Fish","floor":4,"gold_loss":0,"cards_obtained":["Regret"]},{"damage_healed":0,"gold_gain":75,"player_choice":"Gather Gold","damage_taken":11,"max_hp_gain":0,"max_hp_loss":0,"event_name":"World of Goop","floor":6,"gold_loss":0},{"damage_healed":0,"gold_gain":0,"player_choice":"Cursed","damage_taken":0,"max_hp_gain":0,"max_hp_loss":0,"event_name":"Wheel of Change","floor":8,"gold_loss":0,"cards_obtained":["Decay"]}],"is_beta":false,"boss_relics":[],"items_purged_floors":[],"is_endless":false,"potions_floor_spawned":[2,5,11],"killed_by":"The Guardian","ascension_level":2}}