{"host":"a1eatafr7pisesky","time":1608719441,"event":{"mods":["BaseMod","Colored Map","DeckTracker","Highlight Path","Keyboard Shortcuts","Minty Spire (QoL Compilation)","Permanent Neow","Random Character Button","StSLib","SuperFastMode"],"gold_per_floor":[118,129,142,154,154,154,179,147,147,147,22,39,74,74,74,74,74],"floor_reached":16,"playtime":320,"items_purged":["Strike_R"],"score":168,"play_id":"95a08caf-1c25-4bb8-af6f-580ae17be508","local_time":"20201223193041","is_ascension_mode":true,"campfire_choices":[{"floor":6.0,"key":"REST"},{"floor":10.0,"key":"REST"},{"data":"Blood for Blood","floor":15.0,"key":"SMITH"}],"circlet_count":0,"master_deck":["AscendersBane","Strike_R","Strike_R","Defend_R","Defend_R","Defend_R","Bash","Wild Strike","Feel No Pain","Thunderclap","Armaments","Shrug It Off","Body Slam","Warcry","Double Tap","Blood for Blood+1","Entrench"],"relics":["Burning Blood","Lizard Tail","The Courier","Bottled Flame"],"acts_visited":["Exordium"],"potions_floor_usage":[],"damage_taken":[{"damage":10.0,"enemies":"Small Slimes","floor":1.0,"turns":2.0},{"damage":0.0,"enemies":"Cultist","floor":2.0,"turns":2.0},{"damage":9.0,"enemies":"2 Louse","floor":3.0,"turns":2.0},{"damage":39.0,"enemies":"Large Slime","floor":4.0,"turns":10.0},{"damage":22.0,"enemies":"Gremlin Nob","floor":7.0,"turns":4.0},{"damage":18.0,"enemies":"Exordium Thugs","floor":8.0,"turns":5.0},{"damage":11.0,"enemies":"2 Fungi Beasts","floor":12.0,"turns":3.0},{"damage":59.0,"enemies":"Lagavulin","floor":13.0,"turns":8.0},{"damage":0,"enemies":"Slime Boss","floor":16,"turns":1}],"seed_played":"-878632258400397530","potions_obtained":[{"floor":4.0,"key":"Fire Potion"},{"floor":13.0,"key":"FearPotion"}],"is_trial":false,"path_per_floor":["M","M","M","M","?","R","E","M","T","R","$","M","E","?","R","B"],"character_chosen":"IRONCLAD","items_purchased":["Blood for Blood"],"campfire_rested":2,"item_purchase_floors":[11],"current_hp_per_floor":[47,53,50,17,17,41,25,13,13,37,37,32,26,31,31,31,31],"gold":74,"neow_bonus":"TRANSFORM_TWO_CARDS","is_daily":false,"chose_seed":false,"campfire_upgraded":1,"win_rate":0.0,"timestamp":1608719441,"path_taken":["M","M","M","M","?","R","E","?","T","R","$","M","E","?","R","BOSS"],"items_purchased_type":["Card"],"build_version":"2020-12-22","purchased_purges":1,"victory":false,"max_hp_per_floor":[80,80,80,80,80,80,80,80,80,80,80,80,80,85,85,85,85],"card_choices":[{"not_picked":["Thunderclap","Heavy Blade","Whirlwind"],"picked":"SKIP","floor":1.0},{"not_picked":["Heavy Blade","Whirlwind"],"picked":"Thunderclap","floor":1.0},{"not_picked":["Combust","Clash"],"picked":"Armaments","floor":2.0},{"not_picked":["Rage","Rampage"],"picked":"Shrug It Off","floor":3.0},{"not_picked":["Sever Soul","Rage"],"picked":"Body Slam","floor":4.0},{"not_picked":["Combust","Pommel Strike"],"picked":"Warcry","floor":7.0},{"not_picked":["Bloodletting","Rupture"],"picked":"Double Tap","floor":8.0},{"not_picked":["Dark Embrace","Thunderclap","Iron Wave"],"picked":"SKIP","floor":12.0},{"not_picked":["Whirlwind","Clash"],"picked":"Entrench","floor":13.0}],"player_experience":239391,"relics_obtained":[{"floor":7.0,"key":"Lizard Tail"},{"floor":9.0,"key":"The Courier"},{"floor":13.0,"key":"Bottled Flame"}],"event_choices":[{"cards_removed":["Strike_R"],"damage_healed":0.0,"max_hp_gain":0.0,"max_hp_loss":0.0,"gold_gain":0.0,"event_name":"Purifier","player_choice":"Purged","floor":5.0,"gold_loss":0.0,"damage_taken":0.0},{"damage_healed":0.0,"max_hp_gain":5.0,"max_hp_loss":0.0,"gold_gain":0.0,"event_name":"Big Fish","player_choice":"Donut","floor":14.0,"gold_loss":0.0,"damage_taken":0.0}],"is_beta":false,"boss_relics":[],"items_purged_floors":[11],"is_endless":false,"potions_floor_spawned":[4,13],"killed_by":"Slime Boss","ascension_level":10}}