{"host":"28p8ce41sjwa6lzf","time":1608737300,"event":{"mods":["BaseMod","Colored Map","Colored Powertips","Highlight Path","Minty Spire (QoL Compilation)","Permanent Neow","Quick Restart","Random Character Button","Rare Cards Sparkle","Relic Stats","StSLib","Unceasing Turn Reminder"],"gold_per_floor":[16,28,40,59,77,109,109,109,134,134,153,180,196,222,222,299,299,274,48,67,67,86,86,106,106,106],"floor_reached":25,"playtime":2575,"items_purged":["Zap"],"score":504,"play_id":"a468edbb-6b49-4af2-8947-3a5da5e45f53","local_time":"20201223092820","is_ascension_mode":true,"campfire_choices":[{"data":"Streamline","floor":8.0,"key":"SMITH"},{"floor":10.0,"key":"REST"},{"floor":15.0,"key":"REST"},{"data":"Recycle","floor":23.0,"key":"SMITH"}],"circlet_count":0,"master_deck":["AscendersBane","Dualcast","Echo Form","Coolheaded","Sweeping Beam","Turbo","Undo","Streamline+1","Glacier","Capacitor","Recycle+1","Skim","Rainbow","Compile Driver","Buffer","White Noise"],"relics":["Cracked Core","Ancient Tea Set","Pen Nib","Vajra","Blood Vial","Pandora\u0027s Box"],"acts_visited":["Exordium","TheCity"],"potions_floor_usage":[25,25],"damage_taken":[{"damage":1.0,"enemies":"Cultist","floor":1.0,"turns":4.0},{"damage":1.0,"enemies":"Small Slimes","floor":2.0,"turns":3.0},{"damage":9.0,"enemies":"Jaw Worm","floor":3.0,"turns":5.0},{"damage":10.0,"enemies":"Looter","floor":4.0,"turns":4.0},{"damage":0.0,"enemies":"Lots of Slimes","floor":5.0,"turns":2.0},{"damage":20.0,"enemies":"3 Sentries","floor":6.0,"turns":5.0},{"damage":6.0,"enemies":"Large Slime","floor":11.0,"turns":5.0},{"damage":0.0,"enemies":"Lagavulin","floor":12.0,"turns":7.0},{"damage":0.0,"enemies":"Blue Slaver","floor":13.0,"turns":6.0},{"damage":11.0,"enemies":"Gremlin Nob","floor":14.0,"turns":3.0},{"damage":42.0,"enemies":"Hexaghost","floor":16.0,"turns":13.0},{"damage":16.0,"enemies":"2 Thieves","floor":18.0,"turns":5.0},{"damage":0.0,"enemies":"Chosen","floor":20.0,"turns":6.0},{"damage":23.0,"enemies":"Centurion and Healer","floor":22.0,"turns":9.0},{"damage":4.0,"enemies":"Sentry and Sphere","floor":24.0,"turns":7.0},{"damage":37,"enemies":"Slavers","floor":25,"turns":3}],"seed_played":"1552822908498702405","potions_obtained":[{"floor":3.0,"key":"BlessingOfTheForge"},{"floor":4.0,"key":"Weak Potion"},{"floor":6.0,"key":"Ancient Potion"},{"floor":13.0,"key":"DuplicationPotion"},{"floor":16.0,"key":"Weak Potion"},{"floor":18.0,"key":"LiquidMemories"}],"is_trial":false,"path_per_floor":["M","M","M","M","M","E","?","R","T","R","M","E","M","E","R","B",null,"M","$","M","?","M","R","M","E"],"character_chosen":"DEFECT","items_purchased":["Buffer"],"campfire_rested":2,"item_purchase_floors":[19],"current_hp_per_floor":[63,62,53,43,43,23,12,12,12,33,27,27,29,20,41,1,54,40,40,42,42,21,21,19,0,0],"gold":106,"neow_bonus":"THREE_RARE_CARDS","is_daily":false,"chose_seed":false,"campfire_upgraded":2,"win_rate":0.0,"timestamp":1608737300,"path_taken":["M","M","M","M","?","E","?","R","T","R","M","E","M","E","R","BOSS","M","$","M","?","M","R","M","E"],"items_purchased_type":["Card"],"build_version":"2020-12-22","purchased_purges":1,"victory":false,"max_hp_per_floor":[71,71,71,71,71,71,71,71,71,71,71,71,71,71,71,71,71,71,71,71,71,71,71,71,71,71],"relic_stats":{"Blood Vial":16,"counters":[16,87],"Pandora\u0027s Box":["Streamline","Steam Power","Fission","Loop","Steam","Melter","Fission","BootSequence"],"Pen Nib":[6],"obtain_stats":[{"Blood Vial":12,"Vajra":9,"Pandora\u0027s Box":17,"Pen Nib":7,"Cracked Core":0,"Ancient Tea Set":6},{"Blood Vial":8,"Vajra":6,"Pandora\u0027s Box":11,"Pen Nib":6,"Cracked Core":0,"Ancient Tea Set":6},{"Blood Vial":35,"Vajra":23,"Pandora\u0027s Box":57,"Pen Nib":23,"Cracked Core":0,"Ancient Tea Set":23}]},"card_choices":[{"not_picked":["Fission","Meteor Strike"],"picked":"Echo Form","floor":0.0},{"not_picked":["Go for the Eyes","Melter"],"picked":"Coolheaded","floor":1.0},{"not_picked":["Stack","BootSequence"],"picked":"Sweeping Beam","floor":2.0},{"not_picked":["Steam","Consume"],"picked":"Turbo","floor":3.0},{"not_picked":["Coolheaded","Biased Cognition"],"picked":"Undo","floor":4.0},{"not_picked":["Cold Snap","Gash"],"picked":"Streamline","floor":5.0},{"not_picked":["Amplify","Static Discharge"],"picked":"Glacier","floor":6.0},{"not_picked":["Auto Shields","Chill"],"picked":"Capacitor","floor":11.0},{"not_picked":["FTL","Sweeping Beam"],"picked":"Recycle","floor":12.0},{"not_picked":["Streamline","Go for the Eyes","Gash"],"picked":"SKIP","floor":13.0},{"not_picked":["Gash","BootSequence"],"picked":"Skim","floor":14.0},{"not_picked":["Creative AI","Reboot"],"picked":"Rainbow","floor":16.0},{"not_picked":["Storm","Chill"],"picked":"Compile Driver","floor":18.0},{"not_picked":["Force Field+1","Steam","Stack"],"picked":"SKIP","floor":20.0},{"not_picked":["Glacier","Beam Cell","Auto Shields"],"picked":"SKIP","floor":22.0},{"not_picked":["Recycle","Coolheaded","Stack"],"picked":"SKIP","floor":24.0}],"player_experience":1022879,"relics_obtained":[{"floor":6.0,"key":"Ancient Tea Set"},{"floor":9.0,"key":"Vajra"},{"floor":12.0,"key":"Blood Vial"}],"event_choices":[{"damage_healed":0.0,"max_hp_gain":0.0,"max_hp_loss":0.0,"gold_gain":0.0,"event_name":"Scrap Ooze","player_choice":"Success","floor":7.0,"gold_loss":0.0,"damage_taken":11.0,"relics_obtained":["Pen Nib"]},{"damage_healed":0.0,"max_hp_gain":0.0,"max_hp_loss":0.0,"gold_gain":0.0,"event_name":"The Library","player_choice":"Read","floor":21.0,"gold_loss":0.0,"damage_taken":0.0,"cards_obtained":["White Noise"]}],"is_beta":false,"boss_relics":[{"not_picked":["FrozenCore","Velvet Choker"],"picked":"Pandora\u0027s Box"}],"items_purged_floors":[19],"is_endless":false,"potions_floor_spawned":[3,4,6,13,16,18],"killed_by":"Slavers","ascension_level":20}}