{"host":"ye7dkdlypz0ka1od","time":1608765150,"event":{"mods":["Act Like it!","Aspiration","BaseMod","Better Third Choice","Gensokyo","Hallownest","Hubris","Infinite Spire","Marisa????????","Minty Spire (QoL Compilation)","Replay The Spire","StSLib","The Runesmith"],"gold_per_floor":[112,112,127,127,127,127,16,28,55,73,73,88,58,78,78,178,178,198,198,26,26,34,34,34,34,34,34,58,75,95,95,95,111,111,111,111],"floor_reached":35,"playtime":1360,"items_purged":["Injury","Runesmith:Strike_RS"],"score":247,"play_id":"a611e309-b3f9-4c0d-8458-946713acb040","local_time":"20201223181230","is_ascension_mode":false,"campfire_choices":[{"data":"Runesmith:Fortify","floor":6,"key":"SMITH"},{"data":"Runesmith:HeatExchange","floor":11,"key":"SMITH"},{"floor":15,"key":"REST"},{"floor":25,"key":"REST"},{"data":"Runesmith:CraftFirestone","floor":27,"key":"SMITH"},{"floor":34,"key":"REST"}],"circlet_count":0,"master_deck":["Runesmith:Strike_RS","Runesmith:Strike_RS","Runesmith:Strike_RS","Runesmith:Defend_RS","Runesmith:Defend_RS","Runesmith:Defend_RS","Runesmith:CraftFirestone+1","Runesmith:Fortify+1","Runesmith:GoWithTheFlow","Runesmith:HeatExchange+1","Runesmith:CraftProtectio","Runesmith:Grindstone+1","Runesmith:CraftPrismatica+1","Runesmith:EarthShield+1","Runesmith:Supernova+1","AbeCurse","Runesmith:FieryHammer","Runesmith:LithiumIon","Runesmith:CraftIncendium+1","Runesmith:CraftObretio+1"],"relics":["Runesmith:BrokenRuby","Calipers","Toxic Egg 2","Juzu Bracelet","Abe\u0027s Treasure","MutagenicStrength","infinitespire:Satchel","ReplayTheSpireMod:TigerMarble"],"acts_visited":["Exordium","TheCity"],"potions_floor_usage":[29,33],"damage_taken":[{"damage":3,"enemies":"Small Slimes","floor":1,"turns":3},{"damage":6,"enemies":"Jaw Worm","floor":3,"turns":3},{"damage":0,"enemies":"2 Louse","floor":8,"turns":2},{"damage":7,"enemies":"Blue Slaver","floor":10,"turns":4},{"damage":10,"enemies":"3 Louse","floor":12,"turns":3},{"damage":0,"enemies":"Looter","floor":13,"turns":4},{"damage":1,"enemies":"Blue Slaver","floor":14,"turns":4},{"damage":9,"enemies":"The Guardian","floor":16,"turns":11},{"damage":12,"enemies":"Spheric Guardian","floor":18,"turns":6},{"damage":20,"enemies":"2 Thieves","floor":22,"turns":4},{"damage":23,"enemies":"Snecko","floor":29,"turns":7},{"damage":21,"enemies":"Snake Plant","floor":30,"turns":5},{"damage":1,"enemies":"Centurion and Healer","floor":33,"turns":5},{"damage":59,"enemies":"Collector","floor":35,"turns":5}],"seed_played":"4846437462953032152","potions_obtained":[{"floor":12,"key":"Venom Potion"},{"floor":16,"key":"Regen Potion"},{"floor":22,"key":"Regen Potion"}],"is_trial":false,"path_per_floor":["M","?","M","?","?","R","$","M","T","M","R","M","M","M","R","B",null,"M","?","$","?","M","PTL","PTL","R","?","R","T","M","M","T","?","M","R","B"],"character_chosen":"RUNESMITH_CLASS","items_purchased":["Runesmith:Grindstone+1","Runesmith:LithiumIon"],"campfire_rested":3,"item_purchase_floors":[7,20],"current_hp_per_floor":[67,67,61,52,52,52,52,52,52,45,45,35,35,34,55,46,70,58,58,58,58,38,38,38,59,59,59,59,50,29,29,16,29,51,0,0],"gold":111,"neow_bonus":"THREE_CARDS","is_daily":false,"chose_seed":false,"campfire_upgraded":3,"win_rate":0.0,"timestamp":1608765150,"path_taken":["M","?","M","?","?","R","?","M","T","M","R","M","M","M","R","BOSS","M","?","$","?","M","PTL","PTL","R","?","R","T","M","M","?","?","M","R","BOSS"],"items_purchased_type":["Card","Card"],"build_version":"2020-12-22","purchased_purges":2,"victory":false,"max_hp_per_floor":[70,70,70,70,70,70,70,70,70,70,70,70,70,70,70,70,70,70,70,70,70,70,70,70,70,70,70,70,70,70,70,75,75,75,75,75],"card_choices":[{"not_picked":["Runesmith:MakeshiftArmor","Runesmith:CraftProtectio"],"picked":"Runesmith:GoWithTheFlow","floor":0},{"not_picked":["Runesmith:Overpower","Runesmith:EnergizedChisel"],"picked":"Runesmith:HeatExchange","floor":1},{"not_picked":["Runesmith:HeatedChisel","Runesmith:CraftSpiculum"],"picked":"Runesmith:CraftProtectio","floor":3},{"not_picked":["Runesmith:Electrocute","Runesmith:ChaoticBlast"],"picked":"Runesmith:CraftPrismatica+1","floor":8},{"not_picked":["Runesmith:FrozenChisel","Runesmith:HammerThrow","Runesmith:CraftMagma+1"],"picked":"SKIP","floor":10},{"not_picked":["Runesmith:EnergizedChisel","Runesmith:UnstableHammer","Runesmith:CraftSpiculum+1"],"picked":"SKIP","floor":12},{"not_picked":["Runesmith:CraftProtectio+1","Runesmith:UnstableHammer","Runesmith:CraftSpiculum+1"],"picked":"SKIP","floor":13},{"not_picked":["Runesmith:Augment+1","Runesmith:RuneHurl"],"picked":"Runesmith:EarthShield+1","floor":14},{"not_picked":["Runesmith:CraftMedicinae+1","Runesmith:GenerateForcefield+1"],"picked":"Runesmith:Supernova+1","floor":16},{"not_picked":["Runesmith:ShiftingStrike","Runesmith:WhiteBalance"],"picked":"Runesmith:FieryHammer","floor":18},{"not_picked":["Runesmith:CraftReservo+1","Runesmith:EnergizedChisel"],"picked":"Runesmith:CraftIncendium+1","floor":22},{"not_picked":["Runesmith:Firewall+1","Runesmith:MakeshiftArmor+1","Runesmith:ChiselStab"],"picked":"SKIP","floor":29},{"not_picked":["Runesmith:FieryHammer+1","Runesmith:Empowerment+1","Runesmith:CraftProtectio+1"],"picked":"SKIP","floor":30},{"not_picked":["Runesmith:FrozenChisel","Runesmith:CraftVitae+1"],"picked":"Runesmith:CraftObretio+1","floor":33}],"player_experience":1386562,"relics_obtained":[{"floor":9,"key":"Juzu Bracelet"},{"floor":28,"key":"infinitespire:Satchel"},{"floor":31,"key":"ReplayTheSpireMod:TigerMarble"}],"event_choices":[{"damage_healed":0,"gold_gain":0,"player_choice":"Relic ","damage_taken":9,"max_hp_gain":0,"max_hp_loss":0,"event_name":"betterThird:BetterScrap","floor":4,"gold_loss":0,"cards_obtained":["Searing Blow"]},{"damage_healed":0,"gold_gain":0,"player_choice":"Inject Mutagens","damage_taken":0,"relics_obtained":["MutagenicStrength"],"max_hp_gain":0,"max_hp_loss":0,"event_name":"Drug Dealer","floor":19,"gold_loss":0},{"cards_removed":["Runesmith:Defend_RS"],"damage_healed":0,"gold_gain":0,"player_choice":"Elegance","damage_taken":0,"max_hp_gain":0,"max_hp_loss":0,"event_name":"betterThird:BetterWriting","floor":21,"gold_loss":0},{"damage_healed":0,"gold_gain":0,"player_choice":"Shed Blood","damage_taken":18,"max_hp_gain":5,"max_hp_loss":0,"event_name":"Forgotten Altar","floor":32,"gold_loss":0}],"is_beta":false,"boss_relics":[{"not_picked":["aspiration:SecretTechniqueScroll","Astrolabe"],"picked":"Abe\u0027s Treasure"}],"items_purged_floors":[7,20],"is_endless":false,"potions_floor_spawned":[12,16,22],"killed_by":"Collector","ascension_level":0}}