{"host":"j06fkfseroga8i8e","time":1608759407,"event":{"mods":["BaseMod","Bestiary","Colored Map","Colored Powertips","Minty Spire (QoL Compilation)","Relic Stats","StSLib","everything is the same but u backflip on backflip"],"gold_per_floor":[115,190,210,210,227,255,255,286,286,251,251,282,282,295,295,295,295],"floor_reached":16,"playtime":340,"items_purged":[],"score":183,"play_id":"bbd47819-6425-4192-81fa-7d5013f36bf6","local_time":"20201223163647","is_ascension_mode":true,"campfire_choices":[{"floor":7,"key":"REST"},{"data":"Streamline","floor":11,"key":"SMITH"},{"data":"Genetic Algorithm","floor":15,"key":"SMITH"}],"circlet_count":0,"master_deck":["AscendersBane","Strike_B","Strike_B","Strike_B","Defend_B","Defend_B","Defend_B","Defend_B","Zap","Dualcast","Streamline+1","Conserve Battery","Redo","Ball Lightning","Hello World","Loop","Genetic Algorithm+1"],"relics":["Cracked Core","Smiling Mask","Question Card","Eternal Feather","Meat on the Bone","PreservedInsect"],"acts_visited":["Exordium"],"potions_floor_usage":[8,16],"damage_taken":[{"damage":0,"enemies":"Small Slimes","floor":1,"turns":3},{"damage":0,"enemies":"2 Louse","floor":3,"turns":2},{"damage":0,"enemies":"Cultist","floor":5,"turns":3},{"damage":28,"enemies":"Lagavulin","floor":6,"turns":7},{"damage":12,"enemies":"Gremlin Nob","floor":8,"turns":4},{"damage":35,"enemies":"Lagavulin","floor":12,"turns":6},{"damage":16,"enemies":"Looter","floor":14,"turns":3},{"damage":59,"enemies":"Slime Boss","floor":16,"turns":9}],"seed_played":"-4185886510883826710","potions_obtained":[{"floor":3,"key":"Explosive Potion"},{"floor":8,"key":"Weak Potion"}],"is_trial":false,"path_per_floor":["M","?","M","?","M","E","R","E","T","?","R","E","?","M","R","B"],"character_chosen":"DEFECT","items_purchased":[],"campfire_rested":1,"item_purchase_floors":[],"current_hp_per_floor":[68,57,57,62,62,34,58,46,46,66,75,52,52,48,57,0,0],"gold":295,"neow_bonus":"RANDOM_COMMON_RELIC","is_daily":false,"chose_seed":false,"campfire_upgraded":2,"win_rate":0.0,"timestamp":1608759407,"path_taken":["M","?","M","?","M","E","R","E","T","?","R","E","?","?","R","BOSS"],"items_purchased_type":[],"build_version":"2020-12-22","purchased_purges":0,"victory":false,"max_hp_per_floor":[75,75,75,80,80,80,80,80,80,80,80,80,80,80,80,80,80],"relic_stats":{"counters":[8,37],"Eternal Feather":18,"PreservedInsect":0,"Smiling Mask":0,"Question Card":3,"obtain_stats":[{"Eternal Feather":8,"PreservedInsect":12,"Cracked Core":0,"Smiling Mask":0,"Question Card":6,"Meat on the Bone":9},{"Eternal Feather":5,"PreservedInsect":6,"Cracked Core":0,"Smiling Mask":0,"Question Card":4,"Meat on the Bone":5},{"Eternal Feather":19,"PreservedInsect":25,"Cracked Core":0,"Smiling Mask":0,"Question Card":15,"Meat on the Bone":19}],"Meat on the Bone":24},"card_choices":[{"not_picked":["Conserve Battery","Turbo"],"picked":"Streamline","floor":1},{"not_picked":["Storm","Barrage"],"picked":"Conserve Battery","floor":3},{"not_picked":["Beam Cell","Barrage"],"picked":"Redo","floor":5},{"not_picked":["Meteor Strike","Steam Power"],"picked":"Ball Lightning","floor":6},{"not_picked":["Steam","Reinforced Body","Stack"],"picked":"Hello World","floor":8},{"not_picked":["Machine Learning","Lockon","Skim"],"picked":"Loop","floor":12},{"not_picked":["Undo","Redo","Stack","Conserve Battery"],"picked":"SKIP","floor":14}],"player_experience":556209,"relics_obtained":[{"floor":6,"key":"Question Card"},{"floor":8,"key":"Eternal Feather"},{"floor":9,"key":"Meat on the Bone"},{"floor":12,"key":"PreservedInsect"}],"event_choices":[{"damage_healed":0,"gold_gain":75,"player_choice":"Gather Gold","damage_taken":11,"max_hp_gain":0,"max_hp_loss":0,"event_name":"World of Goop","floor":2,"gold_loss":0},{"damage_healed":0,"gold_gain":0,"player_choice":"Donut","damage_taken":0,"max_hp_gain":5,"max_hp_loss":0,"event_name":"Big Fish","floor":4,"gold_loss":0},{"damage_healed":20,"gold_gain":0,"player_choice":"Healed","damage_taken":0,"max_hp_gain":0,"max_hp_loss":0,"event_name":"The Cleric","floor":10,"gold_loss":35},{"damage_healed":0,"gold_gain":0,"cards_transformed":["Strike_B"],"player_choice":"Transformed","damage_taken":0,"max_hp_gain":0,"max_hp_loss":0,"event_name":"Transmorgrifier","floor":13,"gold_loss":0,"cards_obtained":["Genetic Algorithm"]}],"is_beta":false,"boss_relics":[],"items_purged_floors":[],"is_endless":false,"potions_floor_spawned":[3,8],"killed_by":"Slime Boss","ascension_level":11}}