{"host":"vumwfieg2b2mnrfl","time":1608702718,"event":{"mods":["AchievementEnabler","BaseMod","Minty Spire (QoL Compilation)","Rare Cards Sparkle","Relic Stats"],"gold_per_floor":[119,119,139,159,109,139,139,169,193,193,39,66,82,102,102,205,205,217,233,72,72,87,112,112,140,140,140,65,65,93,111,111,207,207,226,237,237,256,267,294,309,309,309,309,309,309,322,332,332,332,332,332,129,156,156,156],"floor_reached":55,"playtime":5368,"items_purged":["Doubt"],"score":1160,"play_id":"74e4a4df-572c-431c-b712-1c0ab940e627","local_time":"20201222235158","is_ascension_mode":true,"campfire_choices":[{"data":"Berserk","floor":7.0,"key":"SMITH"},{"data":"Rampage","floor":10.0,"key":"SMITH"},{"floor":15.0,"key":"REST"},{"data":"Double Tap","floor":24.0,"key":"SMITH"},{"floor":32.0,"key":"REST"},{"floor":45.0,"key":"RECALL"},{"data":"Juggernaut","floor":49.0,"key":"SMITH"},{"data":"Juggernaut","floor":52.0,"key":"SMITH"}],"circlet_count":0,"master_deck":["AscendersBane","Strike_R","Strike_R","Strike_R","Defend_R","Defend_R","Defend_R","Bash+1","Flame Barrier+1","Cleave","Clothesline","Berserk+1","Rampage+1","Evolve","Headbutt","Barricade","Armaments+1","Juggernaut+1","Headbutt","Double Tap+1","Entrench","Juggernaut+1","Body Slam","Flame Barrier","Trip"],"relics":["Burning Blood","Blood Vial","Strawberry","Juzu Bracelet","Oddly Smooth Stone","PreservedInsect","HornCleat","Snecko Eye","MutagenicStrength","Pear","Red Mask","Bottled Flame","Pocketwatch","Smiling Mask","Sozu","Red Skull","Charon\u0027s Ashes","ClockworkSouvenir","StrikeDummy"],"acts_visited":["Exordium","TheCity","TheBeyond","TheEnding"],"potions_floor_usage":[55],"damage_taken":[{"damage":7.0,"enemies":"2 Louse","floor":1.0,"turns":4.0},{"damage":0.0,"enemies":"Jaw Worm","floor":3.0,"turns":3.0},{"damage":6.0,"enemies":"Cultist","floor":4.0,"turns":3.0},{"damage":10.0,"enemies":"3 Sentries","floor":6.0,"turns":7.0},{"damage":15.0,"enemies":"Lagavulin","floor":8.0,"turns":7.0},{"damage":28.0,"enemies":"Gremlin Nob","floor":12.0,"turns":4.0},{"damage":14.0,"enemies":"Exordium Wildlife","floor":13.0,"turns":4.0},{"damage":11.0,"enemies":"Exordium Thugs","floor":14.0,"turns":4.0},{"damage":32.0,"enemies":"Slime Boss","floor":16.0,"turns":8.0},{"damage":12.0,"enemies":"Shell Parasite","floor":18.0,"turns":5.0},{"damage":7.0,"enemies":"Spheric Guardian","floor":19.0,"turns":5.0},{"damage":18.0,"enemies":"Snake Plant","floor":22.0,"turns":4.0},{"damage":15.0,"enemies":"Book of Stabbing","floor":23.0,"turns":5.0},{"damage":11.0,"enemies":"Masked Bandits","floor":25.0,"turns":5.0},{"damage":27.0,"enemies":"Slavers","floor":30.0,"turns":4.0},{"damage":2.0,"enemies":"Cultist and Chosen","floor":31.0,"turns":6.0},{"damage":10.0,"enemies":"Automaton","floor":33.0,"turns":11.0},{"damage":11.0,"enemies":"Orb Walker","floor":35.0,"turns":3.0},{"damage":5.0,"enemies":"3 Darklings","floor":36.0,"turns":11.0},{"damage":0.0,"enemies":"Writhing Mass","floor":38.0,"turns":6.0},{"damage":13.0,"enemies":"Spire Growth","floor":39.0,"turns":4.0},{"damage":79.0,"enemies":"Reptomancer","floor":40.0,"turns":9.0},{"damage":22.0,"enemies":"Sphere and 2 Shapes","floor":41.0,"turns":7.0},{"damage":0.0,"enemies":"Maw","floor":47.0,"turns":6.0},{"damage":9.0,"enemies":"Writhing Mass","floor":48.0,"turns":7.0},{"damage":16.0,"enemies":"Donu and Deca","floor":50.0,"turns":11.0},{"damage":91,"enemies":"Shield and Spear","floor":54,"turns":8},{"damage":38,"enemies":"The Heart","floor":55,"turns":3}],"seed_played":"-8398898242960513117","potions_obtained":[{"floor":3.0,"key":"LiquidBronze"},{"floor":6.0,"key":"Energy Potion"},{"floor":13.0,"key":"DistilledChaos"},{"floor":14.0,"key":"BloodPotion"}],"is_trial":false,"path_per_floor":["M","?","M","M","?","E","R","E","T","R","$","E","M","M","R","B",null,"M","M","$","?","M","E","R","?","T","?","?","T","E","M","R","B",null,"M","M","?","M","M","E","M","T","T","?","R","?","M","M","R","B",null,"R","$","E","B"],"character_chosen":"IRONCLAD","items_purchased":["PreservedInsect","Juggernaut","Headbutt","ClockworkSouvenir"],"campfire_rested":2,"item_purchase_floors":[11,20,20,53],"current_hp_per_floor":[73,57,65,67,67,72,72,65,65,65,65,45,39,36,62,38,75,71,72,72,72,62,65,65,62,62,62,62,62,43,49,78,76,92,89,92,92,97,90,38,24,24,24,97,97,92,97,94,94,86,94,94,94,11,0,0],"gold":156,"neow_bonus":"RANDOM_COMMON_RELIC","is_daily":false,"chose_seed":false,"campfire_upgraded":5,"win_rate":0.0,"timestamp":1608702718,"path_taken":["M","?","M","M","?","E","R","E","T","R","?","E","M","M","R","BOSS","M","M","$","?","M","E","R","?","T","?","?","?","E","M","R","BOSS","M","M","?","M","M","E","M","?","T","?","R","?","M","M","R","BOSS","R","$","E","BOSS"],"items_purchased_type":["Relic","Card","Card","Relic"],"build_version":"2020-12-13","purchased_purges":1,"victory":false,"max_hp_per_floor":[80,80,80,80,80,87,87,87,87,87,87,87,87,87,87,87,87,87,87,87,87,87,97,97,97,97,97,97,97,97,97,97,97,97,97,97,97,97,97,97,97,97,97,97,97,97,97,97,97,97,97,97,97,97,97,97],"relic_stats":{"Blood Vial":52,"Sozu":2,"counters":[28,164],"Snecko Eye":[225,262,211,207],"PreservedInsect":258,"Charon\u0027s Ashes":[51],"Juzu Bracelet":1,"Smiling Mask":25,"obtain_stats":[{"Pear":23,"Oddly Smooth Stone":9,"PreservedInsect":11,"Charon\u0027s Ashes":43,"Juzu Bracelet":8,"Smiling Mask":30,"Burning Blood":0,"ClockworkSouvenir":53,"Blood Vial":0,"Sozu":34,"Bottled Flame":26,"HornCleat":12,"Strawberry":6,"MutagenicStrength":21,"Snecko Eye":17,"Red Mask":25,"StrikeDummy":54,"Red Skull":40,"Pocketwatch":29},{"Pear":13,"Oddly Smooth Stone":5,"PreservedInsect":5,"Charon\u0027s Ashes":23,"Juzu Bracelet":5,"Smiling Mask":15,"Burning Blood":0,"ClockworkSouvenir":26,"Blood Vial":0,"Sozu":17,"Bottled Flame":14,"HornCleat":6,"Strawberry":4,"MutagenicStrength":11,"Snecko Eye":9,"Red Mask":14,"StrikeDummy":27,"Red Skull":22,"Pocketwatch":14},{"Pear":63,"Oddly Smooth Stone":24,"PreservedInsect":24,"Charon\u0027s Ashes":129,"Juzu Bracelet":24,"Smiling Mask":72,"Burning Blood":0,"ClockworkSouvenir":153,"Blood Vial":0,"Sozu":89,"Bottled Flame":68,"HornCleat":28,"Strawberry":17,"MutagenicStrength":54,"Snecko Eye":44,"Red Mask":68,"StrikeDummy":161,"Red Skull":122,"Pocketwatch":68}],"Burning Blood":156,"Pocketwatch":[126]},"card_choices":[{"not_picked":["True Grit","Heavy Blade"],"picked":"Flame Barrier","floor":1.0},{"not_picked":["Anger","Havoc"],"picked":"Cleave","floor":3.0},{"not_picked":["Pommel Strike","Sentinel"],"picked":"Clothesline","floor":4.0},{"not_picked":["Perfected Strike","Clothesline"],"picked":"Berserk","floor":6.0},{"not_picked":["Twin Strike","Sentinel"],"picked":"Rampage","floor":8.0},{"not_picked":["Havoc","True Grit","Flex"],"picked":"SKIP","floor":12.0},{"not_picked":["Havoc","True Grit","Flex"],"picked":"SKIP","floor":12.0},{"not_picked":["Twin Strike","Metallicize"],"picked":"Evolve","floor":13.0},{"not_picked":["Carnage","Iron Wave"],"picked":"Headbutt","floor":14.0},{"not_picked":["Corruption","Impervious"],"picked":"Barricade","floor":16.0},{"not_picked":["Seeing Red","Warcry"],"picked":"Armaments+1","floor":18.0},{"not_picked":["Flex","Evolve"],"picked":"Battle Trance+1","floor":19.0},{"not_picked":["Clash","Heavy Blade","Wild Strike"],"picked":"SKIP","floor":22.0},{"not_picked":["Clothesline","Rupture"],"picked":"Double Tap","floor":23.0},{"not_picked":["Rage+1","Perfected Strike+1"],"picked":"Entrench","floor":30.0},{"not_picked":["Clash","Feel No Pain","Evolve"],"picked":"SKIP","floor":31.0},{"not_picked":["Brutality","Corruption"],"picked":"Juggernaut","floor":33.0},{"not_picked":["Searing Blow+1","Armaments","Uppercut"],"picked":"SKIP","floor":35.0},{"not_picked":["Havoc+1","Perfected Strike"],"picked":"Body Slam","floor":36.0},{"not_picked":["Anger","Whirlwind+1","Carnage"],"picked":"SKIP","floor":38.0},{"not_picked":["Armaments+1","Perfected Strike+1","Dark Embrace"],"picked":"SKIP","floor":39.0},{"not_picked":["Havoc+1","Dual Wield","Perfected Strike"],"picked":"SKIP","floor":40.0},{"not_picked":["Reckless Charge","Heavy Blade+1"],"picked":"Flame Barrier","floor":41.0},{"not_picked":["The Bomb","Swift Strike"],"picked":"Trip","floor":46.0},{"not_picked":["Rupture","Iron Wave","Reckless Charge"],"picked":"SKIP","floor":47.0},{"not_picked":["Anger+1","Shrug It Off","Sword Boomerang+1"],"picked":"SKIP","floor":48.0},{"not_picked":["Thunderclap+1","Dual Wield","Sword Boomerang"],"picked":"SKIP","floor":54}],"player_experience":293772,"relics_obtained":[{"floor":6.0,"key":"Strawberry"},{"floor":8.0,"key":"Juzu Bracelet"},{"floor":9.0,"key":"Oddly Smooth Stone"},{"floor":12.0,"key":"HornCleat"},{"floor":23.0,"key":"Pear"},{"floor":25.0,"key":"Red Mask"},{"floor":26.0,"key":"Bottled Flame"},{"floor":29.0,"key":"Pocketwatch"},{"floor":30.0,"key":"Smiling Mask"},{"floor":40.0,"key":"Red Skull"},{"floor":43.0,"key":"Charon\u0027s Ashes"},{"floor":54,"key":"StrikeDummy"}],"event_choices":[{"damage_healed":0.0,"max_hp_gain":0.0,"max_hp_loss":0.0,"gold_gain":0.0,"event_name":"Shining Light","player_choice":"Entered Light","floor":2.0,"gold_loss":0.0,"damage_taken":16.0,"cards_upgraded":["Flame Barrier","Bash"]},{"cards_removed":["Strike_R"],"damage_healed":0.0,"max_hp_gain":0.0,"max_hp_loss":0.0,"gold_gain":0.0,"event_name":"The Cleric","player_choice":"Card Removal","floor":5.0,"gold_loss":50.0,"damage_taken":0.0},{"damage_healed":0.0,"max_hp_gain":0.0,"max_hp_loss":0.0,"gold_gain":0.0,"event_name":"Drug Dealer","player_choice":"Inject Mutagens","floor":21.0,"gold_loss":0.0,"damage_taken":0.0,"relics_obtained":["MutagenicStrength"]},{"damage_healed":0.0,"max_hp_gain":0.0,"max_hp_loss":0.0,"gold_gain":0.0,"event_name":"Masked Bandits","player_choice":"Fought Bandits","floor":25.0,"gold_loss":0.0,"damage_taken":0.0},{"cards_removed":["Strike_R"],"damage_healed":0.0,"max_hp_gain":0.0,"max_hp_loss":0.0,"gold_gain":0.0,"event_name":"Purifier","player_choice":"Purged","floor":27.0,"gold_loss":0.0,"damage_taken":0.0},{"cards_removed":["Defend_R"],"damage_healed":0.0,"max_hp_gain":0.0,"max_hp_loss":0.0,"gold_gain":0.0,"event_name":"Beggar","player_choice":"Gave Gold","floor":28.0,"gold_loss":75.0,"damage_taken":0.0},{"cards_removed":["Battle Trance"],"damage_healed":0.0,"max_hp_gain":0.0,"max_hp_loss":0.0,"gold_gain":0.0,"event_name":"Falling","player_choice":"Removed Skill","floor":37.0,"gold_loss":0.0,"damage_taken":0.0},{"damage_healed":73.0,"max_hp_gain":0.0,"max_hp_loss":0.0,"gold_gain":0.0,"event_name":"MindBloom","player_choice":"Heal","floor":44.0,"gold_loss":0.0,"damage_taken":0.0,"cards_obtained":["Doubt"]},{"damage_healed":0.0,"max_hp_gain":0.0,"max_hp_loss":0.0,"gold_gain":0.0,"event_name":"SensoryStone","player_choice":"Memory 2","floor":46.0,"gold_loss":0.0,"damage_taken":5.0}],"is_beta":false,"boss_relics":[{"not_picked":["Tiny House","SlaversCollar"],"picked":"Snecko Eye"},{"not_picked":["Black Blood","Astrolabe"],"picked":"Sozu"}],"items_purged_floors":[53],"is_endless":false,"potions_floor_spawned":[3,6,13,14,18,31,33,36,47],"killed_by":"The Heart","ascension_level":11}}