{"host":"flm17o2q7bfjyna6","time":1608742906,"event":{"mods":["2.2 Compatiblity","Act Like it!","BaseMod","Better Altar","Better Match","Better Note","Better Sensory Stone","Better Skull","Better Third Choice","Better Vampires","Colored Map","Colored Powertips","DeckTracker","Hermit","Ironclad Rager","Minty Spire (QoL Compilation)","Quick Restart","Replay The Spire","Reworked Bosses","Spicy Shops","StSLib","Wandering Minibosses"],"gold_per_floor":[117,117,136,136,155,183,183,199,273,305,305,32,32,32,32,131,131,145,145,195,205,205,205,231,247,327,359,374,424,424,443,443,543,543,555,568,568,9,27,27,27],"floor_reached":40,"playtime":2838,"items_purged":["Amnesia"],"score":676,"play_id":"5d059ecc-cdc0-4530-ae68-7e5d25d920ca","local_time":"20201223120146","is_ascension_mode":true,"campfire_choices":[{"data":"Life Link","floor":7,"key":"SMITH"},{"data":"Hemogenesis","floor":11,"key":"SMITH"},{"floor":15,"key":"REST"},{"data":"Pummel","floor":23,"key":"SMITH"},{"data":"Feed","floor":30,"key":"SMITH"},{"floor":32,"key":"REST"}],"circlet_count":0,"master_deck":["AscendersBane","Bash+1","ICR:RageStrike","ICR:ShieldBash+1","Ghostly Armor","Cleave","Intimidate+1","Life Link+1","Pummel+1","Hemogenesis+1","Dropkick","Feed+1","Sword Boomerang+1","Twin Strike+1","True Grit+1","Double Tap+1","Spot Weakness+1","Replay:Undeath\u0027s Touch","Decay","Immolate","ReplayTheSpireMod:Limb From Limb","Madness+1","Inflame+1"],"relics":["Burning Blood","Lizard Tail","Onion Ring","Juzu Bracelet","Frozen Egg 2","Bronze Scales","Bag of Preparation","Kintsugi","Toxic Egg 2","Replay:Bottled Flurry","Meat on the Bone","Ring of Greed","SlaversCollar","Replay:Ringing Soul","Pet Ghost"],"acts_visited":["Exordium","TheCity","TheBeyond"],"potions_floor_usage":[10,33,33,33,33,33,36],"damage_taken":[{"damage":15,"enemies":"Jaw Worm","floor":1,"turns":4},{"damage":12,"enemies":"Cultist","floor":3,"turns":5},{"damage":0,"enemies":"Small Slimes","floor":5,"turns":3},{"damage":41,"enemies":"Gremlin Nob","floor":6,"turns":4},{"damage":5,"enemies":"Looter","floor":8,"turns":5},{"damage":18,"enemies":"3 Sentries","floor":10,"turns":5},{"damage":24,"enemies":"Hexaghost","floor":16,"turns":9},{"damage":14,"enemies":"2 Thieves","floor":18,"turns":4},{"damage":6,"enemies":"3 Byrds","floor":21,"turns":3},{"damage":49,"enemies":"Book of Stabbing","floor":24,"turns":4},{"damage":24,"enemies":"Cultist and Chosen","floor":25,"turns":5},{"damage":27,"enemies":"Replay:Snechameleon","floor":27,"turns":5},{"damage":1,"enemies":"Chosen and Byrds","floor":28,"turns":3},{"damage":45,"enemies":"Sentry and Sphere","floor":31,"turns":6},{"damage":55,"enemies":"Automaton","floor":33,"turns":7},{"damage":22,"enemies":"3 Shapes","floor":35,"turns":3},{"damage":51,"enemies":"3 Darklings","floor":36,"turns":5},{"damage":26,"enemies":"4 Shapes","floor":39,"turns":3},{"damage":114,"enemies":"Nemesis","floor":40,"turns":6}],"seed_played":"1231957131595953653","potions_obtained":[{"floor":1,"key":"Elixir"},{"floor":3,"key":"LiquidBronze"},{"floor":10,"key":"DuplicationPotion"},{"floor":16,"key":"Strength Potion"},{"floor":27,"key":"EntropicBrew"},{"floor":33,"key":"Languid Potion"}],"is_trial":false,"path_per_floor":["M","?","M","?","M","E","R","M","T","E","R","$","?","?","R","B",null,"M","?","?","M","?","R","E","M","T","E","M","?","R","M","R","B",null,"M","M","?","$","M","E"],"character_chosen":"IRONCLAD","items_purchased":["Frozen Egg 2","Bronze Scales","Replay:Ringing Soul","ReplayTheSpireMod:Limb From Limb","Pet Ghost","Madness+1"],"campfire_rested":2,"item_purchase_floors":[12,12,38,38,38,38],"current_hp_per_floor":[63,63,57,57,63,28,28,29,29,17,17,17,17,1,25,15,64,67,67,67,78,78,78,35,25,25,15,43,43,43,24,51,30,77,61,32,32,35,42,0,0],"gold":27,"neow_bonus":"IRONCLAD_RAGER","is_daily":false,"chose_seed":false,"campfire_upgraded":4,"win_rate":0.0,"timestamp":1608742906,"path_taken":["M","?","?","?","M","E","R","M","T","E","R","$","?","?","R","BOSS","M","?","?","M","?","R","E","M","T","E","M","?","R","M","R","BOSS","M","M","?","$","M","E"],"items_purchased_type":["Relic","Relic","Relic","Card","Relic","Card"],"build_version":"2020-12-22","purchased_purges":1,"victory":false,"max_hp_per_floor":[80,80,80,80,80,80,80,80,80,80,80,80,80,80,80,80,80,83,83,83,86,86,86,86,86,86,89,92,92,92,92,92,92,92,92,96,96,99,106,106,106],"card_choices":[{"not_picked":["Inflame","Fire Breathing"],"picked":"Ghostly Armor","floor":1},{"not_picked":["Pommel Strike","Wild Strike"],"picked":"Cleave","floor":3},{"not_picked":["Clothesline","Shrug It Off"],"picked":"Life Link","floor":5},{"not_picked":["Evolve","Warcry"],"picked":"Pummel","floor":6},{"not_picked":["Armaments","Havoc"],"picked":"Hemogenesis","floor":8},{"not_picked":["Wild Strike","Rupture"],"picked":"Dropkick","floor":10},{"not_picked":["Demon Form+1","Replay:Many Hands"],"picked":"Feed","floor":16},{"not_picked":["ReplayTheSpireMod:Strike From Hell","Run Through"],"picked":"Sword Boomerang+1","floor":18},{"not_picked":["Fire Breathing+1","Anger+1"],"picked":"Twin Strike+1","floor":21},{"not_picked":["Iron Wave+1","Warcry+1"],"picked":"True Grit+1","floor":24},{"not_picked":["Wild Strike","Headbutt"],"picked":"Double Tap+1","floor":25},{"not_picked":["Wild Strike","Heavy Blade"],"picked":"Spot Weakness+1","floor":27},{"not_picked":["Replay:Undeath\u0027s Touch","Cleave+1"],"picked":"Feel No Pain+1","floor":28},{"not_picked":["Heavy Blade","Clothesline"],"picked":"Replay:Undeath\u0027s Touch","floor":31},{"not_picked":["Juggernaut+1","Bludgeon"],"picked":"Immolate","floor":33},{"not_picked":["Cleave","Sword Boomerang","Heavy Blade"],"picked":"SKIP","floor":35},{"not_picked":["Warcry+1","Uppercut","Clash"],"picked":"SKIP","floor":36},{"not_picked":["Flex+1","Clothesline"],"picked":"Inflame+1","floor":39}],"player_experience":1605345,"relics_obtained":[{"floor":6,"key":"Lizard Tail"},{"floor":9,"key":"Onion Ring"},{"floor":10,"key":"Juzu Bracelet"},{"floor":13,"key":"Bag of Preparation"},{"floor":24,"key":"Toxic Egg 2"},{"floor":26,"key":"Replay:Bottled Flurry"},{"floor":27,"key":"Meat on the Bone"},{"floor":29,"key":"Ring of Greed"}],"event_choices":[{"cards_removed":["ICR:RageStrike"],"damage_healed":0,"gold_gain":0,"player_choice":"Purged","damage_taken":0,"max_hp_gain":0,"max_hp_loss":0,"event_name":"Purifier","floor":2,"gold_loss":0},{"damage_healed":0,"gold_gain":0,"player_choice":"Relic","damage_taken":0,"max_hp_gain":0,"max_hp_loss":0,"event_name":"Wheel of Change","floor":13,"gold_loss":0},{"damage_healed":17,"gold_gain":0,"player_choice":"Upgrade","damage_taken":16,"max_hp_gain":0,"max_hp_loss":80,"event_name":"betterThird:BetterShining","floor":14,"gold_loss":0,"cards_upgraded":["Bash","ICR:ShieldBash"]},{"damage_healed":0,"gold_gain":0,"cards_transformed":["Amnesia"],"player_choice":"Transformed","damage_taken":0,"max_hp_gain":0,"max_hp_loss":0,"event_name":"Transmorgrifier","floor":19,"gold_loss":0,"cards_obtained":["Languid"]},{"damage_healed":0,"gold_gain":100,"player_choice":"Bet on Murderer","damage_taken":0,"max_hp_gain":0,"max_hp_loss":0,"event_name":"The Joust","floor":20,"gold_loss":50},{"cards_removed":["Languid","Injury"],"damage_healed":0,"gold_gain":0,"player_choice":"Removed Curses","damage_taken":0,"max_hp_gain":0,"max_hp_loss":0,"event_name":"Fountain of Cleansing","floor":22,"gold_loss":0},{"cards_removed":["Feel No Pain"],"damage_healed":0,"gold_gain":0,"player_choice":"Removed Power","damage_taken":0,"max_hp_gain":0,"max_hp_loss":0,"event_name":"Falling","floor":37,"gold_loss":0}],"is_beta":false,"boss_relics":[{"not_picked":["Philosopher\u0027s Stone","Velvet Choker"],"picked":"Kintsugi"},{"not_picked":["Runic Cube","Black Blood"],"picked":"SlaversCollar"}],"items_purged_floors":[38],"is_endless":false,"potions_floor_spawned":[1,3,10,16,18,27,28,33],"killed_by":"Nemesis","ascension_level":10}}