{"host":"9nt1zhl3k8mtcf72","time":1608688917,"event":{"mods":["Aspiration","BaseMod","Conjunction","Conspire","Downfall","Energized Spire","Friendly Minions","GifTheSpireLib","Halation","Hubris","Infinite Spire","Jedi Mod","Mimic Mod","Minty Spire (QoL Compilation)","RatMod","Replay The Spire","Spikes Relics","StSLib","Stuff the Spire","Trackpad","Useless Jewels Mod","Wandering Minibosses","vexMod"],"gold_per_floor":[99,84,84,101,117,134,134,146,162,197,47,47,78,89,107,107,107,107],"floor_reached":16,"playtime":1143,"items_purged":[],"score":139,"play_id":"d307a288-c3a3-4ede-9eac-ca773542c472","local_time":"20201222210157","is_ascension_mode":false,"campfire_choices":[{"floor":1.0,"key":"DIG"},{"floor":3.0,"key":"RECALL"},{"floor":11,"key":"REST"}],"circlet_count":0,"master_deck":["hexamod:Strike","hexamod:Strike","hexamod:Strike","hexamod:Strike","hexamod:Defend","hexamod:Defend","hexamod:Defend","hexamod:Defend","hexamod:Sear","hexamod:Float","hexamod:ThirdSeal","hexamod:ThermalTransfer","hexamod:BurningTouch","hexamod:BacktrackSmack","hexamod:ChargedBarrage","hexamod:ThermalTransfer","hexamod:BurningTouch","hexamod:Firestarter","hexamod:InspiringFlames","hexamod:HeatMetal","hexamod:HexaLevel","hexamod:GhostflameBarrier","hexamod:ThermalTransfer","hexamod:Firestarter","infinitespire:Pacifist","sneckomod:Bewildered","infinitespire:SevenWalls","hexamod:ThermalTransfer","hexamod:FlamesFromBeyond","hexamod:RadiantFlame","hexamod:FirstSeal","hexamod:FlamesFromBeyond"],"relics":["hexamod:SpiritBrand","vexMod:ScavengeHelm","trackpad:Compendium","downfall:HeartBlessingRed","downfall:HeartBlessingGreen","CaptainsWheel"],"acts_visited":["Exordium"],"potions_floor_usage":[16,16],"damage_taken":[{"damage":3.0,"enemies":"downfall:FleeingMerchant","floor":2.0,"turns":4.0},{"damage":0.0,"enemies":"Cultist","floor":4.0,"turns":4.0},{"damage":10,"enemies":"Small Slimes","floor":5,"turns":7},{"damage":0,"enemies":"conspire:RoseBush","floor":6,"turns":3},{"damage":3,"enemies":"Gremlin Gang","floor":8,"turns":7},{"damage":1,"enemies":"Blue Slaver","floor":9,"turns":3},{"damage":37,"enemies":"3 Sentries","floor":10,"turns":11},{"damage":8,"enemies":"Lagavulin","floor":13,"turns":7},{"damage":6,"enemies":"3 Louse","floor":14,"turns":4},{"damage":1,"enemies":"Red Slaver","floor":15,"turns":3},{"damage":22,"enemies":"downfall:Ironclad","floor":16,"turns":11}],"seed_played":"5170301962227660281","potions_obtained":[{"floor":0.0,"key":"SkillPotion"},{"floor":0.0,"key":"jedi:hoardpotion"},{"floor":0.0,"key":"Swift Potion"},{"floor":5,"key":"PowerPotion"}],"is_trial":false,"path_per_floor":["R","$","R","M","M","M","T","M","M","E","R","?","E","M","M","B"],"character_chosen":"THE_SPIRIT","items_purchased":[],"campfire_rested":1,"item_purchase_floors":[],"current_hp_per_floor":[70,67,67,67,57,57,57,54,53,16,37,37,29,23,22,0,0,0],"gold":107,"neow_bonus":"THREE_SMALL_POTIONS","is_daily":false,"chose_seed":false,"campfire_upgraded":0,"win_rate":0.0,"timestamp":1608688917,"path_taken":["R","?","R","M","M","M","T","M","M","E","R","?","E","M","M","BOSS"],"items_purchased_type":[],"build_version":"2020-12-13","purchased_purges":0,"victory":false,"max_hp_per_floor":[70,70,70,70,70,70,70,70,70,70,70,70,70,70,70,70,70,70],"card_choices":[{"not_picked":["hexamod:SwordOfDarkness","hexamod:InspiringFlames"],"picked":"hexamod:ThirdSeal","floor":2.0},{"not_picked":["hexamod:InspiringFlames","hexamod:RecurringNightmare"],"picked":"hexamod:ChargedBarrage","floor":4.0},{"not_picked":["hexamod:NightmareStrike","hexamod:Hexaguard"],"picked":"hexamod:ThermalTransfer","floor":5},{"not_picked":["hexamod:ShieldOfDarkness","hexamod:GhostOfSpirePast","hexamod:Hexaguard"],"picked":"SKIP","floor":5},{"not_picked":["hexamod:BacktrackSmack","hexamod:SpectersWail"],"picked":"hexamod:BurningTouch","floor":6},{"not_picked":["hexamod:PowerFromBeyond","hexamod:DynamicBlow"],"picked":"hexamod:Firestarter","floor":6},{"not_picked":["hexamod:Hexaguard","hexamod:BacktrackSmack"],"picked":"hexamod:InspiringFlames","floor":8},{"not_picked":["hexamod:GhostLash","hexamod:SwordOfDarkness"],"picked":"hexamod:HeatMetal","floor":8},{"not_picked":["hexamod:GhostOfSpirePresent","hexamod:Haunt"],"picked":"hexamod:HexaLevel","floor":9},{"not_picked":["hexamod:Haunt","hexamod:GhostOfSpirePresent"],"picked":"hexamod:GhostflameBarrier","floor":9},{"not_picked":["hexamod:GhostLash","hexamod:NightmareGuise"],"picked":"hexamod:ThermalTransfer","floor":10},{"not_picked":["hexamod:ShieldOfDarkness","hexamod:BacktrackSmack"],"picked":"hexamod:Firestarter","floor":10},{"not_picked":["infinitespire:UltimateForm","hubris:Rewind"],"picked":"infinitespire:SevenWalls","floor":12},{"not_picked":["hexamod:AdvancingGuard","hexamod:StepThrough"],"picked":"hexamod:ThermalTransfer","floor":13},{"not_picked":["hexamod:BurningTouch","hexamod:FifthSeal"],"picked":"hexamod:FlamesFromBeyond","floor":13},{"not_picked":["hexamod:Firestarter","hexamod:Hexaguard"],"picked":"hexamod:RadiantFlame","floor":14},{"not_picked":["hexamod:BacktrackSmack","hexamod:CatchUp"],"picked":"hexamod:FirstSeal","floor":15},{"not_picked":["hexamod:SwordOfDarkness","hexamod:GhostLash"],"picked":"hexamod:FlamesFromBeyond","floor":15}],"player_experience":450405,"relics_obtained":[{"floor":1.0,"key":"vexMod:ScavengeHelm"},{"floor":10,"key":"trackpad:Compendium"},{"floor":13,"key":"CaptainsWheel"}],"event_choices":[],"is_beta":false,"boss_relics":[],"items_purged_floors":[],"is_endless":false,"potions_floor_spawned":[5,13,14],"killed_by":"downfall:Ironclad","ascension_level":0}}