{"host":"e1ezmaebp4k769tb","time":1608721405,"event":{"mods":["2.2 Compatiblity","AchievementEnabler","AlwaysNeverKeys","BaseMod","CapriCore","Card Filter","Colored Powertips","Curses Come First","DeckTracker","Energized Spire","Friendly Minions","Highlight Path","Keyboard Shortcuts","Minty Spire (QoL Compilation)","Permanent Neow","Quick Restart","Red Circlet Mod","Relic Filter","Remilia£¨?Ú·×é?£©","Replay The Spire","Shop Mod","StSLib","WarShipGirlsR/??á´Ò³R mod"],"gold_per_floor":[212,229,19,37,37,64,79,105,105,122,197,227,227,24,24,101,51,71,71,87,37,37,68,68,68,68],"floor_reached":25,"playtime":1126,"items_purged":["rmod:strick","rmod:strick"],"score":528,"play_id":"d8ccebbd-d6f3-4db7-9652-38c5a1e2ed7c","local_time":"20201223200325","is_ascension_mode":true,"campfire_choices":[{"floor":15,"key":"REST"},{"floor":24,"key":"REST"}],"circlet_count":0,"master_deck":["AscendersBane","rmod:strick","rmod:strick","rmod:strick","rmod:defend","rmod:defend","rmod:defend","rmod:defend","rmod:basicallowance","rmod:maingunfire","rmod:aluminumsupply","rmod:wasp+1","rmod:tearstotiara","rmod:chargemoney+1","rmod:generalist","rmod:punchline","rmod:diamondstrike","rmod:smokecover","rmod:desperatesituation+1","rmod:launchingtorpedo","rmod:overbreakdown+1","rmod:mineteam+1","rmod:smokecover","rmod:wife"],"relics":["rmod:firstchargereward","MerchantsRug","Frozen Egg 2","Art of War","Replay:Mystery Machine","Blue Candle","FaceOfCleric","Membership Card","energizedSpire:HugeHouse","Tiny Chest","Ancient Tea Set"],"acts_visited":["Exordium","TheCity"],"potions_floor_usage":[6],"damage_taken":[{"damage":0.0,"enemies":"2 Louse","floor":1.0,"turns":2.0},{"damage":6.0,"enemies":"Small Slimes","floor":2.0,"turns":4.0},{"damage":2.0,"enemies":"Cultist","floor":4.0,"turns":3.0},{"damage":0,"enemies":"Gremlin Nob","floor":6,"turns":2},{"damage":5,"enemies":"Large Slime","floor":7,"turns":4},{"damage":10,"enemies":"3 Sentries","floor":8,"turns":5},{"damage":11,"enemies":"Red Slaver","floor":10,"turns":5},{"damage":12,"enemies":"Lagavulin","floor":12,"turns":6},{"damage":26,"enemies":"Hexaghost","floor":16,"turns":11},{"damage":27,"enemies":"2 Thieves","floor":18,"turns":5},{"damage":3,"enemies":"Spheric Guardian","floor":20,"turns":5},{"damage":26,"enemies":"Book of Stabbing","floor":23,"turns":7},{"damage":27,"enemies":"3 Cultists","floor":25,"turns":5}],"seed_played":"5518045146374313948","potions_obtained":[{"floor":2.0,"key":"ColorlessPotion"},{"floor":4.0,"key":"FearPotion"},{"floor":10,"key":"Fire Potion"},{"floor":16,"key":"ColorlessPotion"},{"floor":18,"key":"Ancient Potion"}],"is_trial":false,"path_per_floor":["M","M","$","M","?","E","M","E","T","M","?","E","?","$","R","B",null,"M","T","M","$","?","E","R","M"],"character_chosen":"PRAEFECT","items_purchased":["MerchantsRug","rmod:wasp+1","Membership Card"],"campfire_rested":2,"item_purchase_floors":[3,3,14],"current_hp_per_floor":[63,57,57,55,60,60,55,45,45,34,23,11,11,11,33,8,55,29,29,27,27,27,2,24,0,0],"gold":68,"neow_bonus":"HUNDRED_GOLD","is_daily":false,"chose_seed":false,"campfire_upgraded":0,"win_rate":0.0,"timestamp":1608721405,"path_taken":["M","M","$","M","?","E","M","E","T","M","?","E","?","$","R","BOSS","M","?","M","$","?","E","R","M"],"items_purchased_type":["Relic","Card","Relic"],"build_version":"2020-12-22","purchased_purges":2,"victory":false,"max_hp_per_floor":[70,70,70,70,75,75,75,75,75,75,75,75,75,75,75,76,71,72,72,73,73,73,74,74,74,74],"card_choices":[{"not_picked":["rmod:supportescort","rmod:highspeedshooting"],"picked":"rmod:aluminumsupply","floor":1.0},{"not_picked":["rmod:expedition","rmod:maintain"],"picked":"rmod:selfconfidence","floor":2.0},{"not_picked":["rmod:bulid","rmod:aluminumsupply"],"picked":"rmod:tearstotiara","floor":4.0},{"not_picked":["rmod:ring","rmod:firesupport"],"picked":"rmod:chargemoney+1","floor":6},{"not_picked":["rmod:garrisonisland","rmod:intelligenceanalysis"],"picked":"rmod:generalist","floor":7},{"not_picked":["rmod:aluminumsupply","rmod:fletcherpendant"],"picked":"rmod:punchline","floor":8},{"not_picked":["rmod:tearstotiara","rmod:punchline"],"picked":"rmod:diamondstrike","floor":10},{"not_picked":["rmod:saltedfish","rmod:circuitoustactics"],"picked":"rmod:smokecover","floor":12},{"not_picked":["rmod:supriseattacks","rmod:saltedfish"],"picked":"rmod:desperatesituation+1","floor":16},{"not_picked":["rmod:fletcherpendant","rmod:supportescort+1"],"picked":"rmod:overbreakdown+1","floor":18},{"not_picked":["rmod:launchingtorpedo+1","rmod:aggressivemary+1"],"picked":"rmod:mineteam+1","floor":20},{"not_picked":["rmod:tearstotiara","rmod:salvage"],"picked":"rmod:wife","floor":23}],"player_experience":193781,"relics_obtained":[{"floor":6,"key":"Frozen Egg 2"},{"floor":8,"key":"Art of War"},{"floor":9,"key":"Replay:Mystery Machine"},{"floor":12,"key":"Blue Candle"},{"floor":19,"key":"Tiny Chest"},{"floor":23,"key":"Ancient Tea Set"}],"event_choices":[{"damage_healed":0.0,"max_hp_gain":5.0,"max_hp_loss":0.0,"gold_gain":0.0,"event_name":"Big Fish","player_choice":"Donut","floor":5.0,"gold_loss":0.0,"damage_taken":0.0},{"damage_healed":0,"gold_gain":75,"player_choice":"Gather Gold","damage_taken":11,"max_hp_gain":0,"max_hp_loss":0,"event_name":"World of Goop","floor":11,"gold_loss":0},{"damage_healed":0,"gold_gain":0,"player_choice":"Trade","damage_taken":0,"relics_obtained":["FaceOfCleric"],"max_hp_gain":0,"max_hp_loss":0,"event_name":"FaceTrader","floor":13,"gold_loss":0},{"damage_healed":0,"gold_gain":0,"player_choice":"Copied","damage_taken":0,"max_hp_gain":0,"max_hp_loss":0,"event_name":"Duplicator","floor":22,"gold_loss":0,"cards_obtained":["rmod:smokecover"]}],"is_beta":false,"boss_relics":[{"not_picked":["Empty Cage","Busted Crown"],"picked":"energizedSpire:HugeHouse"}],"items_purged_floors":[14,21],"is_endless":false,"potions_floor_spawned":[2,4,10,16,18,20,23],"killed_by":"3 Cultists","ascension_level":20}}