{"host":"amyouew1jj5rel7b","time":1608711075,"event":{"mods":["AchievementEnabler","BaseMod","Better Altar","Better Match","Better Note","Better Skull","CapriCore","Minty Spire (QoL Compilation)","Permanent Neow","Spicy Shops","StSLib","SuperFastMode","The Dragon Tamer"],"gold_per_floor":[99,99,117,67,84,84,107,107,176,190,225,8,27,43,43,144,144,157,157,157,177,196,196,229,254,334,364,376,416,428,460,472,484,484,484],"floor_reached":33,"playtime":1264,"items_purged":[],"score":337,"play_id":"36954489-9f95-4779-afc9-19f21283715d","local_time":"20201223171115","is_ascension_mode":false,"metric_token":863,"campfire_choices":[{"data":"DTMod:DoubleHit","floor":6,"key":"SMITH"},{"data":"DTMod:GhostSkin","floor":8,"key":"SMITH"},{"data":"DTMod:CrossStep","floor":15,"key":"SMITH"},{"data":"DTMod:MagiciansMark","floor":23,"key":"SMITH"},{"floor":30,"key":"REST"},{"floor":32,"key":"REST"}],"dtmod_dragon_data":[0,50,1,-1,8,0],"circlet_count":0,"master_deck":["DTMod:Strike","DTMod:DoubleHit+1","DTMod:TargetDefense+1","DTMod:TargetDefense+1","DTMod:TargetDefense+1","DTMod:SwitchingTactic+1","DTMod:LowKick","DTMod:MagiciansMark+1","DTMod:FlameSlash","DTMod:GhostSkin+1","DTMod:TauntingStrike","DTMod:BalancedStrike","DTMod:QuickFly","DTMod:CrossStep+1","DTMod:FierySynthesis","DTMod:Outburst+1","DTMod:BizarreTactic","DTMod:MasterPlan","Pain","DTMod:LightShield","DTMod:InvisibleFlame+1"],"relics":["DTMod:PactStone","Tiny Chest","Darkstone Periapt","War Paint","Toy Ornithopter","DTMod:OddArmor","Black Star","WingedGreaves","Vajra","MawBank","DTMod:AncientBone","WarpedTongs","Bag of Marbles","Blue Candle"],"acts_visited":["Exordium","TheCity"],"potions_floor_usage":[11,18,22,24,24],"damage_taken":[{"damage":0,"enemies":"Small Slimes","floor":1,"turns":2},{"damage":1,"enemies":"Jaw Worm","floor":3,"turns":3},{"damage":0,"enemies":"Cultist","floor":5,"turns":3},{"damage":0,"enemies":"Blue Slaver","floor":10,"turns":2},{"damage":0,"enemies":"Gremlin Nob","floor":11,"turns":3},{"damage":0,"enemies":"Lots of Slimes","floor":13,"turns":2},{"damage":0,"enemies":"2 Fungi Beasts","floor":14,"turns":2},{"damage":5,"enemies":"Hexaghost","floor":16,"turns":11},{"damage":0,"enemies":"Chosen","floor":18,"turns":3},{"damage":0,"enemies":"3 Byrds","floor":21,"turns":5},{"damage":0,"enemies":"Snecko","floor":22,"turns":3},{"damage":0,"enemies":"Slavers","floor":24,"turns":5},{"damage":11,"enemies":"Shelled Parasite and Fungi","floor":27,"turns":6},{"damage":29,"enemies":"Book of Stabbing","floor":29,"turns":7},{"damage":15,"enemies":"Sentry and Sphere","floor":31,"turns":6},{"damage":6,"enemies":"Collector","floor":33,"turns":8}],"seed_played":"-762940043280544547","potions_obtained":[{"floor":5,"key":"AttackPotion"},{"floor":10,"key":"Explosive Potion"},{"floor":11,"key":"SpeedPotion"},{"floor":14,"key":"Ancient Potion"},{"floor":21,"key":"GamblersBrew"}],"is_trial":false,"path_per_floor":["M","?","M","?","M","R","T","R","T","M","E","$","M","M","R","B",null,"M","?","?","M","M","R","E","T","T","M","?","E","R","M","R","B"],"character_chosen":"THE_DT","items_purchased":["Toy Ornithopter","DTMod:OddArmor"],"campfire_rested":2,"item_purchase_floors":[12,12],"current_hp_per_floor":[41,33,32,32,32,32,32,32,32,32,32,32,32,32,32,27,41,41,41,41,41,41,41,41,41,41,30,36,7,21,6,20,14,14,14],"gold":484,"neow_bonus":"TRANSFORM_TWO_CARDS","is_daily":false,"chose_seed":false,"campfire_upgraded":4,"win_rate":0.0,"timestamp":1608711075,"path_taken":["M","?","M","?","M","R","?","R","T","M","E","$","M","?","R","BOSS","M","?","?","M","M","R","E","?","T","?","?","E","R","M","R","BOSS"],"items_purchased_type":["Relic","Relic"],"build_version":"2020-12-22","purchased_purges":0,"victory":false,"max_hp_per_floor":[41,41,41,41,41,41,41,41,41,41,41,41,41,41,41,41,41,41,41,41,41,41,41,41,41,41,41,47,47,47,47,47,47,47,47],"card_choices":[{"not_picked":["DTMod:StarRain","DTMod:Dissolve"],"picked":"DTMod:FlameSlash","floor":1},{"not_picked":["DTMod:FlameSlash","DTMod:Cover"],"picked":"DTMod:GhostSkin","floor":3},{"not_picked":["DTMod:LastStand","DTMod:Feint"],"picked":"DTMod:TauntingStrike","floor":5},{"not_picked":["DTMod:BlazingStrike","DTMod:BizarreTactic"],"picked":"DTMod:BalancedStrike","floor":10},{"not_picked":["DTMod:BuildUp","DTMod:MasterPlan"],"picked":"DTMod:QuickFly","floor":11},{"not_picked":["DTMod:BuildUp","DTMod:Haste"],"picked":"DTMod:CrossStep","floor":13},{"not_picked":["DTMod:BlazingStrike","DTMod:TauntingStrike","DTMod:BlueScale"],"picked":"SKIP","floor":14},{"not_picked":["DTMod:ResonanceForm","DTMod:ExcessFootwork"],"picked":"DTMod:FierySynthesis","floor":16},{"not_picked":["DTMod:BizarreTactic","DTMod:Astonish","DTMod:HeatWave"],"picked":"SKIP","floor":18},{"not_picked":["DTMod:BuildUp","DTMod:BlazingStrike"],"picked":"DTMod:BizarreTactic","floor":21},{"not_picked":["DTMod:BuildUp","DTMod:BizarreTactic"],"picked":"DTMod:MasterPlan","floor":22},{"not_picked":["DTMod:BurningEnergy+1","DTMod:Outburst","DTMod:Threaten"],"picked":"SKIP","floor":24},{"not_picked":["DTMod:BuildUp","DTMod:DeepFocus","DTMod:BlueScale"],"picked":"SKIP","floor":27},{"not_picked":["DTMod:MasterPlan+1","DTMod:DeepFocus+1"],"picked":"DTMod:LightShield","floor":29},{"not_picked":["DTMod:Cover+1","DTMod:BlueScale"],"picked":"DTMod:InvisibleFlame+1","floor":31}],"player_experience":264677,"relics_obtained":[{"floor":7,"key":"Tiny Chest"},{"floor":9,"key":"Darkstone Periapt"},{"floor":11,"key":"War Paint"},{"floor":24,"key":"WingedGreaves"},{"floor":24,"key":"Vajra"},{"floor":25,"key":"MawBank"},{"floor":26,"key":"DTMod:AncientBone"},{"floor":29,"key":"Bag of Marbles"},{"floor":29,"key":"Blue Candle"}],"event_choices":[{"damage_healed":0,"gold_gain":0,"player_choice":"Entered Light","damage_taken":8,"max_hp_gain":0,"max_hp_loss":0,"event_name":"Shining Light","floor":2,"gold_loss":0,"cards_upgraded":["DTMod:SwitchingTactic","DTMod:TargetDefense"]},{"cards_removed":["DTMod:Strike"],"damage_healed":0,"gold_gain":0,"player_choice":"Card Removal","damage_taken":0,"max_hp_gain":0,"max_hp_loss":0,"event_name":"The Cleric","floor":4,"gold_loss":50},{"cards_removed":["DTMod:FierySynthesis"],"damage_healed":0,"gold_gain":0,"player_choice":"Take \u0026 Give","damage_taken":0,"max_hp_gain":0,"max_hp_loss":0,"event_name":"betterNote:BetterNote","floor":19,"gold_loss":0,"cards_obtained":["DTMod:Outburst"]},{"cards_removed":["DTMod:Strike"],"damage_healed":0,"gold_gain":0,"player_choice":"Elegance","damage_taken":0,"max_hp_gain":0,"max_hp_loss":0,"event_name":"Back to Basics","floor":20,"gold_loss":0},{"damage_healed":0,"gold_gain":0,"player_choice":"Rummage","damage_taken":0,"relics_obtained":["WarpedTongs"],"max_hp_gain":0,"max_hp_loss":0,"event_name":"Accursed Blacksmith","floor":28,"gold_loss":0,"cards_obtained":["Pain"]}],"is_beta":false,"boss_relics":[{"not_picked":["Ectoplasm","DTMod:TheChair"],"picked":"Black Star"}],"items_purged_floors":[],"is_endless":false,"potions_floor_spawned":[5,10,11,14,16,21],"killed_by":"Collector","ascension_level":0}}