{"host":"3jpwrwmmgyabjceh","time":1608756685,"event":{"mods":["AchievementEnabler","BaseMod","Colored Map","Colored Powertips","Highlight Path","Minty Spire (QoL Compilation)","Quick Restart","StSLib"],"gold_per_floor":[111,36,54,54,67,67,87,103,182,207,207,231,231,57,57,187,187,206,227,326,34,34,34,52,52,52,52,77,113,137,11,11,135,135,151,151,484,484,484],"floor_reached":38,"playtime":1054,"items_purged":["Strike_B","Heatsinks"],"score":469,"play_id":"47a74625-b9da-44ef-a600-43df07c4b45a","local_time":"20201223235125","is_ascension_mode":true,"campfire_choices":[{"data":"Hologram","floor":6,"key":"SMITH"},{"floor":13,"key":"REST"},{"data":"Zap","floor":15,"key":"SMITH"},{"data":"Hyperbeam","floor":23,"key":"SMITH"},{"data":"Conserve Battery","floor":25,"key":"SMITH"},{"data":"Streamline","floor":27,"key":"SMITH"},{"floor":32,"key":"REST"}],"circlet_count":0,"master_deck":["Zap+1","Dualcast","Undo","Hologram+1","Streamline+1","Go for the Eyes","Streamline","Hyperbeam+1","Undo","Conserve Battery+1","Undo","Streamline+1","All For One","Go for the Eyes","Conserve Battery+1"],"relics":["Cracked Core","Pantograph","Sling","Pandora\u0027s Box","Thread and Needle","Unceasing Top","Shuriken","DataDisk","Nuclear Battery"],"acts_visited":["Exordium","TheCity","TheBeyond"],"potions_floor_usage":[10,16,19,28,29,38],"damage_taken":[{"damage":0,"enemies":"Cultist","floor":1,"turns":3},{"damage":4,"enemies":"Jaw Worm","floor":3,"turns":4},{"damage":0,"enemies":"Small Slimes","floor":5,"turns":2},{"damage":12,"enemies":"Gremlin Gang","floor":7,"turns":5},{"damage":6,"enemies":"Exordium Wildlife","floor":8,"turns":5},{"damage":6,"enemies":"3 Louse","floor":10,"turns":2},{"damage":1,"enemies":"2 Fungi Beasts","floor":12,"turns":3},{"damage":35,"enemies":"Hexaghost","floor":16,"turns":8},{"damage":0,"enemies":"Spheric Guardian","floor":18,"turns":1},{"damage":0,"enemies":"3 Byrds","floor":19,"turns":2},{"damage":19,"enemies":"Snake Plant","floor":24,"turns":6},{"damage":4,"enemies":"Shelled Parasite and Fungi","floor":28,"turns":3},{"damage":12,"enemies":"Gremlin Leader","floor":29,"turns":6},{"damage":26,"enemies":"Centurion and Healer","floor":30,"turns":4},{"damage":41,"enemies":"Champ","floor":33,"turns":9},{"damage":0,"enemies":"3 Shapes","floor":35,"turns":3},{"damage":77,"enemies":"2 Orb Walkers","floor":38,"turns":5}],"seed_played":"3219130154238047115","potions_obtained":[{"floor":8,"key":"ColorlessPotion"},{"floor":10,"key":"Block Potion"},{"floor":16,"key":"DuplicationPotion"},{"floor":18,"key":"Block Potion"},{"floor":28,"key":"EssenceOfSteel"},{"floor":35,"key":"SkillPotion"}],"is_trial":false,"path_per_floor":["M","$","M","?","M","R","M","M","T","M","?","M","R","$","R","B",null,"M","M","?","$","?","R","M","R","T","R","M","E","M","$","R","B",null,"M","?","?","?"],"character_chosen":"DEFECT","items_purchased":["Streamline","Sling","Thread and Needle","Go for the Eyes"],"campfire_rested":2,"item_purchase_floors":[14,14,21,31],"current_hp_per_floor":[68,68,64,63,63,63,51,45,45,39,39,38,56,56,56,28,63,63,63,63,63,63,63,44,44,44,44,40,28,2,2,20,4,63,63,63,63,0,0],"gold":484,"neow_bonus":"TRANSFORM_TWO_CARDS","is_daily":false,"chose_seed":false,"campfire_upgraded":5,"win_rate":0.0,"timestamp":1608756685,"path_taken":["M","?","?","?","M","R","M","M","T","M","?","?","R","$","R","BOSS","M","M","?","$","?","R","M","R","T","R","M","E","M","$","R","BOSS","M","?","?","?"],"items_purchased_type":["Card","Relic","Relic","Card"],"build_version":"2020-12-22","purchased_purges":2,"victory":false,"max_hp_per_floor":[68,68,68,63,63,63,63,63,63,63,63,63,63,63,63,63,63,63,63,63,63,63,63,63,63,63,63,63,63,63,63,63,63,63,63,63,63,63,63],"card_choices":[{"not_picked":["Barrage","Leap"],"picked":"Hologram","floor":1},{"not_picked":["Hello World","Sunder","Redo"],"picked":"SKIP","floor":3},{"not_picked":["Compile Driver","Lockon","Doom and Gloom"],"picked":"SKIP","floor":5},{"not_picked":["Redo","Coolheaded","Steam"],"picked":"SKIP","floor":7},{"not_picked":["Steam","BootSequence"],"picked":"Streamline","floor":8},{"not_picked":["Ball Lightning","Barrage"],"picked":"Go for the Eyes","floor":10},{"not_picked":["Barrage","Steam Power","Compile Driver"],"picked":"SKIP","floor":12},{"not_picked":["Creative AI","Reboot"],"picked":"Hyperbeam","floor":16},{"not_picked":["Barrage","Turbo+1"],"picked":"Streamline+1","floor":18},{"not_picked":["Turbo","Coolheaded","BootSequence"],"picked":"SKIP","floor":19},{"not_picked":["Redo+1","Compile Driver","Barrage"],"picked":"SKIP","floor":24},{"not_picked":["Redo","Coolheaded","Undo"],"picked":"SKIP","floor":28},{"not_picked":["Ball Lightning","Loop","BootSequence"],"picked":"SKIP","floor":29},{"not_picked":["Reprogram+1","Skim+1"],"picked":"All For One","floor":30},{"not_picked":["Go for the Eyes+1","Streamline+1"],"picked":"Conserve Battery+1","floor":35}],"player_experience":266760,"relics_obtained":[{"floor":9,"key":"Pantograph"},{"floor":26,"key":"Shuriken"},{"floor":29,"key":"DataDisk"}],"event_choices":[{"damage_healed":0,"gold_gain":0,"player_choice":"Lose Max HP","damage_taken":0,"relics_obtained":["Golden Idol"],"max_hp_gain":0,"max_hp_loss":5,"event_name":"Golden Idol","floor":4,"gold_loss":0},{"cards_removed":["Strike_B"],"damage_healed":0,"gold_gain":0,"player_choice":"Purged","damage_taken":0,"max_hp_gain":0,"max_hp_loss":0,"event_name":"Purifier","floor":11,"gold_loss":0},{"damage_healed":0,"gold_gain":99,"player_choice":"Stole From Cult","damage_taken":0,"max_hp_gain":0,"max_hp_loss":0,"event_name":"Nest","floor":20,"gold_loss":0},{"damage_healed":0,"gold_gain":0,"player_choice":"Opened","damage_taken":0,"relics_obtained":["Unceasing Top"],"max_hp_gain":0,"max_hp_loss":0,"event_name":"The Mausoleum","floor":22,"gold_loss":0},{"cards_removed":["Melter"],"damage_healed":0,"gold_gain":0,"player_choice":"Removed Attack","damage_taken":0,"max_hp_gain":0,"max_hp_loss":0,"event_name":"Falling","floor":36,"gold_loss":0},{"damage_healed":0,"gold_gain":333,"player_choice":"Gave Idol","damage_taken":0,"max_hp_gain":0,"max_hp_loss":0,"event_name":"The Moai Head","floor":37,"relics_lost":["Golden Idol"],"gold_loss":0},{"damage_healed":0,"gold_gain":0,"player_choice":"Fight","damage_taken":0,"max_hp_gain":0,"max_hp_loss":0,"event_name":"Mysterious Sphere","floor":38,"gold_loss":0}],"is_beta":false,"boss_relics":[{"not_picked":["Velvet Choker","Inserter"],"picked":"Pandora\u0027s Box"},{"not_picked":["Busted Crown","Runic Pyramid"],"picked":"Nuclear Battery"}],"items_purged_floors":[2,31],"is_endless":false,"potions_floor_spawned":[8,10,16,18,28,35],"killed_by":"2 Orb Walkers","ascension_level":3}}