{"host":"fevvm7bbzuh4s1jc","time":1608758837,"event":{"mods":["BaseMod","Highlight Path","Minty Spire (QoL Compilation)","Relic Stats"],"gold_per_floor":[215,235,35,47,64,97,117,117,117,117,149,163,179,192,192,271,271,282,294,194,213,7,7,7,7,7],"floor_reached":25,"playtime":1374,"items_purged":["Strike_R","Strike_R","Strike_R"],"score":434,"play_id":"2886d23b-0e73-452d-b160-f660867c70d8","local_time":"20201223162717","is_ascension_mode":true,"campfire_choices":[{"data":"Berserk","floor":8,"key":"SMITH"},{"data":"Whirlwind","floor":10,"key":"SMITH"},{"data":"Fiend Fire","floor":15,"key":"SMITH"},{"floor":23,"key":"REST"}],"circlet_count":0,"master_deck":["AscendersBane","Strike_R","Strike_R","Defend_R","Defend_R","Defend_R","Defend_R","Bash","Twin Strike","Carnage","Whirlwind+1","Shrug It Off","Clothesline","Twin Strike","Berserk+1","Fiend Fire+1","Feel No Pain","Feed","Battle Trance+1","Feel No Pain","Decay"],"relics":["Burning Blood","Toy Ornithopter","Eternal Feather","Matryoshka","Runic Pyramid"],"acts_visited":["TheCity"],"potions_floor_usage":[6,14,16,25],"damage_taken":[{"damage":6,"enemies":"Cultist","floor":1,"turns":4},{"damage":1,"enemies":"Small Slimes","floor":2,"turns":3},{"damage":3,"enemies":"2 Louse","floor":4,"turns":3},{"damage":21,"enemies":"Large Slime","floor":5,"turns":5},{"damage":8,"enemies":"Gremlin Nob","floor":6,"turns":3},{"damage":25,"enemies":"Exordium Thugs","floor":7,"turns":8},{"damage":17,"enemies":"3 Sentries","floor":11,"turns":4},{"damage":25,"enemies":"Red Slaver","floor":12,"turns":4},{"damage":0,"enemies":"3 Louse","floor":13,"turns":2},{"damage":12,"enemies":"Exordium Wildlife","floor":14,"turns":4},{"damage":28,"enemies":"The Guardian","floor":16,"turns":12},{"damage":40,"enemies":"2 Thieves","floor":18,"turns":5},{"damage":1,"enemies":"Spheric Guardian","floor":19,"turns":3},{"damage":31,"enemies":"Centurion and Healer","floor":21,"turns":7},{"damage":52,"enemies":"Slavers","floor":25,"turns":5}],"seed_played":"4931595058456718438","potions_obtained":[{"floor":1,"key":"DuplicationPotion"},{"floor":4,"key":"SpeedPotion"},{"floor":14,"key":"EssenceOfSteel"}],"is_trial":false,"path_per_floor":["M","M","$","M","M","E","M","R","T","R","E","M","M","M","R","B",null,"M","M","$","M","$","R","?","E"],"character_chosen":"IRONCLAD","items_purchased":["Whirlwind","Shrug It Off","DistilledChaos"],"campfire_rested":1,"item_purchase_floors":[3,3,22],"current_hp_per_floor":[68,73,73,75,60,58,39,39,39,48,37,18,24,23,32,15,60,29,34,34,9,9,44,44,0,0],"gold":7,"neow_bonus":"HUNDRED_GOLD","is_daily":false,"chose_seed":false,"campfire_upgraded":3,"win_rate":0.0,"timestamp":1608758837,"path_taken":["M","M","$","M","?","E","M","R","T","R","E","M","M","M","R","BOSS","M","?","$","M","$","R","?","E"],"items_purchased_type":["Card","Card","Potion"],"build_version":"2020-12-22","purchased_purges":3,"victory":false,"max_hp_per_floor":[75,75,75,75,75,75,75,75,75,75,75,75,75,75,75,75,75,78,78,78,78,78,78,78,81,81],"relic_stats":{"counters":[15,72],"Eternal Feather":30,"obtain_stats":[{"Matryoshka":11,"Eternal Feather":9,"Burning Blood":0,"Toy Ornithopter":6,"Runic Pyramid":17},{"Matryoshka":7,"Eternal Feather":6,"Burning Blood":0,"Toy Ornithopter":5,"Runic Pyramid":11},{"Matryoshka":30,"Eternal Feather":26,"Burning Blood":0,"Toy Ornithopter":18,"Runic Pyramid":52}],"Burning Blood":83,"Toy Ornithopter":15},"card_choices":[{"not_picked":["Reckless Charge","Anger"],"picked":"Twin Strike","floor":1},{"not_picked":["Headbutt","Clothesline"],"picked":"Carnage","floor":2},{"not_picked":["Warcry","Whirlwind"],"picked":"Clothesline","floor":4},{"not_picked":["Wild Strike","Iron Wave"],"picked":"Twin Strike","floor":5},{"not_picked":["Double Tap","True Grit"],"picked":"Berserk","floor":6},{"not_picked":["Power Through","Anger","Dropkick"],"picked":"SKIP","floor":7},{"not_picked":["Iron Wave","Fire Breathing"],"picked":"Fiend Fire","floor":11},{"not_picked":["Thunderclap","Warcry","Uppercut"],"picked":"SKIP","floor":12},{"not_picked":["Reckless Charge","True Grit"],"picked":"Feel No Pain","floor":13},{"not_picked":["Anger","Thunderclap","Clothesline"],"picked":"SKIP","floor":14},{"not_picked":["Juggernaut","Corruption"],"picked":"Feed","floor":16},{"not_picked":["Sword Boomerang","Twin Strike"],"picked":"Battle Trance+1","floor":18},{"not_picked":["Sever Soul","Dark Embrace","Metallicize"],"picked":"SKIP","floor":19},{"not_picked":["Havoc","Sever Soul"],"picked":"Feel No Pain","floor":21}],"player_experience":2569490,"relics_obtained":[{"floor":6,"key":"Toy Ornithopter"},{"floor":9,"key":"Eternal Feather"},{"floor":11,"key":"Matryoshka"}],"event_choices":[{"damage_healed":0,"gold_gain":0,"player_choice":"Cursed","damage_taken":0,"max_hp_gain":0,"max_hp_loss":0,"event_name":"Wheel of Change","floor":24,"gold_loss":0,"cards_obtained":["Decay"]}],"is_beta":false,"boss_relics":[{"not_picked":["Pandora\u0027s Box","Fusion Hammer"],"picked":"Runic Pyramid"}],"items_purged_floors":[3,20,22],"is_endless":false,"potions_floor_spawned":[1,4,14],"killed_by":"Slavers","ascension_level":20}}