{"host":"81h68oe4mr04pk3r","time":1608707456,"event":{"mods":["Act Like it!","Aspiration","BaseMod","BetterRewards","Colored Map","Colored Powertips","Conspire","Downfall","Hermit","Hubris","Infinite Spire","Jorbs\u0027s Wanderer Trilogy","Koishi","Lobotomy","LobotomyExtend","Marisa????????","Minty Spire (QoL Compilation)","Quick Restart","Reimu??????","Remilia??????","Replay The Spire","StSLib","The Bug Knight","The Construct","The Cursed","The Disciple","The Servant 0.9.4"],"gold_per_floor":[118,218,237,248,267,267,10,24,24,24,24,38,38,38,38,141,141,154,154,154,52,52,52,66,80,80,6,106,106,106],"floor_reached":29,"playtime":1314,"items_purged":[],"score":213,"play_id":"1344e17e-776c-46bd-9663-411c73288f01","local_time":"20201222231056","is_ascension_mode":false,"campfire_choices":[{"floor":6.0,"key":"REST"},{"data":"KidneyShot","floor":11.0,"key":"SMITH"},{"floor":13.0,"key":"REST"},{"data":"Revamp","floor":15.0,"key":"SMITH"},{"floor":23,"key":"REST"}],"circlet_count":0,"master_deck":["Strike_S","Strike_S","Strike_S","Strike_S","Defend_S","Defend_S","Defend_S","Defend_S","KidneyShot+1","Exchange","Read","Rearm","GearUp","GearUp","Potential","GearUp","SilverBlades","Revamp+1","BottledTime","Ricochet","Initiator","Starlight","Rearm","Starlight","ReturningBlade","Sabotage","Potential","RealityMarble"],"relics":["Uniform","LetterFromLob","Replay:Wax Seal","hubris:PeanutButter","Vajra"],"acts_visited":["Exordium","TheCity"],"potions_floor_usage":[24,29,29],"damage_taken":[{"damage":0.0,"enemies":"2 Louse","floor":1.0,"turns":4.0},{"damage":4.0,"enemies":"Cultist","floor":3.0,"turns":7.0},{"damage":8.0,"enemies":"Jaw Worm","floor":4.0,"turns":6.0},{"damage":15.0,"enemies":"Exordium Thugs","floor":5.0,"turns":8.0},{"damage":5.0,"enemies":"Large Slime","floor":8.0,"turns":12.0},{"damage":0.0,"enemies":"Looter","floor":12.0,"turns":4.0},{"damage":64.0,"enemies":"The Guardian","floor":16.0,"turns":19.0},{"damage":17,"enemies":"Spheric Guardian","floor":18,"turns":8},{"damage":54,"enemies":"conspire:FuzzyDice","floor":24,"turns":7},{"damage":0,"enemies":"conspire:HollyBat","floor":25,"turns":12},{"damage":9,"enemies":"Centurion and Healer","floor":29,"turns":3}],"seed_played":"200094345776456890","potions_obtained":[{"floor":1.0,"key":"Guardian:BlockOnCardUsePotion"},{"floor":4.0,"key":"sneckomod:MuddlingPotion"},{"floor":5.0,"key":"Toxic Potion"},{"floor":25,"key":"construct:ShiftPotion"}],"is_trial":false,"path_per_floor":["M","?","M","M","M","R","$","M","T","$","R","M","R","?","R","B",null,"M","M","?","$","?","R","M","M","T","$","?","M"],"character_chosen":"THE_SERVANT","items_purchased":["GearUp","SilverBlades","Revamp","Replay:Wax Seal","Rearm","Starlight","RealityMarble"],"campfire_rested":3,"item_purchase_floors":[7,7,7,7,21,21,27],"current_hp_per_floor":[65,65,61,53,38,57,57,52,52,52,52,52,65,65,65,1,65,48,48,42,42,42,61,7,7,7,7,7,0,0],"gold":106,"neow_bonus":"RANDOM_EVENT","is_daily":false,"chose_seed":false,"campfire_upgraded":2,"win_rate":0.0,"timestamp":1608707456,"path_taken":["M","?","M","?","M","R","$","M","T","$","R","M","R","?","R","BOSS","M","M","?","?","?","R","M","M","T","$","?","M"],"items_purchased_type":["Card","Card","Card","Relic","Card","Card","Card"],"build_version":"2020-12-22","purchased_purges":0,"victory":false,"max_hp_per_floor":[65,65,65,65,65,65,65,65,65,65,65,65,65,65,65,65,65,65,65,65,65,65,65,65,65,65,65,65,65,65],"card_choices":[{"not_picked":["DoubleEdge","ShatteredReality"],"picked":"Rearm","floor":1.0},{"not_picked":["Alleviate","ShatteredReality"],"picked":"GearUp","floor":3.0},{"not_picked":["Unruled","Advance"],"picked":"GearUp","floor":4.0},{"not_picked":["Replace","ShatteredReality"],"picked":"Potential","floor":5.0},{"not_picked":["Duplication","ShatteredReality"],"picked":"BottledTime","floor":8.0},{"not_picked":["Unruled","Contraction"],"picked":"Ricochet","floor":12.0},{"not_picked":["ForgedInTime","FlawlessForm"],"picked":"Initiator","floor":16.0},{"not_picked":["DoubleEdge","Rearm"],"picked":"Starlight","floor":18},{"not_picked":["MoonPhase","Alleviate"],"picked":"Sabotage","floor":24},{"not_picked":["DoubleEdge+1","SoulSculpture"],"picked":"Potential","floor":25}],"player_experience":166454,"relics_obtained":[{"floor":1.0,"key":"LetterFromLob"},{"floor":9.0,"key":"hubris:PeanutButter"},{"floor":26,"key":"Vajra"}],"event_choices":[{"damage_healed":0.0,"max_hp_gain":0.0,"max_hp_loss":0.0,"gold_gain":100.0,"event_name":"Golden Shrine","player_choice":"Pray","floor":2.0,"gold_loss":0.0,"damage_taken":0.0},{"damage_healed":0,"gold_gain":0,"player_choice":"","damage_taken":6,"max_hp_gain":0,"max_hp_loss":0,"event_name":"Knowing Skull","floor":20,"potions_obtained":[],"gold_loss":0,"cards_obtained":[]},{"damage_healed":0,"gold_gain":0,"player_choice":"Read","damage_taken":0,"max_hp_gain":0,"max_hp_loss":0,"event_name":"The Library","floor":22,"gold_loss":0,"cards_obtained":["ReturningBlade"]},{"damage_healed":0,"gold_gain":100,"player_choice":"Pray","damage_taken":0,"max_hp_gain":0,"max_hp_loss":0,"event_name":"Golden Shrine","floor":28,"gold_loss":0}],"is_beta":false,"boss_relics":[{"not_picked":["Astrolabe","aspiration:SecretTechniqueScroll","Sozu"]}],"items_purged_floors":[],"is_endless":false,"potions_floor_spawned":[1,4,5,8,25],"killed_by":"Centurion and Healer","ascension_level":0}}