{"host":"0cgp910o8339lr91","time":1608723406,"event":{"mods":["BaseMod","Colored Map","Filter the Spire","Minty Spire (QoL Compilation)","Relic Stats","Slay-I","ojb\u0027s Better Paths Mod","ojb\u0027s Info Mod"],"gold_per_floor":[114,114,128,145,220,251,251,278,324,324,359,359,370,390,390,486,486,504,518,105,105,115,146,146,177,227,227,7,7,22,56,56,153,153,180,102,114,144,156,195,207,247,259,271,293,305,172,205,205,205,205,205,24,51,51],"floor_reached":56,"playtime":5001,"items_purged":["Strike_B","Strike_B+1"],"score":2064,"play_id":"b56ef756-eebf-427e-8856-10e07132126e","local_time":"20201223123646","is_ascension_mode":true,"campfire_choices":[{"data":"Coolheaded","floor":7.0,"key":"SMITH"},{"data":"Zap","floor":10.0,"key":"SMITH"},{"data":"Dualcast","floor":15.0,"key":"SMITH"},{"data":"Recycle","floor":24.0,"key":"SMITH"},{"data":"Injury","floor":27.0,"key":"PURGE"},{"data":"Defend_B","floor":29.0,"key":"PURGE"},{"data":"Recycle","floor":32,"key":"SMITH"},{"data":"Coolheaded","floor":41,"key":"SMITH"},{"data":"Seek","floor":46,"key":"SMITH"},{"floor":49,"key":"RECALL"},{"data":"Injury","floor":52,"key":"PURGE"}],"circlet_count":0,"master_deck":["Defend_B+1","Defend_B","Zap+1","Dualcast+1","White Noise","Cold Snap","BootSequence","Coolheaded+1","Electrodynamics+1","All For One","Ball Lightning","Heatsinks+1","Creative AI+1","Conserve Battery","Coolheaded+1","Machine Learning+1","Recycle+1","Heatsinks+1","Recycle+1","FTL+1","Creative AI+1","Seek+1","CurseOfTheBell","Blizzard+1","Defragment+1","Buffer+1","Defragment+1","Glacier","Glacier"],"relics":["Coffee Dripper","Frozen Egg 2","Boot","Vajra","Whetstone","Cursed Key","TungstenRod","Gambling Chip","Peace Pipe","Orichalcum","Runic Capacitor","Mummified Hand","Calling Bell","MawBank","Mercury Hourglass","Ice Cream","StoneCalendar","DataDisk","Molten Egg 2","Eternal Feather","Oddly Smooth Stone"],"acts_visited":["Exordium","TheCity","TheBeyond","TheEnding"],"potions_floor_usage":[30,31,55],"damage_taken":[{"damage":6.0,"enemies":"Small Slimes","floor":1.0,"turns":4.0},{"damage":0.0,"enemies":"2 Louse","floor":3.0,"turns":3.0},{"damage":0.0,"enemies":"Cultist","floor":4.0,"turns":3.0},{"damage":0.0,"enemies":"Lagavulin","floor":6.0,"turns":8.0},{"damage":13.0,"enemies":"3 Sentries","floor":8.0,"turns":6.0},{"damage":15.0,"enemies":"Lagavulin","floor":11.0,"turns":5.0},{"damage":0.0,"enemies":"2 Fungi Beasts","floor":13.0,"turns":2.0},{"damage":0.0,"enemies":"3 Louse","floor":14.0,"turns":2.0},{"damage":23.0,"enemies":"The Guardian","floor":16.0,"turns":10.0},{"damage":0.0,"enemies":"3 Byrds","floor":18.0,"turns":2.0},{"damage":5.0,"enemies":"2 Thieves","floor":19.0,"turns":2.0},{"damage":9.0,"enemies":"Sentry and Sphere","floor":22.0,"turns":4.0},{"damage":13.0,"enemies":"Slavers","floor":23.0,"turns":3.0},{"damage":24.0,"enemies":"Book of Stabbing","floor":25.0,"turns":5.0},{"damage":3,"enemies":"Centurion and Healer","floor":30,"turns":3},{"damage":13,"enemies":"Slavers","floor":31,"turns":2},{"damage":0,"enemies":"Collector","floor":33,"turns":3},{"damage":0,"enemies":"3 Shapes","floor":35,"turns":2},{"damage":0,"enemies":"3 Darklings","floor":38,"turns":1},{"damage":0,"enemies":"Giant Head","floor":40,"turns":5},{"damage":13,"enemies":"Nemesis","floor":42,"turns":5},{"damage":0,"enemies":"Transient","floor":45,"turns":5},{"damage":0,"enemies":"Giant Head","floor":48,"turns":5},{"damage":0,"enemies":"Time Eater","floor":50,"turns":6},{"damage":0,"enemies":"Shield and Spear","floor":54,"turns":3},{"damage":5,"enemies":"The Heart","floor":55,"turns":8}],"seed_played":"-5867520581366463975","potions_obtained":[{"floor":1.0,"key":"BlessingOfTheForge"},{"floor":4.0,"key":"SkillPotion"},{"floor":14.0,"key":"Regen Potion"},{"floor":16.0,"key":"Energy Potion"},{"floor":19.0,"key":"GamblersBrew"},{"floor":22.0,"key":"Fire Potion"},{"floor":30,"key":"FairyPotion"},{"floor":33,"key":"SteroidPotion"},{"floor":40,"key":"Explosive Potion"},{"floor":42,"key":"LiquidMemories"}],"is_trial":false,"path_per_floor":["M","?","M","M","?","E","R","E","T","R","E","?","M","M","R","B",null,"M","M","$","?","M","E","R","E","T","R","$","R","M","E","R","B",null,"M","?","$","M","?","E","R","E","T","?","M","R","$","E","R","B",null,"R","$","E","B",null],"character_chosen":"DEFECT","items_purchased":["TungstenRod","Coolheaded","Runic Capacitor","Recycle","Defragment+1","Glacier","Glacier"],"campfire_rested":0,"item_purchase_floors":[20,20,28,28,47,47,53],"current_hp_per_floor":[62,62,62,62,51,51,51,38,38,38,23,23,23,23,23,15,60,60,55,55,55,46,33,33,9,9,9,9,9,6,22,22,22,62,62,62,62,62,62,62,62,49,49,49,49,49,49,49,67,67,73,75,75,75,70],"gold":51,"neow_bonus":"BOSS_RELIC","is_daily":false,"chose_seed":false,"campfire_upgraded":7,"win_rate":0.0,"timestamp":1608723406,"path_taken":["M","?","M","M","?","E","R","E","T","R","E","?","M","?","R","BOSS","M","M","$","?","M","E","R","E","T","R","$","R","M","E","R","BOSS","M","?","?","?","?","E","R","E","T","?","M","R","$","E","R","BOSS","R","$","E","BOSS"],"items_purchased_type":["Relic","Card","Relic","Card","Card","Card","Card"],"build_version":"2020-12-22","purchased_purges":2,"victory":true,"max_hp_per_floor":[75,75,75,75,75,75,75,75,75,75,75,75,75,75,75,75,75,75,75,75,75,75,75,75,75,75,75,75,75,75,75,75,75,75,75,75,75,75,75,75,75,75,75,75,75,75,75,75,75,75,75,75,75,75,75],"relic_stats":{"counters":[26,106],"StoneCalendar":[52],"Eternal Feather":20,"Whetstone":["Strike_B","Ball Lightning"],"Orichalcum":[6],"Boot":[35],"Cursed Key":2,"MawBank":156,"Mercury Hourglass":[137],"Peace Pipe":5,"Mummified Hand":[152],"Gambling Chip":[36],"obtain_stats":[{"Ice Cream":34,"Vajra":9,"Oddly Smooth Stone":54,"StoneCalendar":40,"Eternal Feather":48,"Runic Capacitor":28,"Whetstone":11,"Frozen Egg 2":6,"Orichalcum":26,"Boot":8,"Cursed Key":17,"MawBank":34,"Mercury Hourglass":34,"Peace Pipe":25,"Calling Bell":34,"DataDisk":42,"Mummified Hand":31,"Gambling Chip":23,"Molten Egg 2":44,"Coffee Dripper":0,"Cracked Core":0,"TungstenRod":20},{"Ice Cream":17,"Vajra":5,"Oddly Smooth Stone":25,"StoneCalendar":20,"Eternal Feather":23,"Runic Capacitor":14,"Whetstone":6,"Frozen Egg 2":4,"Orichalcum":14,"Boot":5,"Cursed Key":9,"MawBank":17,"Mercury Hourglass":17,"Peace Pipe":14,"Calling Bell":17,"DataDisk":21,"Mummified Hand":16,"Gambling Chip":13,"Molten Egg 2":21,"Coffee Dripper":0,"Cracked Core":0,"TungstenRod":11},{"Ice Cream":67,"Vajra":24,"Oddly Smooth Stone":98,"StoneCalendar":74,"Eternal Feather":89,"Runic Capacitor":59,"Whetstone":29,"Frozen Egg 2":18,"Orichalcum":59,"Boot":24,"Cursed Key":43,"MawBank":67,"Mercury Hourglass":67,"Peace Pipe":59,"Calling Bell":67,"DataDisk":79,"Mummified Hand":64,"Gambling Chip":54,"Molten Egg 2":79,"Coffee Dripper":0,"Cracked Core":0,"TungstenRod":47}],"TungstenRod":38},"card_choices":[{"not_picked":["Turbo","Double Energy"],"picked":"White Noise","floor":1.0},{"not_picked":["Turbo","Ball Lightning"],"picked":"Cold Snap","floor":3.0},{"not_picked":["Steam Power","Compile Driver"],"picked":"BootSequence","floor":4.0},{"not_picked":["Rebound","Double Energy"],"picked":"Coolheaded","floor":6.0},{"not_picked":["Rip and Tear","Go for the Eyes"],"picked":"Electrodynamics+1","floor":8.0},{"not_picked":["Rebound","Reinforced Body"],"picked":"All For One","floor":11.0},{"not_picked":["Leap","Stack"],"picked":"Ball Lightning","floor":13.0},{"not_picked":["Ball Lightning","Barrage"],"picked":"Heatsinks+1","floor":14.0},{"not_picked":["Meteor Strike","Electrodynamics+1"],"picked":"Creative AI+1","floor":16.0},{"not_picked":["Reinforced Body","Go for the Eyes","Gash+1"],"picked":"SKIP","floor":18.0},{"not_picked":["Ball Lightning","Stack"],"picked":"Conserve Battery","floor":19.0},{"not_picked":["Hologram","Glacier"],"picked":"Machine Learning+1","floor":22.0},{"not_picked":["Aggregate","Ball Lightning"],"picked":"Recycle","floor":23.0},{"not_picked":["Sweeping Beam","Stack"],"picked":"Heatsinks+1","floor":25.0},{"not_picked":["Streamline","Ball Lightning+1"],"picked":"FTL+1","floor":30},{"not_picked":["Streamline","White Noise+1"],"picked":"Creative AI+1","floor":31},{"not_picked":["Reboot","Thunder Strike"],"picked":"Seek","floor":33},{"not_picked":["Beam Cell","Cold Snap+1"],"picked":"Blizzard+1","floor":35},{"not_picked":["Redo","Rip and Tear+1"],"picked":"Defragment+1","floor":38},{"not_picked":["Compile Driver","Rebound"],"picked":"Buffer+1","floor":40},{"not_picked":["Cold Snap+1","Rip and Tear+1","Static Discharge+1"],"picked":"SKIP","floor":42},{"not_picked":["Force Field","Barrage+1","Conserve Battery"],"picked":"SKIP","floor":45},{"not_picked":["Streamline+1","Cold Snap+1","Chaos+1"],"picked":"SKIP","floor":48},{"not_picked":["Rebound+1","Hello World+1","Chill"],"picked":"SKIP","floor":54}],"player_experience":981146,"relics_obtained":[{"floor":6.0,"key":"Frozen Egg 2"},{"floor":8.0,"key":"Boot"},{"floor":9.0,"key":"Vajra"},{"floor":11.0,"key":"Whetstone"},{"floor":23.0,"key":"Gambling Chip"},{"floor":25.0,"key":"Peace Pipe"},{"floor":26.0,"key":"Orichalcum"},{"floor":31,"key":"Mummified Hand"},{"floor":34,"key":"MawBank"},{"floor":34,"key":"Mercury Hourglass"},{"floor":34,"key":"Ice Cream"},{"floor":40,"key":"StoneCalendar"},{"floor":42,"key":"DataDisk"},{"floor":48,"key":"Eternal Feather"},{"floor":54,"key":"Oddly Smooth Stone"}],"event_choices":[{"damage_healed":0.0,"max_hp_gain":0.0,"max_hp_loss":0.0,"gold_gain":0.0,"cards_transformed":["Strike_B"],"event_name":"Living Wall","player_choice":"Change","floor":2.0,"gold_loss":0.0,"damage_taken":0.0,"cards_obtained":["Ball Lightning"]},{"damage_healed":0.0,"max_hp_gain":0.0,"max_hp_loss":0.0,"gold_gain":75.0,"event_name":"World of Goop","player_choice":"Gather Gold","floor":5.0,"gold_loss":0.0,"damage_taken":11.0},{"cards_removed":["Strike_B"],"damage_healed":0.0,"max_hp_gain":0.0,"max_hp_loss":0.0,"gold_gain":0.0,"event_name":"Purifier","player_choice":"Purged","floor":12.0,"gold_loss":0.0,"damage_taken":0.0},{"damage_healed":0.0,"max_hp_gain":0.0,"max_hp_loss":0.0,"gold_gain":0.0,"event_name":"Vampires","player_choice":"Ignored","floor":21.0,"gold_loss":0.0,"damage_taken":0.0},{"cards_removed":["Defend_B"],"damage_healed":0,"gold_gain":0,"player_choice":"Upgrade and Remove","damage_taken":0,"max_hp_gain":0,"max_hp_loss":0,"event_name":"Designer","floor":36,"gold_loss":90,"cards_upgraded":["Defend_B"]},{"damage_healed":0,"gold_gain":0,"player_choice":"Ignored","damage_taken":0,"max_hp_gain":0,"max_hp_loss":0,"event_name":"Tomb of Lord Red Mask","floor":39,"gold_loss":0},{"cards_removed":["Ball Lightning"],"damage_healed":0,"gold_gain":0,"player_choice":"Gave Card","damage_taken":0,"relics_obtained":["Molten Egg 2"],"max_hp_gain":0,"max_hp_loss":0,"event_name":"WeMeetAgain","floor":44,"gold_loss":0}],"is_beta":false,"boss_relics":[{"not_picked":["Black Star","Runic Pyramid"],"picked":"Cursed Key"},{"not_picked":["SacredBark","Runic Dome"],"picked":"Calling Bell"}],"items_purged_floors":[20,53],"is_endless":false,"potions_floor_spawned":[1,4,14,16,19,22,30,33,40,42,45,54],"ascension_level":9}}