{"host":"4amcrcg6ktw8dbzk","time":1608721036,"event":{"mods":["ATMod(°¢èªMod)","BaseMod","Dota2Spire","Minty Spire (QoL Compilation)","MostiFishMod","Spicy Shops","StSLib","Waifu the Spire"],"gold_per_floor":[119,56,73,73,88,116,116,28,75,110,140,244,298,107,107,243,243,296,296,381,381,381],"floor_reached":21,"playtime":826,"items_purged":["Strike_P","Defend_P","Defend_P"],"score":391,"play_id":"383412dc-42e6-4519-8c59-fb97c161076a","local_time":"20201223185716","is_ascension_mode":true,"campfire_choices":[{"floor":7.0,"key":"REST"},{"data":"Fasting2","floor":15.0,"key":"SMITH"}],"circlet_count":0,"master_deck":["AscendersBane","Strike_P","Strike_P+1","Strike_P","Defend_P","Defend_P","Eruption+1","Vigilance","AT_TwilightShroud","FlurryOfBlows","AT_ChampionStep","Perseverance","Tantrum","Sanctity","Fasting2+1","MostiFishMod:StarOceanP","AT_DivineConfetti"],"relics":["PureWater","DaveBox","AT_ATBox","Membership Card","Vajra","Happy Flower","AT_ChloranthyRing","CeramicFish","Unceasing Top","AT_MibuBalloonWealth","Odd Mushroom","Shuriken","Cursed Key"],"acts_visited":["Exordium","TheCity"],"potions_floor_usage":[],"damage_taken":[{"damage":0.0,"enemies":"Cultist","floor":1.0,"turns":3.0},{"damage":0.0,"enemies":"2 Louse","floor":3.0,"turns":2.0},{"damage":0.0,"enemies":"Small Slimes","floor":5.0,"turns":2.0},{"damage":31.0,"enemies":"Lagavulin","floor":6.0,"turns":10.0},{"damage":5.0,"enemies":"3 Sentries","floor":10.0,"turns":6.0},{"damage":0.0,"enemies":"The Mushroom Lair","floor":12.0,"turns":3.0},{"damage":1.0,"enemies":"Looter","floor":13.0,"turns":3.0},{"damage":0,"enemies":"Slime Boss","floor":16,"turns":4},{"damage":9,"enemies":"Shell Parasite","floor":18,"turns":3},{"damage":43,"enemies":"3 Byrds","floor":20,"turns":4},{"damage":15,"enemies":"Shelled Parasite and Fungi","floor":21,"turns":2}],"seed_played":"2918673543644755513","potions_obtained":[{"floor":1.0,"key":"Strength Potion"},{"floor":3.0,"key":"EntropicBrew"},{"floor":10.0,"key":"BlessingOfTheForge"},{"floor":12.0,"key":"SkillPotion"},{"floor":20,"key":"SteroidPotion"}],"is_trial":false,"path_per_floor":["M","$","M","?","M","E","R","$","T","E","?","?","M","$","R","B",null,"M","?","M","M"],"character_chosen":"WATCHER","items_purchased":["FlurryOfBlows","AT_ChloranthyRing","Shuriken"],"campfire_rested":1,"item_purchase_floors":[2,8,14],"current_hp_per_floor":[65,65,65,51,51,20,41,41,41,36,36,36,35,35,35,35,63,54,54,11,0,0],"gold":381,"neow_bonus":"RANDOM_COMMON_RELIC","is_daily":false,"chose_seed":false,"campfire_upgraded":1,"win_rate":0.0,"timestamp":1608721036,"path_taken":["M","?","M","?","M","E","R","$","T","E","?","?","M","?","R","BOSS","M","?","M","M"],"items_purchased_type":["Card","Relic","Relic"],"build_version":"2020-12-22","purchased_purges":3,"victory":false,"max_hp_per_floor":[72,72,72,72,72,72,72,72,72,72,72,72,72,72,72,72,72,72,72,72,72,72],"card_choices":[{"not_picked":["DeceiveReality","Crescendo","PathToVictory"],"picked":"SKIP","floor":1.0},{"not_picked":["Swivel","FollowUp"],"picked":"AT_ChampionStep","floor":3.0},{"not_picked":["Halt","EmptyFist"],"picked":"Perseverance","floor":5.0},{"not_picked":["BowlingBash","FollowUp"],"picked":"Tantrum","floor":6.0},{"not_picked":["AT_ChampionStep","WaveOfTheHand","MostiFishMod:Unraveling"],"picked":"SKIP","floor":10.0},{"not_picked":["EmptyFist","Crescendo"],"picked":"Sanctity","floor":12.0},{"not_picked":["JustLucky","EmptyFist"],"picked":"Fasting2","floor":13.0},{"not_picked":["MostiFishMod:StarHerder","MostiFishMod:Unraveling"],"picked":"MostiFishMod:StarOceanP","floor":16},{"not_picked":["Consecrate","SignatureMove"],"picked":"AT_DivineConfetti","floor":18},{"not_picked":["Sanctity","AT_RealFormLess","WindmillStrike"],"picked":"SKIP","floor":20}],"player_experience":307738,"relics_obtained":[{"floor":6.0,"key":"Happy Flower"},{"floor":9.0,"key":"CeramicFish"},{"floor":10.0,"key":"Unceasing Top"},{"floor":12.0,"key":"Odd Mushroom"}],"event_choices":[{"damage_healed":0.0,"max_hp_gain":0.0,"max_hp_loss":0.0,"gold_gain":0.0,"event_name":"Shining Light","player_choice":"Entered Light","floor":4.0,"gold_loss":0.0,"damage_taken":14.0,"cards_upgraded":["Strike_P","Eruption"]},{"damage_healed":0.0,"max_hp_gain":0.0,"max_hp_loss":0.0,"gold_gain":30.0,"event_name":"Dead Adventurer","player_choice":"Searched \u00272\u0027 times","floor":11.0,"gold_loss":0.0,"damage_taken":0.0,"relics_obtained":["AT_MibuBalloonWealth"]},{"damage_healed":0.0,"max_hp_gain":0.0,"max_hp_loss":0.0,"gold_gain":0.0,"event_name":"Mushrooms","player_choice":"Fought Mushrooms","floor":12.0,"gold_loss":0.0,"damage_taken":0.0},{"damage_healed":0,"gold_gain":0,"player_choice":"Bought 0 Potions","damage_taken":0,"max_hp_gain":0,"max_hp_loss":0,"event_name":"The Woman in Blue","floor":19,"gold_loss":0}],"is_beta":false,"boss_relics":[{"not_picked":["Empty Cage","Tiny House"],"picked":"Cursed Key"}],"items_purged_floors":[2,8,14],"is_endless":false,"potions_floor_spawned":[1,3,10,12,16,20],"killed_by":"Shelled Parasite and Fungi","ascension_level":13}}