{"host":"ou23awlgcm0pi7o1","time":1608746154,"event":{"mods":["BaseMod","Colored Map","Downfall","Minty Spire (QoL Compilation)","StSLib","Unceasing Turn Reminder"],"gold_per_floor":[99,116,116,116,132,160,160,160,0,30,27,55,67,79,105,218,230,92,120,232,244,269,295,333,77,107,119,204,204,214,245,257,358,358,358,375,375,453,467,392,462,327,353,353,380,400,414,366,386,386,386,414,181,181,181],"floor_reached":56,"playtime":5265,"items_purged":["champ:Strike","champ:Defend","champ:Strike+1","champ:BringItOn"],"score":1621,"play_id":"0324e48a-8449-4995-87f5-22c0839b649a","local_time":"20201223175554","is_ascension_mode":true,"campfire_choices":[{"data":"champ:SteelEdge","floor":1.0,"key":"SMITH"},{"data":"champ:Control","floor":8.0,"key":"SMITH"},{"data":"champ:StrikeOfGenius","floor":13.0,"key":"SMITH"},{"data":"champ:VampiricStrike","floor":18.0,"key":"SMITH"},{"data":"champ:DancingMaster","floor":29,"key":"SMITH"},{"floor":35,"key":"RECALL"},{"data":"champ:IronFortress","floor":40,"key":"SMITH"},{"data":"champ:CrownThrow","floor":44,"key":"SMITH"},{"data":"champ:ArenaPreparation","floor":54,"key":"SMITH"}],"circlet_count":0,"master_deck":["champ:Defend+1","champ:Defend+1","champ:Execute+1","champ:Taunt+1","champ:SteelEdge+1","champ:IronFortress+1","champ:FlashCut","champ:Control+1","champ:StrikeOfGenius+1","champ:RisingSlash","champ:AdrenalArmor","champ:VampiricStrike+1","champ:Backstep+1","champ:FlashCut+1","champ:ShieldWall","champ:DancingMaster+1","champ:CrownThrow+1","champ:AdrenalArmor","champ:StanceDance","champ:StanceDance","champ:RisingSlash+1","champ:ShieldThrow+1","champ:Backstep+1","expansioncontent:GuardianWhirl+1","expansioncontent:DecasProtection","champ:BerserkerStyle+1","champ:IronFortress+1","champ:FanOfKnives+1","champ:Improvising+1","champ:DefensiveStyle+1","champ:Backstep+1","champ:Balance+1","champ:AdrenalArmor","champ:RisingSlash+1","champ:ArenaPreparation+1"],"relics":["champ:ChampionCrown","Lantern","Toy Ornithopter","champ:BerserkersGuideToSlaughter","MawBank","Bag of Preparation","Philosopher\u0027s Stone","downfall:HeartBlessingGreen","downfall:HeartBlessingBlue","MutagenicStrength","Smiling Mask","champ:Barbells","Blue Candle","Molten Egg 2","Coffee Dripper","Frozen Egg 2","downfall:HeartBlessingRed","Letter Opener","Potion Belt","Bottled Tornado","Strawberry","Toolbox","Pen Nib"],"acts_visited":["Exordium","TheCity","TheBeyond","TheEnding"],"potions_floor_usage":[42,55,55],"damage_taken":[{"damage":5.0,"enemies":"2 Louse","floor":2.0,"turns":5.0},{"damage":13.0,"enemies":"Small Slimes","floor":5.0,"turns":4.0},{"damage":49.0,"enemies":"Gremlin Nob","floor":6.0,"turns":6.0},{"damage":0.0,"enemies":"downfall:FleeingMerchant","floor":9.0,"turns":4.0},{"damage":35.0,"enemies":"Lagavulin","floor":10.0,"turns":6.0},{"damage":0.0,"enemies":"downfall:FleeingMerchant","floor":11.0,"turns":4.0},{"damage":0.0,"enemies":"Jaw Worm","floor":12.0,"turns":4.0},{"damage":11.0,"enemies":"Blue Slaver","floor":15.0,"turns":3.0},{"damage":39.0,"enemies":"downfall:Watcher","floor":16.0,"turns":11.0},{"damage":8.0,"enemies":"Shell Parasite","floor":19.0,"turns":5.0},{"damage":24,"enemies":"downfall:Augmenter","floor":20,"turns":6},{"damage":0,"enemies":"Spheric Guardian","floor":22,"turns":2},{"damage":0,"enemies":"3 Cultists","floor":23,"turns":5},{"damage":32,"enemies":"downfall:FleeingMerchant","floor":25,"turns":4},{"damage":29,"enemies":"Gremlin Leader","floor":26,"turns":7},{"damage":19,"enemies":"Snecko","floor":27,"turns":5},{"damage":30,"enemies":"Chosen and Byrds","floor":30,"turns":5},{"damage":64,"enemies":"Slavers","floor":31,"turns":6},{"damage":10,"enemies":"Sentry and Sphere","floor":32,"turns":4},{"damage":26,"enemies":"downfall:Ironclad","floor":33,"turns":7},{"damage":0,"enemies":"Orb Walker","floor":36,"turns":3},{"damage":22,"enemies":"3 Darklings","floor":39,"turns":6},{"damage":3,"enemies":"downfall:FleeingMerchant","floor":42,"turns":4},{"damage":19,"enemies":"Reptomancer","floor":43,"turns":4},{"damage":28,"enemies":"Giant Head","floor":45,"turns":5},{"damage":0,"enemies":"Jaw Worm Horde","floor":46,"turns":3},{"damage":27,"enemies":"Spire Growth","floor":47,"turns":4},{"damage":10,"enemies":"downfall:FleeingMerchant","floor":48,"turns":3},{"damage":0,"enemies":"3 Darklings","floor":49,"turns":2},{"damage":94,"enemies":"downfall:Silent","floor":50,"turns":9},{"damage":26,"enemies":"downfall:CharBossMerchant","floor":52,"turns":6},{"damage":171,"enemies":"downfall:NeowBoss","floor":55,"turns":15}],"seed_played":"-2873301814265306751","potions_obtained":[{"floor":5.0,"key":"champ:CounterPotion"},{"floor":12.0,"key":"Dexterity Potion"},{"floor":15.0,"key":"FearPotion"},{"floor":26,"key":"EssenceOfSteel"},{"floor":31,"key":"SkillPotion"},{"floor":32,"key":"champ:TechniquePotion"},{"floor":45,"key":"Dexterity Potion"},{"floor":46,"key":"SpeedPotion"}],"is_trial":false,"path_per_floor":["R","M","?","?","M","E","T","R","$","E","$","M","R","T","M","B",null,"R","M","?","?","M","M","T","$","E","M","?","R","M","E","M","B",null,"R","M","?","T","M","R","T","$","E","R","E","M","M","$","M","B",null,"E","$","R","B",null],"character_chosen":"THE_CHAMP","items_purchased":["champ:BerserkersGuideToSlaughter","champ:Barbells","champ:AdrenalArmor","champ:IronFortress+1","Strawberry","champ:AdrenalArmor","Toolbox","champ:ArenaPreparation","FairyPotion"],"campfire_rested":0,"item_purchase_floors":[9,25,25,42,48,48,48,53,53],"current_hp_per_floor":[90,90,90,87,79,45,45,45,45,42,47,55,55,55,59,69,95,105,105,105,105,105,105,105,102,110,110,92,92,93,77,105,110,110,110,110,100,100,103,103,103,110,110,110,110,110,110,117,117,104,117,117,117,117,117],"gold":181,"neow_bonus":"ONE_RANDOM_RARE_CARD","is_daily":false,"chose_seed":false,"campfire_upgraded":8,"win_rate":0.0,"timestamp":1608746154,"path_taken":["R","M","?","?","M","E","T","R","$","E","?","M","R","?","M","BOSS","R","M","?","?","M","M","T","$","E","M","?","R","M","E","M","BOSS","R","M","?","?","M","R","T","$","E","R","E","?","M","$","M","BOSS","E","$","R","BOSS"],"items_purchased_type":["Relic","Relic","Card","Card","Relic","Card","Relic","Card","Potion"],"build_version":"2020-12-22","purchased_purges":4,"victory":true,"max_hp_per_floor":[90,90,90,90,90,90,90,90,90,90,90,90,90,90,90,95,95,105,105,105,105,105,105,105,105,110,110,110,110,110,110,110,110,110,110,110,110,110,110,110,110,110,110,110,110,110,110,117,117,117,117,117,117,117,117],"card_choices":[{"not_picked":["champ:Circumvent","champ:GladiatorsShout"],"picked":"champ:IronFortress","floor":2.0},{"not_picked":["champ:Haymaker","champ:FanOfKnives"],"picked":"champ:FlashCut","floor":5.0},{"not_picked":["champ:FalseCounter","champ:RageSigil"],"picked":"champ:Control","floor":6.0},{"not_picked":["champ:Lariat","champ:BerserkersShout"],"picked":"champ:FightOn","floor":9.0},{"not_picked":["champ:RapidStrikes","champ:SwordSigil"],"picked":"champ:StrikeOfGenius","floor":10.0},{"not_picked":["champ:GladiatorStyle","champ:ShieldSigil"],"picked":"champ:BringItOn","floor":11.0},{"not_picked":["champ:DefensiveShout","champ:StanceDance"],"picked":"champ:RisingSlash","floor":12.0},{"not_picked":["champ:Circumvent","champ:BerserkersShout"],"picked":"champ:AdrenalArmor","floor":15.0},{"not_picked":["champ:Devastate","champ:ShieldSlam"],"picked":"champ:VampiricStrike","floor":16.0},{"not_picked":["champ:BringItOn","champ:GladiatorsShout"],"picked":"champ:Backstep+1","floor":19.0},{"not_picked":["champ:SkillfulDodge","champ:FocusedBerserking"],"picked":"champ:FlashCut+1","floor":20},{"not_picked":["champ:ShieldSigil","champ:RageSigil"],"picked":"champ:CrownThrow","floor":22},{"not_picked":["champ:FocusedBerserking+1","champ:ShieldSigil+1","champ:Encircle"],"picked":"SKIP","floor":23},{"not_picked":["champ:Shatter","champ:DefensiveShout"],"picked":"champ:FightOn","floor":25},{"not_picked":["champ:BringItOn+1","champ:Devastate"],"picked":"champ:StanceDance","floor":26},{"not_picked":["champ:GladiatorStyle","champ:PerfectedStrike"],"picked":"champ:StanceDance","floor":27},{"not_picked":["champ:StanceDance+1","champ:PerfectedStrike+1","champ:FanOfKnives+1"],"picked":"SKIP","floor":30},{"not_picked":["champ:BladeFlurry+1","champ:ShieldSigil","champ:DefensiveShout"],"picked":"SKIP","floor":31},{"not_picked":["champ:HeartStrike+1","champ:BerserkersShout"],"picked":"champ:RisingSlash+1","floor":32},{"not_picked":["champ:EnchantSword","champ:CheapShot+1"],"picked":"champ:ShieldThrow+1","floor":33},{"not_picked":["champ:DefensiveShout","champ:FocusedBerserking+1"],"picked":"champ:Backstep+1","floor":36},{"not_picked":["expansioncontent:DecasProtection","expansioncontent:Flail+1"],"picked":"expansioncontent:GuardianWhirl+1","floor":37},{"not_picked":["expansioncontent:DonusPower","expansioncontent:Collect"],"picked":"expansioncontent:DecasProtection","floor":37},{"not_picked":["champ:TornadoPunch+1","champ:GutPunch+1","champ:EnGarde+1"],"picked":"SKIP","floor":39},{"not_picked":["champ:FanOfKnives+1","champ:CalledShot+1"],"picked":"champ:BerserkerStyle+1","floor":42},{"not_picked":["champ:PerfectedStrike+1","champ:BladeFlurry+1"],"picked":"champ:FanOfKnives+1","floor":43},{"not_picked":["champ:RageSigil","champ:Shatter+1"],"picked":"champ:Improvising+1","floor":45},{"not_picked":["champ:BerserkersShout+1","champ:DeathBlow+1"],"picked":"champ:DefensiveStyle+1","floor":46},{"not_picked":["champ:BringItOn+1","champ:Circumvent"],"picked":"champ:Backstep+1","floor":47},{"not_picked":["champ:HoldFirm","champ:SwordSigil"],"picked":"champ:Balance+1","floor":48},{"not_picked":["champ:TornadoPunch+1","champ:RecklessLeap+1","champ:Backstep+1"],"picked":"SKIP","floor":49},{"not_picked":["champ:Circumvent+1","champ:CrookedStrike+1"],"picked":"champ:RisingSlash+1","floor":52}],"player_experience":339883,"relics_obtained":[{"floor":6.0,"key":"Toy Ornithopter"},{"floor":10.0,"key":"MawBank"},{"floor":14.0,"key":"Bag of Preparation"},{"floor":20,"key":"MutagenicStrength"},{"floor":24,"key":"Smiling Mask"},{"floor":26,"key":"Blue Candle"},{"floor":31,"key":"Molten Egg 2"},{"floor":38,"key":"Frozen Egg 2"},{"floor":41,"key":"Letter Opener"},{"floor":43,"key":"Potion Belt"},{"floor":45,"key":"Bottled Tornado"},{"floor":52,"key":"Pen Nib"}],"event_choices":[{"damage_healed":0.0,"max_hp_gain":0.0,"max_hp_loss":0.0,"gold_gain":0.0,"event_name":"Scrap Ooze","player_choice":"Success","floor":4.0,"gold_loss":0.0,"damage_taken":3.0,"relics_obtained":["Lantern"]},{"damage_healed":0,"gold_gain":0,"player_choice":"Ignored","damage_taken":0,"max_hp_gain":0,"max_hp_loss":0,"event_name":"Vampires","floor":21,"gold_loss":0}],"is_beta":false,"boss_relics":[{"not_picked":["Pandora\u0027s Box","SacredBark"],"picked":"Philosopher\u0027s Stone"},{"not_picked":["Tiny House","Snecko Eye"],"picked":"Coffee Dripper"}],"items_purged_floors":[25,42,48,53],"is_endless":false,"potions_floor_spawned":[5,12,15,16,26,31,32,33,36,45,46],"ascension_level":4}}