{"host":"99ad87xtd5ypi7ii","time":1608728422,"event":{"mods":["BaseMod","Hermit","Highlight Path","Marisa????????","Minty Spire (QoL Compilation)","Robot Space Explorer","StSLib","The Bladedancer","The Construct","The Cursed","The Disciple","The Gatherer","The Hierophant","The Runesmith","The Servant 0.9.4","TheVacant"],"gold_per_floor":[113,288,288,302,320,320,351,368,368,387,387,387],"floor_reached":11,"playtime":524,"items_purged":[],"score":86,"play_id":"7e33f75e-80f8-432e-8018-b051c355c223","local_time":"20201223140022","is_ascension_mode":true,"campfire_choices":[{"data":"TheCursedMod:CursedBoomerang","floor":6,"key":"SMITH"}],"circlet_count":0,"master_deck":["TheCursedMod:Strike_TheCursed","TheCursedMod:Strike_TheCursed","TheCursedMod:Strike_TheCursed","TheCursedMod:Strike_TheCursed","TheCursedMod:Defend_TheCursed","TheCursedMod:Defend_TheCursed","TheCursedMod:Defend_TheCursed","TheCursedMod:Defend_TheCursed","TheCursedMod:CursedWand","TheCursedMod:CleanUpWorkshop","TheCursedMod:Dregs","TheCursedMod:CursedBlade","Doubt","TheCursedMod:SpitefulPlan","TheCursedMod:CursedBoomerang+1","TheCursedMod:Evocation","TheCursedMod:Grudge","TheCursedMod:SoulCrush"],"relics":["TheCursedMod:BlackMagic101","TheCursedMod:Tack","Bottled Tornado"],"acts_visited":["Exordium"],"potions_floor_usage":[8,11],"damage_taken":[{"damage":0,"enemies":"2 Louse","floor":1,"turns":3},{"damage":23,"enemies":"Jaw Worm","floor":4,"turns":6},{"damage":1,"enemies":"Cultist","floor":5,"turns":5},{"damage":17,"enemies":"Lagavulin","floor":7,"turns":6},{"damage":7,"enemies":"Large Slime","floor":8,"turns":5},{"damage":4,"enemies":"2 Fungi Beasts","floor":10,"turns":3},{"damage":32,"enemies":"Gremlin Nob","floor":11,"turns":3}],"seed_played":"-7475408147116443771","potions_obtained":[{"floor":5,"key":"Dexterity Potion"},{"floor":7,"key":"GamblersBrew"},{"floor":8,"key":"CultistPotion"}],"is_trial":false,"path_per_floor":["M","?","?","M","M","R","E","M","T","M","E"],"character_chosen":"THE_CURSED","items_purchased":[],"campfire_rested":0,"item_purchase_floors":[],"current_hp_per_floor":[82,82,82,59,58,58,41,34,34,30,0,0],"gold":387,"neow_bonus":"TEN_PERCENT_HP_BONUS","is_daily":false,"chose_seed":false,"campfire_upgraded":1,"win_rate":0.0,"timestamp":1608728422,"path_taken":["M","?","?","M","M","R","E","?","T","M","E"],"items_purchased_type":[],"build_version":"2020-12-22","purchased_purges":0,"victory":false,"max_hp_per_floor":[82,82,82,82,82,82,82,82,82,82,82,82],"card_choices":[{"not_picked":["TheCursedMod:CircleOfFlame","TheCursedMod:SmokeScreen"],"picked":"TheCursedMod:CursedBlade","floor":1},{"not_picked":["TheCursedMod:SurpriseAttack","TheCursedMod:RapidMovement"],"picked":"TheCursedMod:SpitefulPlan","floor":4},{"not_picked":["TheCursedMod:HellsGateOpen","TheCursedMod:Obscuration"],"picked":"TheCursedMod:CursedBoomerang","floor":5},{"not_picked":["TheCursedMod:Stigma","TheCursedMod:TroublousMinions"],"picked":"TheCursedMod:Evocation","floor":7},{"not_picked":["TheCursedMod:Obscuration","TheCursedMod:SoulCrush"],"picked":"TheCursedMod:Grudge","floor":8},{"not_picked":["TheCursedMod:CursedBlade","TheCursedMod:SurpriseAttack"],"picked":"TheCursedMod:SoulCrush","floor":10}],"player_experience":826053,"relics_obtained":[{"floor":7,"key":"TheCursedMod:Tack"},{"floor":9,"key":"Bottled Tornado"}],"event_choices":[{"damage_healed":0,"gold_gain":175,"player_choice":"AGREE","damage_taken":0,"max_hp_gain":0,"max_hp_loss":0,"event_name":"Liars Game","floor":2,"gold_loss":0,"cards_obtained":["Doubt"]},{"damage_healed":0,"gold_gain":0,"player_choice":"Ignored","damage_taken":0,"max_hp_gain":0,"max_hp_loss":0,"event_name":"Fountain of Cleansing","floor":3,"gold_loss":0}],"is_beta":false,"boss_relics":[],"items_purged_floors":[],"is_endless":false,"potions_floor_spawned":[5,7,8],"killed_by":"Gremlin Nob","ascension_level":3}}