{"host":"eez7vtcxu2i37lck","time":1608723073,"event":{"mods":["AchievementEnabler","BaseMod","Colored Map","Colored Powertips","Downfall","Hermit","Highlight Path","Hubris","Infinite Spire","Jorbs\u0027s Wanderer Trilogy","Minty Spire (QoL Compilation)","Quick Restart","Rare Cards Sparkle","Replay The Spire","Shop Mod","StSLib","The IronCluck"],"gold_per_floor":[99,115,132,3,3,3,3,3,31,31,31,44,44,29,43,43,43,43],"floor_reached":16,"playtime":504,"items_purged":[],"score":98,"play_id":"a8ab0104-46f0-4b6b-8529-a3ba74ff5b0c","local_time":"20201223063113","is_ascension_mode":false,"campfire_choices":[{"data":"Slimebound:Split","floor":1,"key":"SMITH"},{"data":"Slimebound:AcidTongue","floor":13,"key":"SMITH"}],"circlet_count":0,"master_deck":["Slimebound:Strike_Slimebound","Slimebound:Strike_Slimebound","Slimebound:Strike_Slimebound","Slimebound:Tackle","Slimebound:Defend_Slimebound","Slimebound:Defend_Slimebound","Slimebound:Defend_Slimebound","Slimebound:Defend_Slimebound","Slimebound:Split+1","Slimebound:CorrosiveSpit","Slimebound:GrowthPunch","Slimebound:SplitMire","Slimebound:AcidTongue+1","Slimebound:Gluttony","Slimebound:LeechEnergy+1","ReplayTheSpireMod:??????????????????????+1","Slimebound:Schlurp","Slimebound:SplitMire","Slimebound:LeechingTouch","Slimebound:SplitAcid","Slimebound:Schlurp"],"relics":["Slimebound:AbsorbEndCombat","ReplayTheSpireMod:Shallot","hubris:Reverence"],"acts_visited":["Exordium"],"potions_floor_usage":[],"damage_taken":[{"damage":9,"enemies":"2 Louse","floor":2,"turns":4},{"damage":8,"enemies":"Small Slimes","floor":3,"turns":3},{"damage":12,"enemies":"downfall:FleeingMerchant","floor":4,"turns":4},{"damage":39,"enemies":"Lagavulin","floor":9,"turns":6},{"damage":0,"enemies":"Cultist","floor":10,"turns":1},{"damage":27,"enemies":"Exordium Thugs","floor":12,"turns":3},{"damage":29,"enemies":"downfall:FleeingMerchant","floor":14,"turns":4},{"damage":19,"enemies":"Red Slaver","floor":15,"turns":4},{"damage":80,"enemies":"downfall:Defect","floor":16,"turns":5}],"seed_played":"-1419489614692770625","potions_obtained":[{"floor":12,"key":"Dexterity Potion"},{"floor":15,"key":"FearPotion"}],"is_trial":false,"path_per_floor":["R","M","M","$","?","?","T","?","E","M","?","M","R","$","M","B"],"character_chosen":"SLIMEBOUND","items_purchased":["Slimebound:Gluttony","Slimebound:LeechEnergy+1"],"campfire_rested":0,"item_purchase_floors":[4,4],"current_hp_per_floor":[66,65,66,66,66,49,49,66,55,55,55,56,56,55,56,0,0,0],"gold":43,"neow_bonus":"TEN_PERCENT_HP_BONUS","is_daily":false,"chose_seed":false,"campfire_upgraded":2,"win_rate":0.0,"timestamp":1608723073,"path_taken":["R","M","M","$","?","?","T","?","E","M","?","?","R","?","M","BOSS"],"items_purchased_type":["Card","Card"],"build_version":"2020-12-22","purchased_purges":0,"victory":false,"max_hp_per_floor":[66,66,66,66,66,66,66,66,66,66,66,66,66,66,66,66,66,66],"card_choices":[{"not_picked":["Slimebound:GoopTackle","Slimebound:FlameTackle"],"picked":"Slimebound:GrowthPunch","floor":2},{"not_picked":["Slimebound:GoopSpray","Slimebound:ItLooksTasty"],"picked":"Slimebound:SplitMire","floor":3},{"not_picked":["Slimebound:ProtectTheBoss","Slimebound:FormOfPuddle"],"picked":"Slimebound:AcidTongue","floor":4},{"not_picked":["infinitespire:Punishment","infinitespire:FutureSight"],"picked":"ReplayTheSpireMod:??????????????????????","floor":6},{"not_picked":["Slimebound:MassRepurpose","Slimebound:MegaLick"],"picked":"Slimebound:Schlurp","floor":9},{"not_picked":["Slimebound:LivingWall","Slimebound:PressTheAttack"],"picked":"Slimebound:SplitMire","floor":10},{"not_picked":["Slimebound:RollThrough","Slimebound:SlimeSpikes"],"picked":"Slimebound:LeechingTouch","floor":12},{"not_picked":["Slimebound:FinishingTackle","Slimebound:SlimeSpikes"],"picked":"Slimebound:SplitAcid","floor":14},{"not_picked":["Slimebound:MegaLick","Slimebound:GoopSpray"],"picked":"Slimebound:Schlurp","floor":15}],"player_experience":225432,"relics_obtained":[{"floor":7,"key":"ReplayTheSpireMod:Shallot"},{"floor":9,"key":"hubris:Reverence"}],"event_choices":[{"damage_healed":0,"gold_gain":0,"player_choice":"Upgraded","damage_taken":0,"max_hp_gain":0,"max_hp_loss":0,"event_name":"Upgrade Shrine","floor":11,"gold_loss":0,"cards_upgraded":["ReplayTheSpireMod:??????????????????????"]}],"is_beta":false,"boss_relics":[],"items_purged_floors":[],"is_endless":false,"potions_floor_spawned":[12,15],"killed_by":"downfall:Defect","ascension_level":0}}