{"host":"htqwg582tjjtn9p7","time":1608739426,"event":{"mods":["2.2 Compatiblity","AchievementEnabler","Act Like it!","Aspiration","BaseMod","Better Third Choice","Colored Map","Conspire","Curses Come First","Displayed Cursed Tome","Energized Spire","Force Act Four","GifTheSpireLib","Hermit","Highlight Path","JesterMod","Mad Scientist","Minty Spire (QoL Compilation)","Pale of the Ancients","Permanent Neow","Random Character Button","Relic Stats","Replay The Spire","Robot Space Explorer","Somnambulant","Spicy Shops","Spikes Relics","StSLib","Stuff the Spire","The Blue Laboratory","The Disciple","The Dragon Tamer","The Forsaken","The Gatherer","The Judge","The Jungle","The Runesmith","The Servant 0.9.4"],"gold_per_floor":[116,86,103,118,138,138,167,184,184,215,215,6,6,6,6,89,89,109,34,84,107,130,130,149,177,231,231,272,298,48,57,57,131,131,145,168,186,186,61,104,128,148,148,186,197,44,44,0,0,0,11,23,52,52,52,63,63,63,63,63],"floor_reached":61,"playtime":2469,"items_purged":["Injury","theForsaken:TheForsaken_Strike","theForsaken:TheForsaken_Strike"],"score":2264,"play_id":"a48397a2-e2a1-438f-a3ed-82bdb0b006a2","local_time":"20201223170346","is_ascension_mode":true,"campfire_choices":[{"data":"theForsaken:ShieldBash","floor":6,"key":"SMITH"},{"floor":15,"key":"DIG"},{"data":"theForsaken:ShieldBash","floor":23,"key":"SMITH"},{"data":"theForsaken:ShieldBash","floor":27,"key":"SMITH"},{"data":"StuffTheSpire:Rapture","floor":32,"key":"SMITH"},{"data":"theForsaken:TheForsaken_Defend","floor":47,"key":"SMITH"},{"data":"theForsaken:AncientWords","floor":49,"key":"SMITH"},{"floor":55,"key":"RECALL"},{"data":"theForsaken:Penitence","floor":57,"key":"SMITH"}],"circlet_count":0,"master_deck":["AscendersBane","theForsaken:TheForsaken_Strike","theForsaken:TheForsaken_Strike","theForsaken:TheForsaken_Defend","theForsaken:TheForsaken_Defend","theForsaken:TheForsaken_Defend","theForsaken:TheForsaken_Defend+1","theForsaken:Smite+1","theForsaken:Penitence+1","theForsaken:ShieldBash+1","theForsaken:AncientWords+1","theForsaken:ShieldBash+1","theForsaken:HymnOfPatience+1","theForsaken:SacredOath+1","theForsaken:ShieldBash+1","theForsaken:BountifulSunlight+1","theForsaken:StoreUp+1","theForsaken:Devotion+1","theForsaken:NobleSacrifice+1","theForsaken:HymnOfPatience+1","theForsaken:StoreUp+1","StuffTheSpire:Rapture+1","theForsaken:StoreUp+1","Madness+1","Madness+1","theForsaken:StoreUp+1","theForsaken:NobleSacrifice+1","theForsaken:NobleSacrifice+1","theForsaken:SacredOath+1"],"relics":["theForsaken:JudgementScales","StuffTheSpire:Mouthbags","BicycleWheel","Toxic Egg 2","Lee\u0027s Waffle","CeramicFish","Mummified Hand","energizedSpire:DeadBattery","Bag of Marbles","Replay:Rubber Ducky","StuffTheSpire:BottledEssence","conspire:SpecialSausage","Pocketwatch","Vajra","StuffTheSpire:RubySignet","Red Mask","paleoftheancients:Timepiece","paleoftheancients:KeyRelic","Gremlin Horn","CultistMask","paleoftheancients:SoulOfTheWatcher","Pen Nib","Replay:Bottled Steam"],"acts_visited":["Exordium","TheCity","TheBeyond","TheBeyond"],"potions_floor_usage":[16,16,45,50],"damage_taken":[{"damage":4,"enemies":"2 Louse","floor":1,"turns":7},{"damage":3,"enemies":"Cultist","floor":3,"turns":5},{"damage":0,"enemies":"Small Slimes","floor":4,"turns":4},{"damage":11,"enemies":"Looter","floor":5,"turns":5},{"damage":27,"enemies":"Gremlin Nob","floor":7,"turns":6},{"damage":5,"enemies":"Large Slime","floor":8,"turns":10},{"damage":22,"enemies":"Lagavulin","floor":10,"turns":8},{"damage":23,"enemies":"Slime Boss","floor":16,"turns":12},{"damage":6,"enemies":"Chosen","floor":18,"turns":6},{"damage":9,"enemies":"Shell Parasite","floor":21,"turns":8},{"damage":42,"enemies":"Snake Plant","floor":22,"turns":7},{"damage":24,"enemies":"Chosen and Byrds","floor":24,"turns":7},{"damage":0,"enemies":"Snecko","floor":25,"turns":6},{"damage":38,"enemies":"Book of Stabbing","floor":28,"turns":8},{"damage":18,"enemies":"Centurion and Healer","floor":29,"turns":6},{"damage":10,"enemies":"Automaton","floor":33,"turns":6},{"damage":2,"enemies":"Orb Walker","floor":35,"turns":4},{"damage":7,"enemies":"3 Darklings","floor":36,"turns":4},{"damage":0,"enemies":"Giant Head","floor":40,"turns":6},{"damage":0,"enemies":"Spire Growth","floor":41,"turns":5},{"damage":37,"enemies":"4 Shapes","floor":42,"turns":7},{"damage":10,"enemies":"Reptomancer","floor":44,"turns":6},{"damage":8,"enemies":"Writhing Mass","floor":45,"turns":7},{"damage":33,"enemies":"conspire:OrnateMirror","floor":50,"turns":7},{"damage":23,"enemies":"conspire:OrnateMirror","floor":51,"turns":5},{"damage":0,"enemies":"conspire:OrnateMirror","floor":52,"turns":4},{"damage":0,"enemies":"conspire:MimicChest","floor":53,"turns":3},{"damage":0,"enemies":"conspire:MimicChest","floor":56,"turns":4},{"damage":0,"enemies":"paleoftheancients:N","floor":60,"turns":3}],"seed_played":"-5137588387071056999","potions_obtained":[{"floor":2,"key":"Explosive Potion"},{"floor":2,"key":"ColorlessPotion"},{"floor":3,"key":"ColorlessPotion"},{"floor":21,"key":"Reflective Coating"},{"floor":22,"key":"EssenceOfSteel"},{"floor":24,"key":"Strength Potion"},{"floor":35,"key":"Swift Potion"},{"floor":40,"key":"PowerPotion"},{"floor":52,"key":"blueLaboratory:BottledHope"},{"floor":53,"key":"Adrenaline Potion"}],"is_trial":false,"path_per_floor":["M","?","M","M","M","R","E","M","T","E","?","$","?","T","R_BF","B",null,"M","$","?","M","M","R","M","M","T","R","E","M","$","?","R","B",null,"M","M","?","?","$","E","M","M","T","E","M","$","R","?","R","B","M","M","?","T","R","M","R","T","?","B",null],"character_chosen":"THE_FORSAKEN","items_purchased":["Lee\u0027s Waffle","theForsaken:HymnOfPatience+1","StuffTheSpire:BottledEssence","theForsaken:SacredOath+1"],"campfire_rested":0,"item_purchase_floors":[12,12,30,46],"current_hp_per_floor":[57,57,60,61,56,56,40,47,47,37,37,68,68,68,68,68,68,68,68,68,68,56,56,68,68,68,68,53,68,68,68,68,68,68,68,68,56,52,52,68,68,68,68,68,68,68,68,68,68,66,57,68,68,68,68,68,68,68,68,68],"gold":63,"neow_bonus":"UPGRADE_CARD","is_daily":false,"chose_seed":false,"campfire_upgraded":7,"win_rate":0.0,"timestamp":1608739426,"path_taken":["M","?","?","M","?","R","E","M","T","E","?","$","?","?","R_BF","BOSS","M","$","?","M","M","R","M","M","T","R","E","M","$","?","R","BOSS","M","M","?","?","$","E","M","M","T","E","M","$","R","?","R","BOSS","M","M","?","T","R","M","R","T","?","BOSS"],"items_purchased_type":["Relic","Card","Relic","Card"],"build_version":"2020-12-22","purchased_purges":3,"victory":true,"max_hp_per_floor":[61,61,61,61,61,61,61,61,61,61,61,68,68,68,68,68,68,68,68,68,68,68,68,68,68,68,68,68,68,68,68,68,68,68,68,68,68,68,68,68,68,68,68,68,68,68,68,68,68,68,68,68,68,68,68,68,68,68,68,68],"relic_stats":{"Lee\u0027s Waffle":31,"Gremlin Horn":[14,14],"counters":[29,176],"Mummified Hand":[37],"CeramicFish":144,"Pen Nib":[1],"obtain_stats":[{"Lee\u0027s Waffle":12,"paleoftheancients:KeyRelic":50,"Gremlin Horn":50,"CeramicFish":14,"Vajra":43,"conspire:SpecialSausage":34,"StuffTheSpire:BottledEssence":30,"Pen Nib":53,"Ancient Tea Set":10,"energizedSpire:DeadBattery":17,"Replay:Rubber Ducky":28,"paleoftheancients:Timepiece":50,"StuffTheSpire:Mouthbags":7,"Mummified Hand":15,"CultistMask":50,"Bag of Marbles":26,"StuffTheSpire:RubySignet":44,"Red Mask":48,"paleoftheancients:SoulOfTheWatcher":51,"Toxic Egg 2":11,"theForsaken:JudgementScales":0,"BicycleWheel":9,"Pocketwatch":40,"Replay:Bottled Steam":54},{"Lee\u0027s Waffle":7,"paleoftheancients:KeyRelic":24,"Gremlin Horn":24,"CeramicFish":7,"Vajra":21,"conspire:SpecialSausage":16,"StuffTheSpire:BottledEssence":15,"Pen Nib":27,"Ancient Tea Set":7,"energizedSpire:DeadBattery":8,"Replay:Rubber Ducky":14,"paleoftheancients:Timepiece":24,"StuffTheSpire:Mouthbags":5,"Mummified Hand":7,"CultistMask":24,"Bag of Marbles":13,"StuffTheSpire:RubySignet":22,"Red Mask":23,"paleoftheancients:SoulOfTheWatcher":25,"Toxic Egg 2":7,"theForsaken:JudgementScales":0,"BicycleWheel":6,"Pocketwatch":19,"Replay:Bottled Steam":27},{"Lee\u0027s Waffle":45,"paleoftheancients:KeyRelic":157,"Gremlin Horn":157,"CeramicFish":45,"Vajra":137,"conspire:SpecialSausage":111,"StuffTheSpire:BottledEssence":105,"Pen Nib":169,"Ancient Tea Set":45,"energizedSpire:DeadBattery":57,"Replay:Rubber Ducky":99,"paleoftheancients:Timepiece":157,"StuffTheSpire:Mouthbags":27,"Mummified Hand":45,"CultistMask":157,"Bag of Marbles":91,"StuffTheSpire:RubySignet":143,"Red Mask":150,"paleoftheancients:SoulOfTheWatcher":162,"Toxic Egg 2":45,"theForsaken:JudgementScales":0,"BicycleWheel":37,"Pocketwatch":125,"Replay:Bottled Steam":169}],"Pocketwatch":[7]},"card_choices":[{"not_picked":["theForsaken:BindingThorns","theForsaken:ChargeAttack"],"picked":"theForsaken:ShieldBash","floor":1},{"not_picked":["theForsaken:HymnOfRest","theForsaken:BlindFaith"],"picked":"theForsaken:ShieldBash","floor":3},{"not_picked":["theForsaken:HealingLight","theForsaken:RainingSunlight","theForsaken:Parry"],"picked":"SKIP","floor":4},{"not_picked":["theForsaken:Thunderbolt","theForsaken:SolarFlare"],"picked":"theForsaken:AncientWords","floor":5},{"not_picked":["theForsaken:PowerUp","theForsaken:Terrorize","theForsaken:QuickAttack"],"picked":"SKIP","floor":7},{"not_picked":["theForsaken:Temperance","theForsaken:BlessedWeapon","theForsaken:LightRoll"],"picked":"SKIP","floor":8},{"not_picked":["theForsaken:Parry","theForsaken:ShieldCharge","theForsaken:PreciseStrike"],"picked":"SKIP","floor":10},{"not_picked":["theForsaken:Retribution+1","theForsaken:SpreadingPlague"],"picked":"theForsaken:SacredOath+1","floor":16},{"not_picked":["theForsaken:FatRoll+1","theForsaken:CowardsBrand"],"picked":"theForsaken:ShieldBash","floor":18},{"not_picked":["theForsaken:Thunderbolt","theForsaken:HorrifyingStrike"],"picked":"theForsaken:BountifulSunlight+1","floor":21},{"not_picked":["theForsaken:ChargeAttack","theForsaken:MagicWeapon"],"picked":"theForsaken:StoreUp+1","floor":22},{"not_picked":["theForsaken:Tranquility+1","theForsaken:ShieldCharge"],"picked":"theForsaken:Devotion+1","floor":24},{"not_picked":["theForsaken:PanicDive+1","theForsaken:FuryStrikes"],"picked":"theForsaken:NobleSacrifice+1","floor":25},{"not_picked":["theForsaken:Temperance","theForsaken:LightRoll+1"],"picked":"theForsaken:HymnOfPatience+1","floor":28},{"not_picked":["theForsaken:CleansingLight+1","theForsaken:ChargeAttack"],"picked":"theForsaken:StoreUp+1","floor":29},{"not_picked":["StuffTheSpire:Harmony","StuffTheSpire:Vigor"],"picked":"StuffTheSpire:Rapture","floor":31},{"not_picked":["theForsaken:BottledPlague+1","theForsaken:FuryStrikes","theForsaken:Tranquility+1"],"picked":"SKIP","floor":35},{"not_picked":["theForsaken:CreepingInfection+1","theForsaken:QuickAttack"],"picked":"theForsaken:StoreUp+1","floor":36},{"not_picked":["theForsaken:Riposte","theForsaken:HealingLight+1"],"picked":"theForsaken:StoreUp+1","floor":40},{"not_picked":["theForsaken:FatRoll+1","theForsaken:HymnOfPatience+1"],"picked":"theForsaken:NobleSacrifice+1","floor":41},{"not_picked":["theForsaken:InspiringBlow+1","theForsaken:RainingSunlight","theForsaken:DarkRift"],"picked":"SKIP","floor":42},{"not_picked":["theForsaken:ScorchingSunlight+1","theForsaken:BlindFaith+1"],"picked":"theForsaken:NobleSacrifice+1","floor":44},{"not_picked":["theForsaken:QuickAttack","theForsaken:PanicDive+1","theForsaken:Tranquility+1"],"picked":"SKIP","floor":45},{"not_picked":["theForsaken:ShieldCharge","theForsaken:AncientWords+1","theForsaken:HymnOfPatience+1"],"picked":"SKIP","floor":51},{"not_picked":["theForsaken:SpinAttack","theForsaken:StoreUp+1","theForsaken:CreepingInfection+1"],"picked":"SKIP","floor":52},{"not_picked":["theForsaken:CleansingLight+1","theForsaken:HymnOfPatience+1","theForsaken:PowerUp+1"],"picked":"SKIP","floor":56}],"player_experience":1752613,"relics_obtained":[{"floor":7,"key":"StuffTheSpire:Mouthbags"},{"floor":9,"key":"BicycleWheel"},{"floor":10,"key":"Ancient Tea Set"},{"floor":14,"key":"CeramicFish"},{"floor":15,"key":"Mummified Hand"},{"floor":26,"key":"Bag of Marbles"},{"floor":28,"key":"Replay:Rubber Ducky"},{"floor":40,"key":"Pocketwatch"},{"floor":43,"key":"Vajra"},{"floor":44,"key":"StuffTheSpire:RubySignet"},{"floor":51,"key":"paleoftheancients:SoulOfTheWatcher"},{"floor":53,"key":"Pen Nib"},{"floor":54,"key":"Replay:Bottled Steam"}],"event_choices":[{"damage_healed":0,"gold_gain":0,"player_choice":"Bought 2 Potions","damage_taken":0,"max_hp_gain":0,"max_hp_loss":0,"event_name":"The Woman in Blue","floor":2,"gold_loss":0},{"damage_healed":0,"gold_gain":0,"player_choice":"Ignored","damage_taken":0,"max_hp_gain":0,"max_hp_loss":0,"event_name":"Golden Idol","floor":13,"gold_loss":0},{"damage_healed":0,"gold_gain":50,"player_choice":"Steal","damage_taken":0,"max_hp_gain":0,"max_hp_loss":0,"event_name":"betterThird:BetterNest","floor":20,"gold_loss":0},{"damage_healed":0,"gold_gain":0,"player_choice":"Embrace Madness","damage_taken":12,"max_hp_gain":0,"max_hp_loss":0,"event_name":"Winding Halls","floor":37,"gold_loss":0,"cards_obtained":["Madness","Madness"]},{"damage_healed":0,"gold_gain":0,"player_choice":"Leave","damage_taken":0,"max_hp_gain":0,"max_hp_loss":0,"event_name":"conspire:Investor","floor":38,"gold_loss":0},{"damage_healed":0,"gold_gain":0,"player_choice":"Paid","damage_taken":0,"relics_obtained":["Red Mask"],"max_hp_gain":0,"max_hp_loss":0,"event_name":"Tomb of Lord Red Mask","floor":48,"gold_loss":44}],"is_beta":false,"boss_relics":[{"not_picked":["Runesmith:UraniumAnvil","conspire:RoyalGoblet"],"picked":"energizedSpire:DeadBattery"},{"not_picked":["aspiration:RitualDagger","theForsaken:PaleLantern"],"picked":"conspire:SpecialSausage"}],"items_purged_floors":[19,30,39],"is_endless":false,"potions_floor_spawned":[3,5,7,21,22,24,29,35,40,44,52,53,56],"ascension_level":15}}