{"host":"d8hh7rr4yzitjeuj","time":1608748246,"event":{"mods":["2.2 Compatiblity","AchievementEnabler","BaseMod","CapriCore","Colored Map","Colored Powertips","Highlight Path","Keyboard Shortcuts","Marisa£¨Ùöéë¡¡Øª×âÞÞ£©","Minty Spire (QoL Compilation)","Permanent Neow","Quick Restart","StSLib","SuperFastMode"],"gold_per_floor":[117,132,145,156,168,201,218,218,270,283,283,301,191,222,222,347,347,370,383,322,366,141,191,191,216,216,216,26,26,57,82,82,215,224,243,256,277,296,662,662,695,704,704,704,727,148,169,209,218,218],"floor_reached":51,"playtime":2027,"items_purged":["Strike_MRS","Strike_MRS"],"score":1105,"play_id":"13bf02ed-605b-4adc-9a1a-6b26888eebfd","local_time":"20201224033046","is_ascension_mode":true,"campfire_choices":[{"data":"BinaryStars","floor":8.0,"key":"SMITH"},{"data":"UpSweep","floor":15.0,"key":"SMITH"},{"data":"ManaRampage","floor":27.0,"key":"SMITH"},{"data":"CollectingQuirk","floor":29.0,"key":"SMITH"},{"floor":32.0,"key":"REST"},{"data":"MillisecondPulsars","floor":40,"key":"SMITH"},{"floor":44,"key":"REST"},{"floor":49,"key":"REST"}],"circlet_count":0,"master_deck":["Defend_MRS","Defend_MRS","Defend_MRS+1","MasterSpark","UpSweep+1","BinaryStars+1","GalacticHalo","Acceleration+1","DC","WitchLeyline","GasGiant","UnstableBomb","ShootingEcho","BlazeAway","EnergyFlow","BinaryStars","Singularity+1","AlicesGift+1","FairyDestructionRay+1","AsteroidBelt","PropBag","ManaRampage+1","ChargeUpSpray+1","Parasite","Parasite","CollectingQuirk+1","TreasureHunter","MillisecondPulsars+1","CurseOfTheBell","Wraith","Master of Strategy","UnstableBomb"],"relics":["MiniHakkero","Du-Vu Doll","Juzu Bracelet","Golden Idol","War Paint","Astrolabe","Question Card","Red Mask","Lee\u0027s Waffle","CeramicFish","Pear","ShroomBag","Happy Flower","Calling Bell","Regal Pillow","Shuriken","Thread and Needle","Old Coin","Akabeko","Bag of Marbles","Bottled Lightning","Pen Nib","Oddly Smooth Stone","Dream Catcher"],"acts_visited":["Exordium","TheCity","TheBeyond"],"potions_floor_usage":[41,50,50],"damage_taken":[{"damage":0.0,"enemies":"Cultist","floor":1.0,"turns":2.0},{"damage":4.0,"enemies":"Small Slimes","floor":2.0,"turns":3.0},{"damage":2.0,"enemies":"Jaw Worm","floor":3.0,"turns":4.0},{"damage":2.0,"enemies":"Exordium Wildlife","floor":4.0,"turns":2.0},{"damage":2.0,"enemies":"Exordium Thugs","floor":5.0,"turns":2.0},{"damage":6.0,"enemies":"Gremlin Nob","floor":6.0,"turns":3.0},{"damage":3.0,"enemies":"Looter","floor":7.0,"turns":2.0},{"damage":0.0,"enemies":"Large Slime","floor":10.0,"turns":2.0},{"damage":0.0,"enemies":"Blue Slaver","floor":12.0,"turns":2.0},{"damage":7.0,"enemies":"3 Sentries","floor":14.0,"turns":4.0},{"damage":15.0,"enemies":"The Guardian","floor":16.0,"turns":6.0},{"damage":0.0,"enemies":"Spheric Guardian","floor":18.0,"turns":2.0},{"damage":15.0,"enemies":"3 Byrds","floor":19.0,"turns":3.0},{"damage":20.0,"enemies":"Masked Bandits","floor":21.0,"turns":4.0},{"damage":31.0,"enemies":"Gremlin Leader","floor":23.0,"turns":5.0},{"damage":6.0,"enemies":"Centurion and Healer","floor":25.0,"turns":4.0},{"damage":21.0,"enemies":"Book of Stabbing","floor":30.0,"turns":3.0},{"damage":24.0,"enemies":"Snecko","floor":31.0,"turns":4.0},{"damage":51.0,"enemies":"Collector","floor":33.0,"turns":7.0},{"damage":0.0,"enemies":"Orb Walker","floor":35.0,"turns":2.0},{"damage":25.0,"enemies":"3 Shapes","floor":36.0,"turns":3.0},{"damage":0.0,"enemies":"Jaw Worm Horde","floor":37.0,"turns":2.0},{"damage":0,"enemies":"Spire Growth","floor":38,"turns":2},{"damage":9,"enemies":"2 Orb Walkers","floor":39,"turns":3},{"damage":28,"enemies":"Reptomancer","floor":41,"turns":5},{"damage":4,"enemies":"Maw","floor":45,"turns":5},{"damage":0,"enemies":"Sphere and 2 Shapes","floor":47,"turns":3},{"damage":2,"enemies":"Giant Head","floor":48,"turns":5},{"damage":16,"enemies":"Donu and Deca","floor":50,"turns":3}],"seed_played":"-177605831465913368","potions_obtained":[{"floor":1.0,"key":"GamblersBrew"},{"floor":2.0,"key":"Fire Potion"},{"floor":3.0,"key":"DistilledChaos"},{"floor":12.0,"key":"DistilledChaos"},{"floor":14.0,"key":"PowerPotion"},{"floor":23.0,"key":"BottledSpark"},{"floor":25.0,"key":"Dexterity Potion"},{"floor":33.0,"key":"PowerPotion"},{"floor":41,"key":"StarNLove"}],"is_trial":false,"path_per_floor":["M","M","M","M","M","E","M","R","T","M","?","M","$","E","R","B",null,"M","M","?","?","$","E","?","M","T","R","$","R","E","M","R","B",null,"M","M","M","M","?","R","E","?","T","R","M","$","M","E","R","B",null],"character_chosen":"MARISA","items_purchased":["EnergyFlow","Lee\u0027s Waffle","PropBag","ShroomBag","CollectingQuirk","Pen Nib","Oddly Smooth Stone","Master of Strategy"],"campfire_rested":3,"item_purchase_floors":[13,22,22,28,28,46,46,46],"current_hp_per_floor":[68,64,62,60,58,52,49,49,49,49,49,49,49,42,42,27,54,54,39,39,19,70,39,62,56,66,66,66,66,49,25,49,2,61,63,38,40,40,35,35,9,9,9,48,48,48,50,52,80,66],"gold":218,"neow_bonus":"THREE_RARE_CARDS","is_daily":false,"chose_seed":false,"campfire_upgraded":5,"win_rate":0.0,"timestamp":1608748246,"path_taken":["M","M","M","M","M","E","M","R","T","M","?","M","$","E","R","BOSS","M","M","?","?","$","E","?","M","T","R","?","R","E","M","R","BOSS","M","M","M","M","?","R","E","?","T","R","M","$","M","E","R","BOSS"],"items_purchased_type":["Card","Relic","Card","Relic","Card","Relic","Relic","Card"],"build_version":"2020-12-22","purchased_purges":2,"victory":true,"max_hp_per_floor":[68,68,68,68,68,68,68,68,68,68,63,63,63,63,63,63,63,63,63,63,63,70,70,70,70,80,80,80,80,80,80,80,80,80,80,80,80,80,80,80,80,80,80,80,80,80,80,80,80,80],"card_choices":[{"not_picked":["BigCrunch","ManaRampage"],"picked":"BinaryStars","floor":0.0},{"not_picked":["StarlightTyphoon","DeepEcoloBomb"],"picked":"GalacticHalo","floor":1.0},{"not_picked":["EventHorizon","PowerUp"],"picked":"Acceleration","floor":2.0},{"not_picked":["OneTimeOff","WitchOfGreed"],"picked":"DC","floor":3.0},{"not_picked":["AsteroidBelt","OneTimeOff"],"picked":"WitchLeyline","floor":4.0},{"not_picked":["DoubleSpark","6A","DC"],"picked":"SKIP","floor":5.0},{"not_picked":["MysteriousBeam","OneTimeOff"],"picked":"GasGiant","floor":6.0},{"not_picked":["DarkMatter","DeepEcoloBomb"],"picked":"UnstableBomb","floor":7.0},{"not_picked":["SporeBomb","DoubleSpark"],"picked":"ShootingEcho","floor":10.0},{"not_picked":["6A","IllusionStar"],"picked":"BlazeAway","floor":12.0},{"not_picked":["WitchOfGreed","MilkyWay","GalacticHalo"],"picked":"SKIP","floor":14.0},{"not_picked":["StarDustReverie","CollectingQuirk"],"picked":"BinaryStars","floor":16.0},{"not_picked":["6A+1","DC","ShootingEcho"],"picked":"SKIP","floor":18.0},{"not_picked":["WitchOfGreed","LuminesStrike","ShootingEcho+1"],"picked":"SKIP","floor":19.0},{"not_picked":["OneTimeOff+1","Orbital+1","GravityBeat"],"picked":"AsteroidBelt","floor":21.0},{"not_picked":["WitchOfGreed","MilkyWay","PulseMagic"],"picked":"ManaRampage","floor":23.0},{"not_picked":["MysteriousBeam","LuminesStrike+1","UnstableBomb+1"],"picked":"ChargeUpSpray+1","floor":25.0},{"not_picked":["OpenUniverse","DeepEcoloBomb","ShootingEcho","GrandCross"],"picked":"SKIP","floor":30.0},{"not_picked":["MeteoricShower","NonDirectionalLaser","AsteroidBelt+1"],"picked":"TreasureHunter","floor":31.0},{"not_picked":["BlazingStar","AbsoluteMagnitude","BigCrunch"],"picked":"MillisecondPulsars","floor":33.0},{"not_picked":["WitchLeyline+1","DC","MysteriousBeam+1","IllusionStar+1"],"picked":"SKIP","floor":35.0},{"not_picked":["PowerUp","ShootingEcho+1","OneTimeOff+1","FairyDestructionRay"],"picked":"SKIP","floor":36.0},{"not_picked":["LuminesStrike+1","Occultation","RefractionSpark","BlazingStar"],"picked":"SKIP","floor":37.0},{"not_picked":["Orbital+1","MagicAbsorber+1","UnstableBomb","GravityBeat"],"picked":"SKIP","floor":38},{"not_picked":["GravityBeat+1","WitchLeyline+1","DeepEcoloBomb+1","SporeBomb+1"],"picked":"SKIP","floor":41},{"not_picked":["GrandCross","DeepEcoloBomb+1","RefractionSpark+1","GalacticHalo+1"],"picked":"SKIP","floor":45},{"not_picked":["SprinkleStarSeal+1","OneTimeOff","StarlightTyphoon+1","Occultation+1"],"picked":"SKIP","floor":47},{"not_picked":["EscapeVelocity","MagicChant","UnstableBomb","DeepEcoloBomb+1"],"picked":"SKIP","floor":48},{"not_picked":["DoubleSpark","GalacticHalo","AsteroidBelt+1"],"picked":"UnstableBomb","floor":49}],"player_experience":1433919,"relics_obtained":[{"floor":6.0,"key":"Du-Vu Doll"},{"floor":9.0,"key":"Juzu Bracelet"},{"floor":14.0,"key":"War Paint"},{"floor":21.0,"key":"Red Mask"},{"floor":23.0,"key":"CeramicFish"},{"floor":26.0,"key":"Pear"},{"floor":30.0,"key":"Happy Flower"},{"floor":34.0,"key":"Regal Pillow"},{"floor":34.0,"key":"Shuriken"},{"floor":34.0,"key":"Thread and Needle"},{"floor":39,"key":"Old Coin"},{"floor":41,"key":"Akabeko"},{"floor":41,"key":"Bag of Marbles"},{"floor":43,"key":"Bottled Lightning"},{"floor":48,"key":"Dream Catcher"}],"event_choices":[{"damage_healed":0.0,"max_hp_gain":0.0,"max_hp_loss":5.0,"gold_gain":0.0,"event_name":"Golden Idol","player_choice":"Lose Max HP","floor":11.0,"gold_loss":0.0,"damage_taken":0.0,"relics_obtained":["Golden Idol"]},{"damage_healed":0.0,"max_hp_gain":0.0,"max_hp_loss":0.0,"gold_gain":0.0,"event_name":"WeMeetAgain","player_choice":"Paid Gold","floor":20.0,"gold_loss":61.0,"damage_taken":0.0,"relics_obtained":["Question Card"]},{"damage_healed":0.0,"max_hp_gain":0.0,"max_hp_loss":0.0,"gold_gain":0.0,"event_name":"Masked Bandits","player_choice":"Fought Bandits","floor":21.0,"gold_loss":0.0,"damage_taken":0.0},{"damage_healed":23.0,"max_hp_gain":0.0,"max_hp_loss":0.0,"gold_gain":0.0,"event_name":"The Library","player_choice":"Heal","floor":24.0,"gold_loss":0.0,"damage_taken":0.0},{"damage_healed":0,"gold_gain":0,"player_choice":"Fight","damage_taken":0,"max_hp_gain":0,"max_hp_loss":0,"event_name":"Mysterious Sphere","floor":39,"gold_loss":0},{"damage_healed":0,"gold_gain":0,"player_choice":"Ignored","damage_taken":0,"max_hp_gain":0,"max_hp_loss":0,"event_name":"OrinTheCat","floor":42,"gold_loss":0}],"is_beta":false,"boss_relics":[{"not_picked":["RampagingMagicTools","Ectoplasm"],"picked":"Astrolabe"},{"not_picked":["Black Star","Velvet Choker"],"picked":"Calling Bell"}],"items_purged_floors":[13,46],"is_endless":false,"potions_floor_spawned":[1,2,3,12,14,23,25,33,36,41,48],"ascension_level":8}}