{"host":"4nqeo0vu1vuav7gg","time":1608732433,"event":{"mods":["AchievementEnabler","BaseMod","Block Reminder","Colored Map","Colored Powertips","Highlight Path","Minty Spire (QoL Compilation)","Quick Restart","Rare Cards Sparkle","Relic Relevance Reorder","StSLib"],"gold_per_floor":[119,194,194,206,42,75,92,126,126,126,154,154,169,189,189,266,266,277,277,277,99,119,119,19,54,126,136,150,150,120,153,153,228,228,246,246,246,246,271,271,281,306,333,333,333],"floor_reached":44,"playtime":2120,"items_purged":["Writhe","Defend_B"],"score":976,"play_id":"72590d18-4f70-4461-9329-b19f61cb5ffc","local_time":"20201223150713","is_ascension_mode":true,"campfire_choices":[{"data":"Genetic Algorithm","floor":12.0,"key":"SMITH"},{"floor":15.0,"key":"REST"},{"floor":23.0,"key":"REST"},{"data":"Chill","floor":29.0,"key":"SMITH"},{"data":"Biased Cognition","floor":32.0,"key":"SMITH"},{"data":"Rainbow","floor":40,"key":"SMITH"}],"circlet_count":0,"master_deck":["AscendersBane","Strike_B","Strike_B","Strike_B+1","Strike_B","Defend_B","Defend_B","Defend_B","Zap","Dualcast","Conserve Battery","Coolheaded","Compile Driver","Genetic Algorithm+1","Ball Lightning","Redo","Reboot","Doom and Gloom","Necronomicurse","Bandage Up","Chill+1","FTL+1","Doom and Gloom","Biased Cognition+1","Rainbow+1","Defragment","Writhe","Recycle+1","Defragment+1","Writhe"],"relics":["Cracked Core","Pen Nib","Necronomicon","Cables","Gremlin Horn","Inserter","Ice Cream","NeowsBlessing","DataDisk","Symbiotic Virus","The Courier","Shovel","Dream Catcher","Cursed Key","Potion Belt","Whetstone"],"acts_visited":["Exordium","TheCity","TheBeyond"],"potions_floor_usage":[41,41],"damage_taken":[{"damage":0.0,"enemies":"2 Louse","floor":1.0,"turns":1.0},{"damage":0.0,"enemies":"Jaw Worm","floor":4.0,"turns":1.0},{"damage":0.0,"enemies":"3 Sentries","floor":6.0,"turns":1.0},{"damage":0.0,"enemies":"Cultist","floor":7.0,"turns":3.0},{"damage":12.0,"enemies":"Gremlin Nob","floor":8.0,"turns":3.0},{"damage":9.0,"enemies":"3 Sentries","floor":11.0,"turns":11.0},{"damage":1.0,"enemies":"Looter","floor":13.0,"turns":2.0},{"damage":5.0,"enemies":"2 Fungi Beasts","floor":14.0,"turns":3.0},{"damage":19.0,"enemies":"Slime Boss","floor":16.0,"turns":8.0},{"damage":4.0,"enemies":"2 Thieves","floor":18.0,"turns":4.0},{"damage":19.0,"enemies":"Shell Parasite","floor":22.0,"turns":7.0},{"damage":0.0,"enemies":"Gremlin Leader","floor":25.0,"turns":4.0},{"damage":0.0,"enemies":"3 Cultists","floor":27.0,"turns":3.0},{"damage":4.0,"enemies":"Snake Plant","floor":28.0,"turns":3.0},{"damage":10.0,"enemies":"Book of Stabbing","floor":31.0,"turns":6.0},{"damage":30.0,"enemies":"Champ","floor":33.0,"turns":8.0},{"damage":0.0,"enemies":"Orb Walker","floor":35.0,"turns":4.0},{"damage":11,"enemies":"Mind Bloom Boss Battle","floor":39,"turns":5},{"damage":0,"enemies":"3 Darklings","floor":41,"turns":4},{"damage":60,"enemies":"Giant Head","floor":42,"turns":7},{"damage":29,"enemies":"Transient","floor":44,"turns":5}],"seed_played":"-1733704185485772156","potions_obtained":[{"floor":1.0,"key":"Fire Potion"},{"floor":4.0,"key":"PowerPotion"},{"floor":8.0,"key":"Energy Potion"},{"floor":14.0,"key":"ColorlessPotion"},{"floor":22.0,"key":"SkillPotion"},{"floor":27.0,"key":"GamblersBrew"},{"floor":30.0,"key":"SkillPotion"},{"floor":30.0,"key":"SteroidPotion"},{"floor":33.0,"key":"Explosive Potion"},{"floor":41,"key":"Strength Potion"}],"is_trial":false,"path_per_floor":["M","?","?","M","$","E","M","E","T","?","E","R","M","M","R","B",null,"M","?","?","$","M","R","$","E","T","M","M","R","?","E","R","B",null,"M","?","?","?","?","R","M","E","T","M"],"character_chosen":"DEFECT","items_purchased":["DataDisk","Bandage Up"],"campfire_rested":2,"item_purchase_floors":[5,21],"current_hp_per_floor":[64,53,58,58,58,58,58,46,46,46,37,37,36,31,52,33,62,58,58,37,37,22,43,43,47,47,47,47,47,47,41,41,15,57,61,61,71,71,60,60,60,4,4,0,0],"gold":333,"neow_bonus":"THREE_ENEMY_KILL","is_daily":false,"chose_seed":false,"campfire_upgraded":4,"win_rate":0.0,"timestamp":1608732433,"path_taken":["M","?","?","M","$","E","?","E","T","?","E","R","M","M","R","BOSS","M","?","?","$","M","R","?","E","T","M","M","R","?","E","R","BOSS","M","?","?","?","?","R","M","E","T","?"],"items_purchased_type":["Relic","Card"],"build_version":"2020-12-22","purchased_purges":2,"victory":false,"max_hp_per_floor":[71,71,71,71,71,71,71,71,71,71,71,71,71,71,71,71,71,71,71,71,71,71,71,71,71,71,71,71,71,71,71,71,71,71,71,71,71,71,71,71,71,71,71,71,71],"card_choices":[{"not_picked":["Consume","Blizzard"],"picked":"Hologram","floor":1.0},{"not_picked":["Turbo","Hologram"],"picked":"Conserve Battery","floor":4.0},{"not_picked":["Rebound","Compile Driver"],"picked":"Coolheaded","floor":6.0},{"not_picked":["Recycle","Reprogram"],"picked":"Compile Driver","floor":7.0},{"not_picked":["Hello World","Steam"],"picked":"Genetic Algorithm","floor":8.0},{"not_picked":["Sweeping Beam","Steam"],"picked":"Undo","floor":11.0},{"not_picked":["Compile Driver","Coolheaded"],"picked":"Ball Lightning","floor":13.0},{"not_picked":["Coolheaded","Ball Lightning"],"picked":"Redo","floor":14.0},{"not_picked":["Meteor Strike","Machine Learning"],"picked":"Reboot","floor":16.0},{"not_picked":["Go for the Eyes","Stack"],"picked":"Doom and Gloom","floor":18.0},{"not_picked":["Undo+1","Go for the Eyes"],"picked":"Chill","floor":22.0},{"not_picked":["Go for the Eyes","Undo","Chaos"],"picked":"SKIP","floor":25.0},{"not_picked":["Genetic Algorithm","Lockon"],"picked":"FTL","floor":27.0},{"not_picked":["Gash","Go for the Eyes"],"picked":"Doom and Gloom","floor":28.0},{"not_picked":["Streamline","Cold Snap"],"picked":"Biased Cognition","floor":31.0},{"not_picked":["Buffer","Creative AI"],"picked":"Rainbow","floor":33.0},{"not_picked":["Reprogram+1","Rebound"],"picked":"Defragment","floor":35},{"not_picked":["Redo","Auto Shields"],"picked":"Recycle+1","floor":41},{"not_picked":["Ball Lightning","Double Energy+1"],"picked":"Defragment+1","floor":42}],"player_experience":987309,"relics_obtained":[{"floor":6.0,"key":"Pen Nib"},{"floor":8.0,"key":"Symbiotic Virus"},{"floor":9.0,"key":"Cables"},{"floor":11.0,"key":"Gremlin Horn"},{"floor":20.0,"key":"Necronomicon"},{"floor":25.0,"key":"Ice Cream"},{"floor":31.0,"key":"The Courier"},{"floor":39,"key":"Shovel"},{"floor":42,"key":"Whetstone"},{"floor":43,"key":"Dream Catcher"}],"event_choices":[{"damage_healed":0.0,"max_hp_gain":0.0,"max_hp_loss":0.0,"gold_gain":75.0,"event_name":"World of Goop","player_choice":"Gather Gold","floor":2.0,"gold_loss":0.0,"damage_taken":11.0},{"cards_removed":["Hologram"],"damage_healed":5.0,"max_hp_gain":0.0,"max_hp_loss":0.0,"gold_gain":0.0,"event_name":"Bonfire Elementals","player_choice":"Offered Common","floor":3.0,"gold_loss":0.0,"damage_taken":0.0},{"cards_removed":["Hologram"],"damage_healed":5.0,"max_hp_gain":0.0,"max_hp_loss":0.0,"gold_gain":0.0,"event_name":"Bonfire Elementals","player_choice":"Offered Special","floor":3.0,"gold_loss":0.0,"damage_taken":0.0},{"damage_healed":0.0,"max_hp_gain":0.0,"max_hp_loss":0.0,"gold_gain":0.0,"event_name":"Shining Light","player_choice":"Ignored","floor":10.0,"gold_loss":0.0,"damage_taken":0.0},{"damage_healed":0.0,"max_hp_gain":0.0,"max_hp_loss":0.0,"gold_gain":0.0,"event_name":"The Mausoleum","player_choice":"Opened","floor":19.0,"gold_loss":0.0,"damage_taken":0.0,"relics_obtained":["Potion Belt"],"cards_obtained":["Writhe"]},{"damage_healed":0.0,"max_hp_gain":0.0,"max_hp_loss":0.0,"gold_gain":0.0,"event_name":"Cursed Tome","player_choice":"Obtained Book","floor":20.0,"gold_loss":0.0,"damage_taken":21.0},{"damage_healed":0.0,"max_hp_gain":0.0,"max_hp_loss":0.0,"gold_gain":0.0,"event_name":"The Woman in Blue","player_choice":"Bought 2 Potions","floor":30.0,"gold_loss":0.0,"damage_taken":0.0},{"damage_healed":0,"gold_gain":0,"player_choice":"Ignored","damage_taken":0,"max_hp_gain":0,"max_hp_loss":0,"event_name":"Tomb of Lord Red Mask","floor":36,"gold_loss":0},{"damage_healed":14,"gold_gain":0,"player_choice":"Writhe","damage_taken":0,"max_hp_gain":0,"max_hp_loss":0,"event_name":"Winding Halls","floor":37,"gold_loss":0,"cards_obtained":["Writhe"]},{"cards_removed":["Undo"],"damage_healed":0,"gold_gain":0,"player_choice":"Removed Skill","damage_taken":0,"max_hp_gain":0,"max_hp_loss":0,"event_name":"Falling","floor":38,"gold_loss":0},{"damage_healed":0,"gold_gain":0,"player_choice":"Fight","damage_taken":0,"max_hp_gain":0,"max_hp_loss":0,"event_name":"MindBloom","floor":39,"gold_loss":0}],"is_beta":false,"boss_relics":[{"not_picked":["Philosopher\u0027s Stone","Nuclear Battery"],"picked":"Inserter"},{"not_picked":["Snecko Eye","Tiny House"],"picked":"Cursed Key"}],"items_purged_floors":[21,24],"is_endless":false,"potions_floor_spawned":[1,4,8,14,22,27,33,41],"killed_by":"Transient","ascension_level":16}}