{"host":"6s2g4ctvxbrgoc4e","time":1608706889,"event":{"mods":["BaseMod","Minty Spire (QoL Compilation)"],"gold_per_floor":[111,125,139,139,63,63,83,117,117,129,129,141,141,151,151,254,254,269,154,154,171,86,86,118,131,131,151,151,170,201,212,212,312,312,329,1328,1328,1341,1355,1355,1387,1387,1412,1412,1428,258,258,274,274,274,274],"floor_reached":50,"playtime":5687,"items_purged":["Strike_G","Normality"],"score":591,"play_id":"638b6e95-657b-4706-b121-a19e5fe49722","local_time":"20201223080129","is_ascension_mode":false,"campfire_choices":[{"data":"Footwork","floor":6.0,"key":"SMITH"},{"data":"Skewer","floor":11.0,"key":"SMITH"},{"data":"Footwork","floor":13.0,"key":"SMITH"},{"data":"Adrenaline","floor":15.0,"key":"SMITH"},{"data":"Caltrops","floor":23.0,"key":"SMITH"},{"data":"Burst","floor":28,"key":"SMITH"},{"data":"Footwork","floor":32,"key":"SMITH"},{"data":"Envenom","floor":40,"key":"SMITH"},{"floor":42,"key":"REST"},{"floor":49,"key":"REST"}],"circlet_count":0,"master_deck":["Strike_G+1","Defend_G+1","Defend_G+1","Defend_G+1","Defend_G+1","Survivor","Neutralize","Flying Knee","Escape Plan","Skewer+1","Footwork+1","Heel Hook","Leg Sweep","Footwork+1","Terror","Adrenaline+1","Envenom+1","Heel Hook+1","Sucker Punch+1","Dash+1","Blur","Caltrops+1","Backflip","Burst+1","Footwork+1","Skewer+1","Riddle With Holes+1","Tools of the Trade","Normality","Escape Plan+1","Prepared+1","Envenom","Flechettes+1","Tools of the Trade","Crippling Poison","Thinking Ahead+1","Glass Knife+1","Impatience","Blade Dance","Distraction","Footwork+1"],"relics":["Ring of the Serpent","White Beast Statue","Gremlin Horn","Astrolabe","Molten Egg 2","Regal Pillow","Dream Catcher","Nunchaku","Lizard Tail","Vajra","Kunai","Toolbox"],"acts_visited":["Exordium","TheCity","TheBeyond"],"potions_floor_usage":[24,24,27,29,30,41,41,41,41,41,45,48],"damage_taken":[{"damage":0.0,"enemies":"2 Louse","floor":1.0,"turns":3.0},{"damage":1.0,"enemies":"Cultist","floor":2.0,"turns":3.0},{"damage":3.0,"enemies":"Jaw Worm","floor":3.0,"turns":3.0},{"damage":7.0,"enemies":"Looter","floor":7.0,"turns":3.0},{"damage":12.0,"enemies":"3 Sentries","floor":8.0,"turns":9.0},{"damage":0.0,"enemies":"3 Louse","floor":10.0,"turns":5.0},{"damage":5.0,"enemies":"Large Slime","floor":12.0,"turns":9.0},{"damage":0.0,"enemies":"Gremlin Gang","floor":14.0,"turns":7.0},{"damage":6.0,"enemies":"Hexaghost","floor":16.0,"turns":9.0},{"damage":0.0,"enemies":"Shell Parasite","floor":18.0,"turns":5.0},{"damage":4.0,"enemies":"Spheric Guardian","floor":21.0,"turns":4.0},{"damage":28,"enemies":"Slavers","floor":24,"turns":6},{"damage":0,"enemies":"Shelled Parasite and Fungi","floor":25,"turns":8},{"damage":2,"enemies":"3 Cultists","floor":27,"turns":5},{"damage":0,"enemies":"Snecko","floor":29,"turns":5},{"damage":4,"enemies":"Gremlin Leader","floor":30,"turns":6},{"damage":5,"enemies":"Chosen and Byrds","floor":31,"turns":7},{"damage":5,"enemies":"Champ","floor":33,"turns":15},{"damage":0,"enemies":"Orb Walker","floor":35,"turns":5},{"damage":1,"enemies":"3 Shapes","floor":38,"turns":7},{"damage":8,"enemies":"Spire Growth","floor":39,"turns":9},{"damage":46,"enemies":"Reptomancer","floor":41,"turns":9},{"damage":62,"enemies":"4 Shapes","floor":45,"turns":8},{"damage":4,"enemies":"Maw","floor":48,"turns":10},{"damage":17,"enemies":"Awakened One","floor":50,"turns":3}],"seed_played":"-7603289020084122606","potions_obtained":[{"floor":2.0,"key":"Weak Potion"},{"floor":7.0,"key":"SneckoOil"},{"floor":10.0,"key":"EssenceOfSteel"},{"floor":12.0,"key":"Regen Potion"},{"floor":14.0,"key":"DuplicationPotion"},{"floor":16.0,"key":"Fire Potion"},{"floor":18.0,"key":"EntropicBrew"},{"floor":24,"key":"GamblersBrew"},{"floor":25,"key":"BlessingOfTheForge"},{"floor":27,"key":"PowerPotion"},{"floor":29,"key":"DistilledChaos"},{"floor":30,"key":"Energy Potion"},{"floor":31,"key":"Regen Potion"},{"floor":38,"key":"GamblersBrew"},{"floor":39,"key":"DistilledChaos"},{"floor":41,"key":"SpeedPotion"},{"floor":45,"key":"SpeedPotion"},{"floor":48,"key":"Energy Potion"}],"is_trial":false,"path_per_floor":["M","M","M","?","$","R","M","E","T","M","R","M","R","M","R","B",null,"M","$","?","M","?","R","E","M","T","M","R","M","E","M","R","B",null,"M","?","?","M","M","R","E","R","T","?","M","$","?","M","R","B"],"character_chosen":"THE_SILENT","items_purchased":["Footwork","Caltrops","Kunai","Toolbox","Flechettes+1","Tools of the Trade","Crippling Poison","Thinking Ahead","Glass Knife+1","Impatience","Blade Dance"],"campfire_rested":2,"item_purchase_floors":[5,19,46,46,46,46,46,46,46,46,46],"current_hp_per_floor":[77,76,73,73,73,73,66,54,54,54,54,49,49,49,49,43,77,77,77,77,73,73,73,59,59,59,57,57,57,53,48,48,43,77,77,77,77,76,68,68,37,75,75,73,11,11,11,7,43,26,26],"gold":274,"neow_bonus":"TEN_PERCENT_HP_BONUS","is_daily":false,"chose_seed":false,"campfire_upgraded":8,"win_rate":0.0,"timestamp":1608706889,"path_taken":["M","M","M","?","$","R","?","E","T","M","R","M","R","M","R","BOSS","M","$","?","M","?","R","E","M","T","M","R","M","E","M","R","BOSS","M","?","?","M","M","R","E","R","T","?","M","$","?","M","R","BOSS"],"items_purchased_type":["Card","Card","Relic","Relic","Card","Card","Card","Card","Card","Card","Card"],"build_version":"2020-12-22","purchased_purges":2,"victory":false,"max_hp_per_floor":[77,77,77,77,77,77,77,77,77,77,77,77,77,77,77,77,77,77,77,77,77,77,77,77,77,77,77,77,77,77,77,77,77,77,77,77,77,77,77,77,77,77,77,73,73,73,73,73,73,73,73],"card_choices":[{"not_picked":["Underhanded Strike","PiercingWail"],"picked":"Flying Knee","floor":1.0},{"not_picked":["Dodge and Roll","Dagger Spray"],"picked":"Escape Plan","floor":2.0},{"not_picked":["Prepared","Deflect"],"picked":"Skewer","floor":3.0},{"not_picked":["Dagger Spray","All Out Attack"],"picked":"Heel Hook","floor":7.0},{"not_picked":["Acrobatics","Prepared"],"picked":"Leg Sweep","floor":8.0},{"not_picked":["Backflip","Blade Dance"],"picked":"Footwork","floor":10.0},{"not_picked":["Dodge and Roll","Quick Slash"],"picked":"Terror","floor":12.0},{"not_picked":["Poisoned Stab","Footwork"],"picked":"Adrenaline","floor":14.0},{"not_picked":["Wraith Form v2","Malaise"],"picked":"Envenom","floor":16.0},{"not_picked":["Distraction+1","Prepared+1"],"picked":"Blur","floor":18.0},{"not_picked":["Underhanded Strike","Dodge and Roll"],"picked":"Backflip","floor":21.0},{"not_picked":["Reflex","Predator+1"],"picked":"Burst","floor":24},{"not_picked":["Sucker Punch+1","Dodge and Roll"],"picked":"Footwork","floor":25},{"not_picked":["Backstab+1","Dodge and Roll","Dagger Throw+1"],"picked":"SKIP","floor":27},{"not_picked":["Dagger Throw+1","Predator+1","Sucker Punch+1"],"picked":"SKIP","floor":29},{"not_picked":["Eviscerate+1","Infinite Blades"],"picked":"Skewer+1","floor":30},{"not_picked":["Prepared","Reflex"],"picked":"Riddle With Holes+1","floor":31},{"not_picked":["Malaise","After Image"],"picked":"Tools of the Trade","floor":33},{"not_picked":["Sucker Punch+1","Underhanded Strike+1","Deflect"],"picked":"SKIP","floor":35},{"not_picked":["Sucker Punch+1","Underhanded Strike+1","Deflect"],"picked":"SKIP","floor":35},{"not_picked":["Expertise","Poisoned Stab+1"],"picked":"Escape Plan+1","floor":38},{"not_picked":["Backflip+1","Quick Slash+1"],"picked":"Prepared+1","floor":39},{"not_picked":["Prepared+1","Underhanded Strike+1"],"picked":"Envenom","floor":41},{"not_picked":["Eviscerate+1","Poisoned Stab+1","Deadly Poison"],"picked":"SKIP","floor":45},{"not_picked":["Acrobatics","Dagger Spray+1"],"picked":"Distraction","floor":48},{"not_picked":["All Out Attack+1","Dagger Spray+1"],"picked":"Footwork+1","floor":49}],"player_experience":2572,"relics_obtained":[{"floor":8.0,"key":"White Beast Statue"},{"floor":9.0,"key":"Gremlin Horn"},{"floor":24,"key":"Regal Pillow"},{"floor":26,"key":"Dream Catcher"},{"floor":30,"key":"Nunchaku"},{"floor":41,"key":"Lizard Tail"},{"floor":43,"key":"Vajra"}],"event_choices":[{"cards_removed":["Strike_G"],"damage_healed":0.0,"max_hp_gain":0.0,"max_hp_loss":0.0,"gold_gain":0.0,"event_name":"Purifier","player_choice":"Purged","floor":4.0,"gold_loss":0.0,"damage_taken":0.0},{"damage_healed":0.0,"max_hp_gain":0.0,"max_hp_loss":0.0,"gold_gain":0.0,"event_name":"Back to Basics","player_choice":"Simplicity","floor":20.0,"gold_loss":0.0,"damage_taken":0.0,"cards_upgraded":["Strike_G","Defend_G","Defend_G","Defend_G","Defend_G"]},{"damage_healed":0.0,"max_hp_gain":0.0,"max_hp_loss":0.0,"gold_gain":0.0,"event_name":"Addict","player_choice":"Obtained Relic","floor":22.0,"gold_loss":85.0,"damage_taken":0.0,"relics_obtained":["Molten Egg 2"]},{"damage_healed":0,"gold_gain":999,"player_choice":"Gold","damage_taken":0,"max_hp_gain":0,"max_hp_loss":0,"event_name":"MindBloom","floor":36,"gold_loss":0,"cards_obtained":["Normality","Normality"]},{"damage_healed":0,"gold_gain":0,"player_choice":"Ignored","damage_taken":0,"max_hp_gain":0,"max_hp_loss":0,"event_name":"Tomb of Lord Red Mask","floor":37,"gold_loss":0},{"damage_healed":0,"gold_gain":0,"player_choice":"Max HP","damage_taken":0,"max_hp_gain":0,"max_hp_loss":4,"event_name":"Winding Halls","floor":44,"gold_loss":0},{"damage_healed":0,"gold_gain":0,"player_choice":"Upgraded","damage_taken":0,"max_hp_gain":0,"max_hp_loss":0,"event_name":"Upgrade Shrine","floor":47,"gold_loss":0,"cards_upgraded":["Thinking Ahead"]}],"is_beta":false,"boss_relics":[{"not_picked":["HoveringKite","Runic Dome"],"picked":"Astrolabe"},{"not_picked":["Tiny House","Calling Bell"],"picked":"Ring of the Serpent"}],"items_purged_floors":[19,46],"is_endless":false,"potions_floor_spawned":[2,7,10,12,14,16,18,21,24,25,27,29,30,31,33,35,38,39,41,45,48],"killed_by":"Awakened One","ascension_level":0}}