{"host":"z5s44qp1ule1sbwl","time":1608758790,"event":{"mods":["BaseMod","Downfall","Minty Spire (QoL Compilation)","StSLib"],"gold_per_floor":[99,116,55,70,85,147,226,236,271,271,112,137,155,175,188,188,188,188],"floor_reached":16,"playtime":1136,"items_purged":[],"score":139,"play_id":"cd27e942-343c-4bf7-9cab-31d31f91ff19","local_time":"20201223212630","is_ascension_mode":false,"campfire_choices":[{"data":"Guardian:TwinSlam","floor":1,"key":"SMITH"},{"floor":10,"key":"REST"}],"circlet_count":0,"master_deck":["Guardian:Strike_Guardian","Guardian:Strike_Guardian","Guardian:Strike_Guardian","Guardian:Strike_Guardian","Guardian:Defend_Guardian","Guardian:Defend_Guardian","Guardian:Defend_Guardian","Guardian:Defend_Guardian","Guardian:CurlUp","Guardian:TwinSlam+1","Guardian:SentryBeam","Guardian:CrystalBeam","Guardian:RollAttack","Guardian:PrismaticBarrier","Guardian:ConstructionForm","Guardian:ShieldSpikes","Guardian:HyperBeam_Guardian","Guardian:StasisStrike","Guardian:Gem_Crimson","Guardian:StasisField","Guardian:Gem_Red"],"relics":["Guardian:ModeShifter","Question Card","Pen Nib","Darkstone Periapt"],"acts_visited":["Exordium"],"potions_floor_usage":[8,9,11,16,16,16],"damage_taken":[{"damage":6,"enemies":"Cultist","floor":2,"turns":3},{"damage":0,"enemies":"downfall:FleeingMerchant","floor":3,"turns":4},{"damage":6,"enemies":"Small Slimes","floor":4,"turns":3},{"damage":5,"enemies":"2 Louse","floor":5,"turns":2},{"damage":32,"enemies":"Gremlin Nob","floor":6,"turns":5},{"damage":11,"enemies":"Large Slime","floor":8,"turns":4},{"damage":13,"enemies":"3 Sentries","floor":9,"turns":4},{"damage":0,"enemies":"downfall:FleeingMerchant","floor":11,"turns":4},{"damage":0,"enemies":"Lagavulin","floor":12,"turns":10},{"damage":5,"enemies":"Exordium Wildlife","floor":13,"turns":5},{"damage":0,"enemies":"Blue Slaver","floor":14,"turns":2},{"damage":0,"enemies":"Lots of Slimes","floor":15,"turns":3},{"damage":36,"enemies":"downfall:Ironclad","floor":16,"turns":5}],"seed_played":"2529642871221794001","potions_obtained":[{"floor":2,"key":"Slimebound:ThreeZeroPotion"},{"floor":8,"key":"FearPotion"},{"floor":9,"key":"AttackPotion"},{"floor":12,"key":"GamblersBrew"},{"floor":13,"key":"AttackPotion"},{"floor":14,"key":"SkillPotion"}],"is_trial":false,"path_per_floor":["R","M","$","M","M","?","T","M","E","R","$","E","M","M","M","B"],"character_chosen":"GUARDIAN","items_purchased":["Guardian:RollAttack","Guardian:HyperBeam_Guardian"],"campfire_rested":1,"item_purchase_floors":[3,11],"current_hp_per_floor":[88,82,82,76,71,39,39,28,15,41,41,41,36,36,36,0,0,0],"gold":188,"neow_bonus":"TEN_PERCENT_HP_BONUS","is_daily":false,"chose_seed":false,"campfire_upgraded":1,"win_rate":0.0,"timestamp":1608758790,"path_taken":["R","?","$","M","M","?","T","M","E","R","$","E","M","M","M","BOSS"],"items_purchased_type":["Card","Card"],"build_version":"2020-12-22","purchased_purges":0,"victory":false,"max_hp_per_floor":[88,88,88,88,88,88,88,88,88,88,88,88,88,88,88,88,88,88],"card_choices":[{"not_picked":["Guardian:ChargeUp","Guardian:TimeBomb"],"picked":"Guardian:SentryBeam","floor":2},{"not_picked":["Guardian:Gem_Green","Guardian:Gem_Lightblue"],"picked":"Guardian:CrystalBeam","floor":3},{"not_picked":["Guardian:SentryBeam","Guardian:Recover"],"picked":"Guardian:Gem_Purple","floor":4},{"not_picked":["Guardian:RollAttack","Guardian:Gem_Fragmented"],"picked":"Guardian:Gem_Red","floor":5},{"not_picked":["Guardian:Gem_Green","Guardian:Harden"],"picked":"Guardian:PrismaticBarrier","floor":6},{"not_picked":["Guardian:Gem_Lightblue","Guardian:SpikerProtocol","Guardian:VentSteam"],"picked":"Guardian:ConstructionForm","floor":8},{"not_picked":["Guardian:ChargeCore","Guardian:TemporalShield","Guardian:Gem_Lightblue"],"picked":"Guardian:Gem_Cyan","floor":9},{"not_picked":["Guardian:PiercingHide","Guardian:ArmoredProtocol","Guardian:MultiBeam"],"picked":"Guardian:ShieldSpikes","floor":11},{"not_picked":["Guardian:TemporalShield","Guardian:PiercingHide","Guardian:ChargeUp"],"picked":"Guardian:StasisStrike","floor":12},{"not_picked":["Guardian:PiercingHide","Guardian:Planning","Guardian:Suspension"],"picked":"Guardian:Gem_Crimson","floor":13},{"not_picked":["Guardian:Incinerate","Guardian:Gem_Blue","Guardian:RollAttack"],"picked":"Guardian:StasisField","floor":14},{"not_picked":["Guardian:TemporalShield","Guardian:Gem_Cyan","Guardian:Gem_Lightblue"],"picked":"Guardian:Gem_Red","floor":15}],"player_experience":1124651,"relics_obtained":[{"floor":6,"key":"Question Card"},{"floor":9,"key":"Pen Nib"},{"floor":12,"key":"Darkstone Periapt"}],"event_choices":[],"is_beta":false,"boss_relics":[],"items_purged_floors":[],"is_endless":false,"potions_floor_spawned":[2,8,9,12,13,14],"killed_by":"downfall:Ironclad","ascension_level":0}}