{"host":"4h9wonchhpvj0efq","time":1608709560,"event":{"mods":["Act Like it!","BaseMod","Gensokyo","KinomotoSakuraMod(木之本樱)","Marisa（F雨　魔理沙）","Minty Spire (QoL Compilation)","Nova Terra(诺娃・泰拉)","Reimu（博丽灵梦）","Remilia（蕾米莉亚）","RumiaBox-露米娅的神秘盒子","StSLib","The Administrix","The Alterego","TheSwordswoman","Waifu the Spire","Youmu（魂魄妖梦）","Yuyuko","vexMod","【东方二次创作】八云紫mod"],"gold_per_floor":[112,112,123,44,44,73,85,97,109,133,168,209,221,244,256,372,384,411,423,452,483,509,521,550,576,611,653,665,306,306,322,322,418,418,437,453,300,319,25,25,42,42,66,83,14,14,14,44,44,44],"floor_reached":51,"playtime":2312,"items_purged":[],"score":732,"play_id":"460c8590-4f64-4c16-98cd-d45b18976a7a","local_time":"20201223154600","is_ascension_mode":false,"campfire_choices":[{"floor":8.0,"key":"REST"},{"data":"InherentArray:ReiMu","floor":13.0,"key":"SMITH"},{"data":"InherentArray:ReiMu","floor":15.0,"key":"SMITH"},{"floor":23.0,"key":"REST"},{"floor":30.0,"key":"REST"},{"floor":32.0,"key":"REST"},{"data":"NineCharacters:ReiMu","floor":40.0,"key":"SMITH"},{"data":"NineCharacters:ReiMu","floor":42.0,"key":"SMITH"},{"floor":46.0,"key":"REST"},{"floor":49,"key":"REST"}],"circlet_count":0,"master_deck":["Strike_Lin:ReiMu","Strike_Lin:ReiMu","Strike_Lin:ReiMu","Strike_Lin:ReiMu+1","Defend_Lin:ReiMu","Defend_Lin:ReiMu","Defend_Lin:ReiMu","Defend_Lin:ReiMu","NB:ReiMu","Meditation:ReiMu","RainPray2:ReiMu","InherentArray:ReiMu+1","SpreadBorder2:ReiMu","InherentArray:ReiMu+1","SubAcupoint:ReiMu","Gensokyo:CrescentMoonSlash+1","OrbThrow:ReiMu+1","SubAcupoint:ReiMu","Meditation:ReiMu","RunawayExorcism:ReiMu","OrbThrow:ReiMu","Amulet:ReiMu","DependentForm:ReiMu","OrbThrow:ReiMu","AirStrike:ReiMu","UniversalSpiritual:ReiMu","HakureiPhantom:ReiMu","CareerPray:ReiMu","SubAcupoint:ReiMu","NineCharacters:ReiMu+1","SpreadBorder2:ReiMu","CareerPray:ReiMu","RunawayExorcism:ReiMu","SpiritualOutbreak2:ReiMu+1","NineCharacters:ReiMu+1","RainPray2:ReiMu+1","Parasite","SpreadBorder2:ReiMu","Meditation:ReiMu","YinYangSange:ReiMu+1","RainPray2:ReiMu"],"relics":["FlyPower:ReiMu","Gensokyo:Justice","MawBank","MagicDraw4","ZombieArmy","Bag of Preparation","SoulBox","vexMod:FocusSash","Potion Belt","Mercury Hourglass","vexMod:TanglingVine","Bow_fan:ReiMu","TentaclePot:ReiMu","Regal Pillow","Whetstone","GodSword4"],"acts_visited":["Gensokyo:Gensokyo","TheCity","TheBeyond"],"potions_floor_usage":[],"damage_taken":[{"damage":4.0,"enemies":"Gensokyo:Gryphon","floor":1.0,"turns":5.0},{"damage":0.0,"enemies":"Gensokyo:Python","floor":3.0,"turns":4.0},{"damage":16.0,"enemies":"Gensokyo:Aya","floor":6.0,"turns":8.0},{"damage":0.0,"enemies":"Gensokyo:3_Fairies","floor":10.0,"turns":4.0},{"damage":10.0,"enemies":"Gensokyo:Cirno","floor":12.0,"turns":5.0},{"damage":0.0,"enemies":"Gensokyo:VengefulSpirit","floor":14.0,"turns":4.0},{"damage":6.0,"enemies":"Gensokyo:Reimu","floor":16.0,"turns":9.0},{"damage":14.0,"enemies":"Spheric Guardian","floor":18.0,"turns":4.0},{"damage":0.0,"enemies":"Shell Parasite","floor":20.0,"turns":5.0},{"damage":17.0,"enemies":"Shelled Parasite and Fungi","floor":21.0,"turns":5.0},{"damage":9.0,"enemies":"Chosen and Byrds","floor":22.0,"turns":5.0},{"damage":9.0,"enemies":"Sentry and Sphere","floor":24.0,"turns":5.0},{"damage":15.0,"enemies":"Snake Plant","floor":25.0,"turns":4.0},{"damage":9.0,"enemies":"Book of Stabbing","floor":27.0,"turns":6.0},{"damage":23.0,"enemies":"Cultist and Chosen","floor":31.0,"turns":5.0},{"damage":17.0,"enemies":"Champ","floor":33.0,"turns":10.0},{"damage":0.0,"enemies":"Orb Walker","floor":35.0,"turns":3.0},{"damage":2.0,"enemies":"3 Shapes","floor":36.0,"turns":3.0},{"damage":16.0,"enemies":"3 Darklings","floor":38.0,"turns":4.0},{"damage":1.0,"enemies":"Writhing Mass","floor":41.0,"turns":5.0},{"damage":11.0,"enemies":"Spire Growth","floor":44.0,"turns":4.0},{"damage":6.0,"enemies":"Spire Growth","floor":47.0,"turns":3.0},{"damage":36,"enemies":"Giant Head","floor":48,"turns":9},{"damage":14,"enemies":"Time Eater","floor":50,"turns":10}],"seed_played":"-8051561796269247346","potions_obtained":[{"floor":6.0,"key":"Fire Potion"},{"floor":12.0,"key":"Strength Potion"},{"floor":14.0,"key":"AttackPotion"},{"floor":18.0,"key":"Energy Potion"},{"floor":33.0,"key":"Fire Potion"},{"floor":41.0,"key":"ZuzhouPotion:ReiMu"},{"floor":44.0,"key":"BottledKami:ReiMu"},{"floor":47,"key":"FearPotion"}],"is_trial":false,"path_per_floor":["M","?","M","$","?","E","?","R","T","M","T","E","R","M","R","B",null,"M","?","M","M","M","R","M","M","T","E","?","$","R","M","R","B",null,"M","M","$","M","$","R","M","R","T","M","$","R","?","E","R","B",null],"character_chosen":"REIMU","items_purchased":["InherentArray:ReiMu","NineCharacters:ReiMu","SpreadBorder2:ReiMu","Mercury Hourglass","Bow_fan:ReiMu","TentaclePot:ReiMu","Regal Pillow","YinYangSange:ReiMu"],"campfire_rested":6,"item_purchase_floors":[4,29,29,29,37,39,39,45],"current_hp_per_floor":[67,67,67,67,67,51,44,65,65,65,65,55,55,55,55,49,71,57,57,57,40,31,52,43,28,28,19,19,19,40,17,38,21,71,71,69,69,53,53,53,52,52,52,41,41,71,65,29,65,51],"gold":44,"neow_bonus":"TEN_PERCENT_HP_BONUS","is_daily":false,"chose_seed":false,"campfire_upgraded":4,"win_rate":0.0,"timestamp":1608709560,"path_taken":["M","?","M","?","?","E","?","R","T","?","?","E","R","M","R","BOSS","M","?","?","M","M","R","M","M","T","E","?","$","R","M","R","BOSS","M","M","$","M","$","R","?","R","T","M","?","R","?","E","R","BOSS"],"items_purchased_type":["Card","Card","Card","Relic","Relic","Relic","Relic","Card"],"build_version":"2020-12-22","purchased_purges":0,"victory":true,"max_hp_per_floor":[71,71,71,71,71,71,71,71,71,71,71,71,71,71,71,71,71,71,71,71,71,71,71,71,71,71,71,71,71,71,71,71,71,71,71,71,71,71,71,71,71,71,71,71,71,71,71,71,71,71],"card_choices":[{"not_picked":["FantasyBorder:ReiMu","Intuition:ReiMu"],"picked":"Meditation:ReiMu","floor":1.0},{"not_picked":["BarrageOfMoneybags:ReiMu","EmergencyTakeOff:ReiMu"],"picked":"RainPray2:ReiMu","floor":3.0},{"not_picked":["Enchanting:ReiMu","MikOfLucky:ReiMu"],"picked":"SpreadBorder2:ReiMu","floor":5.0},{"not_picked":["WonderfulDomain:ReiMu","TakeOff:ReiMu"],"picked":"InherentArray:ReiMu","floor":5.0},{"not_picked":["CleanRite:ReiMu","SpringWay:ReiMu"],"picked":"SubAcupoint:ReiMu","floor":6.0},{"not_picked":["Conquer:ReiMu","LovePray:ReiMu"],"picked":"OrbThrow:ReiMu","floor":10.0},{"not_picked":["SafetyPray:ReiMu","Dreaming:ReiMu"],"picked":"SubAcupoint:ReiMu","floor":12.0},{"not_picked":["TightArray:ReiMu","FantasyBorder:ReiMu"],"picked":"Meditation:ReiMu","floor":14.0},{"not_picked":["OctopathSalyBorderN:ReiMu","CleanRite:ReiMu"],"picked":"RunawayExorcism:ReiMu","floor":16.0},{"not_picked":["CollectionFlower2:ReiMu+1","Intuition:ReiMu"],"picked":"OrbThrow:ReiMu","floor":18.0},{"not_picked":["Mountainwind:ReiMu+1","SubcavityInstant:ReiMu"],"picked":"OrbThrow:ReiMu","floor":20.0},{"not_picked":["Enchanting:ReiMu","EmergencyTakeOff:ReiMu"],"picked":"AirStrike:ReiMu","floor":21.0},{"not_picked":["Gathering:ReiMu","OrbThrow:ReiMu+1"],"picked":"UniversalSpiritual:ReiMu","floor":22.0},{"not_picked":["AlertArray:ReiMu","CareerPray:ReiMu"],"picked":"HakureiPhantom:ReiMu","floor":24.0},{"not_picked":["Meditation:ReiMu","LearningPray:ReiMu"],"picked":"CareerPray:ReiMu","floor":25.0},{"not_picked":["CardOfSanctity:ReiMu","Conquer:ReiMu"],"picked":"SubAcupoint:ReiMu","floor":27.0},{"not_picked":["Revelation:ReiMu","AirStrike:ReiMu"],"picked":"CareerPray:ReiMu","floor":31.0},{"not_picked":["CardOfSanctity:ReiMu","KyokaiOfKami:ReiMu"],"picked":"RunawayExorcism:ReiMu","floor":33.0},{"not_picked":["TightArray:ReiMu+1","UniversalSpiritual:ReiMu"],"picked":"SpiritualOutbreak2:ReiMu+1","floor":35.0},{"not_picked":["Gathering:ReiMu","WonderfulDomain:ReiMu+1"],"picked":"NineCharacters:ReiMu","floor":36.0},{"not_picked":["CareerPray:ReiMu+1","SubAcupoint:ReiMu"],"picked":"RainPray2:ReiMu+1","floor":38.0},{"not_picked":["EmergencyTakeOff:ReiMu+1","SubAcupoint:ReiMu+1"],"picked":"SpreadBorder2:ReiMu","floor":41.0},{"not_picked":["PassingAway:ReiMu","Intuition:ReiMu+1"],"picked":"Meditation:ReiMu","floor":44.0},{"not_picked":["PassingAway:ReiMu","FantasyMoon:ReiMu"],"picked":"RainPray2:ReiMu","floor":48}],"player_experience":211819,"relics_obtained":[{"floor":6.0,"key":"MawBank"},{"floor":9.0,"key":"MagicDraw4"},{"floor":11.0,"key":"ZombieArmy"},{"floor":12.0,"key":"Bag of Preparation"},{"floor":26.0,"key":"vexMod:FocusSash"},{"floor":27.0,"key":"Potion Belt"},{"floor":43.0,"key":"Whetstone"},{"floor":48,"key":"GodSword4"}],"event_choices":[{"damage_healed":0.0,"max_hp_gain":0.0,"max_hp_loss":0.0,"gold_gain":0.0,"event_name":"Match and Keep!","player_choice":"2 cards matched","floor":19.0,"gold_loss":0.0,"damage_taken":0.0,"cards_obtained":["Amulet:ReiMu","DependentForm:ReiMu"]},{"damage_healed":0.0,"max_hp_gain":0.0,"max_hp_loss":0.0,"gold_gain":0.0,"event_name":"Match and Keep!","player_choice":"2 cards matched","floor":19.0,"gold_loss":0.0,"damage_taken":0.0,"cards_obtained":["Amulet:ReiMu","DependentForm:ReiMu"]},{"damage_healed":0.0,"max_hp_gain":0.0,"max_hp_loss":0.0,"gold_gain":0.0,"event_name":"Upgrade Shrine","player_choice":"Upgraded","floor":28.0,"gold_loss":0.0,"damage_taken":0.0,"cards_upgraded":["OrbThrow:ReiMu"]},{"damage_healed":0,"gold_gain":0,"player_choice":"Upgraded","damage_taken":0,"max_hp_gain":0,"max_hp_loss":0,"event_name":"Upgrade Shrine","floor":47,"gold_loss":0,"cards_upgraded":["YinYangSange:ReiMu"]}],"is_beta":false,"boss_relics":[{"not_picked":["Black Star","Empty Cage"],"picked":"SoulBox"},{"not_picked":["SlaversCollar","EasyGame_NEW"],"picked":"vexMod:TanglingVine"}],"items_purged_floors":[],"is_endless":false,"potions_floor_spawned":[6,12,14,16,18,21,33,41,44,47],"ascension_level":0}}