{"host":"1mv6gj0zv8k9e9tz","time":1608742265,"event":{"mods":["AchievementEnabler","BaseMod","Better Third Choice","Colored Map","KOR Keyword Fix","Minty Spire (QoL Compilation)","Permanent Neow","Rare Cards Sparkle","StSLib"],"gold_per_floor":[111,124,136,136,136,136,180,180,180,213,213,244,244,275,275,395,395,414,445,445,29,48,48,68,68,68,84,84,102,138,38,38,162,162,176,199,199,16,16,60,75,12,12,26,46,87,87,187,187,187,187,187,20,64,64,64],"floor_reached":55,"playtime":3229,"items_purged":["Defend_B","Zap","Strike_B","Defend_B"],"score":1044,"play_id":"28829332-c99e-4e16-8fb8-5eacb968e62b","local_time":"20201224015105","is_ascension_mode":true,"campfire_choices":[{"data":"Darkness","floor":6.0,"key":"SMITH"},{"data":"Dualcast","floor":8.0,"key":"SMITH"},{"floor":13.0,"key":"REST"},{"floor":15.0,"key":"REST"},{"data":"Hologram","floor":23.0,"key":"SMITH"},{"data":"Reboot","floor":25.0,"key":"SMITH"},{"data":"Seek","floor":28.0,"key":"SMITH"},{"data":"Lockon","floor":32.0,"key":"SMITH"},{"data":"Multi-Cast","floor":47.0,"key":"SMITH"},{"floor":49.0,"key":"RECALL"},{"data":"Buffer","floor":52.0,"key":"SMITH"}],"circlet_count":0,"master_deck":["Defend_B","Dualcast+1","Seek+1","Darkness+1","Lockon+1","Undo","Undo","Reboot+1","Hologram+1","BootSequence","Self Repair","Multi-Cast+1","Turbo+1","Madness","Buffer+1","Loop"],"relics":["Cracked Core","Golden Idol","Gambling Chip","Bottled Lightning","Mummified Hand","Symbiotic Virus","Mercury Hourglass","Empty Cage","Red Mask","Meat on the Bone","Eternal Feather","Boot","Black Star","Membership Card","Incense Burner","Thread and Needle","Centennial Puzzle","CaptainsWheel","Orichalcum","Bottled Tornado"],"acts_visited":["Exordium","TheCity","TheBeyond","TheEnding"],"potions_floor_usage":[55,55],"damage_taken":[{"damage":0.0,"enemies":"Small Slimes","floor":1.0,"turns":3.0},{"damage":4.0,"enemies":"Jaw Worm","floor":2.0,"turns":4.0},{"damage":0.0,"enemies":"Cultist","floor":3.0,"turns":4.0},{"damage":27.0,"enemies":"Lagavulin","floor":7.0,"turns":8.0},{"damage":15.0,"enemies":"3 Sentries","floor":10.0,"turns":5.0},{"damage":0.0,"enemies":"Lagavulin","floor":12.0,"turns":4.0},{"damage":20.0,"enemies":"3 Sentries","floor":14.0,"turns":4.0},{"damage":25.0,"enemies":"Slime Boss","floor":16.0,"turns":4.0},{"damage":0.0,"enemies":"Chosen","floor":18.0,"turns":3.0},{"damage":28.0,"enemies":"Masked Bandits","floor":19.0,"turns":4.0},{"damage":6.0,"enemies":"Shell Parasite","floor":22.0,"turns":3.0},{"damage":3.0,"enemies":"Snake Plant","floor":24.0,"turns":3.0},{"damage":5.0,"enemies":"Snecko","floor":27.0,"turns":3.0},{"damage":11.0,"enemies":"3 Cultists","floor":29.0,"turns":5.0},{"damage":15.0,"enemies":"Gremlin Leader","floor":30.0,"turns":5.0},{"damage":35.0,"enemies":"Collector","floor":33.0,"turns":6.0},{"damage":0.0,"enemies":"Orb Walker","floor":35.0,"turns":3.0},{"damage":19.0,"enemies":"3 Darklings","floor":36.0,"turns":4.0},{"damage":17.0,"enemies":"Nemesis","floor":40.0,"turns":7.0},{"damage":0.0,"enemies":"Spire Growth","floor":41.0,"turns":2.0},{"damage":0.0,"enemies":"Sphere and 2 Shapes","floor":44.0,"turns":2.0},{"damage":0.0,"enemies":"Jaw Worm Horde","floor":45.0,"turns":2.0},{"damage":46.0,"enemies":"Reptomancer","floor":46.0,"turns":4.0},{"damage":6.0,"enemies":"Awakened One","floor":50.0,"turns":7.0},{"damage":13.0,"enemies":"Shield and Spear","floor":54.0,"turns":5.0},{"damage":69,"enemies":"The Heart","floor":55,"turns":5}],"seed_played":"-539822898248860611","potions_obtained":[{"floor":1.0,"key":"EssenceOfDarkness"},{"floor":10.0,"key":"LiquidBronze"},{"floor":12.0,"key":"PotionOfCapacity"},{"floor":14.0,"key":"LiquidMemories"},{"floor":22.0,"key":"BlessingOfTheForge"},{"floor":27.0,"key":"PowerPotion"},{"floor":41.0,"key":"BlessingOfTheForge"}],"is_trial":false,"path_per_floor":["M","M","M","?","?","R","E","R","T","E","?","E","R","E","R","B",null,"M","?","?","$","M","R","M","R","T","M","R","M","E","$","R","B",null,"M","M","?","$","?","E","M","$","T","M","M","E","R","?","R","B",null,"R","$","E","B"],"character_chosen":"DEFECT","items_purchased":["Meat on the Bone","EssenceOfDarkness","Membership Card","Buffer","DistilledChaos","DuplicationPotion","Loop"],"campfire_rested":2,"item_purchase_floors":[21,21,38,38,53,53,53],"current_hp_per_floor":[68,64,64,64,46,46,19,19,19,4,4,4,26,6,28,3,57,57,29,29,29,35,35,44,44,44,39,45,46,50,50,56,40,66,73,54,54,54,54,56,56,56,56,63,73,39,48,48,57,58,71,75,75,69,0,0],"gold":64,"neow_bonus":"ONE_RANDOM_RARE_CARD","is_daily":false,"chose_seed":false,"campfire_upgraded":8,"win_rate":0.0,"timestamp":1608742265,"path_taken":["M","M","M","?","?","R","E","R","T","E","?","E","R","E","R","BOSS","M","?","?","$","M","R","M","R","T","M","R","M","E","$","R","BOSS","M","M","?","$","?","E","M","$","T","M","M","E","R","?","R","BOSS","R","$","E","BOSS"],"items_purchased_type":["Relic","Potion","Relic","Card","Potion","Potion","Card"],"build_version":"2020-12-22","purchased_purges":4,"victory":false,"max_hp_per_floor":[75,75,75,75,75,75,75,75,75,75,75,75,75,75,75,75,75,75,75,75,75,75,75,75,75,75,75,75,75,75,75,75,75,75,75,75,75,75,75,75,75,75,75,75,75,75,75,75,75,75,75,75,75,75,75,75],"card_choices":[{"not_picked":["Stack","Hologram"],"picked":"Darkness","floor":1.0},{"not_picked":["Leap","Rebound","Coolheaded"],"picked":"SKIP","floor":2.0},{"not_picked":["Reprogram","Force Field","Compile Driver"],"picked":"SKIP","floor":3.0},{"not_picked":["Storm","Sweeping Beam"],"picked":"Lockon","floor":7.0},{"not_picked":["Cold Snap","Gash","Thunder Strike"],"picked":"SKIP","floor":10.0},{"not_picked":["Hello World","Rebound"],"picked":"Undo","floor":12.0},{"not_picked":["Streamline","Turbo"],"picked":"Undo","floor":14.0},{"not_picked":["Creative AI","Hyperbeam"],"picked":"Reboot","floor":16.0},{"not_picked":["Rebound+1","Coolheaded","Rip and Tear"],"picked":"SKIP","floor":18.0},{"not_picked":["Hyperbeam","Chaos"],"picked":"Hologram","floor":19.0},{"not_picked":["Blizzard","Streamline+1"],"picked":"BootSequence","floor":22.0},{"not_picked":["Cold Snap","Barrage","Turbo"],"picked":"SKIP","floor":24.0},{"not_picked":["Sunder","Blizzard","Reinforced Body"],"picked":"SKIP","floor":27.0},{"not_picked":["Gash","Compile Driver"],"picked":"Self Repair","floor":29.0},{"not_picked":["Turbo","Rip and Tear+1","Barrage"],"picked":"SKIP","floor":30.0},{"not_picked":["Hyperbeam","Fission"],"picked":"Multi-Cast","floor":33.0},{"not_picked":["Sweeping Beam","Leap","Ball Lightning+1"],"picked":"SKIP","floor":35.0},{"not_picked":["Glacier+1","Capacitor+1"],"picked":"Turbo+1","floor":36.0},{"not_picked":["Mayhem","Transmutation"],"picked":"Madness","floor":37.0},{"not_picked":["Beam Cell","Streamline","Turbo"],"picked":"SKIP","floor":40.0},{"not_picked":["Steam","Aggregate+1","Ball Lightning+1"],"picked":"SKIP","floor":41.0},{"not_picked":["Cold Snap","Rebound+1","Steam+1"],"picked":"SKIP","floor":44.0},{"not_picked":["Multi-Cast","Melter+1","Sunder+1"],"picked":"SKIP","floor":45.0},{"not_picked":["Sweeping Beam+1","Blizzard","Static Discharge+1"],"picked":"SKIP","floor":46.0},{"not_picked":["BootSequence","Fusion","Cold Snap"],"picked":"SKIP","floor":54.0},{"not_picked":["BootSequence","Fusion","Cold Snap"],"picked":"SKIP","floor":54.0}],"player_experience":483851,"relics_obtained":[{"floor":7.0,"key":"Gambling Chip"},{"floor":9.0,"key":"Bottled Lightning"},{"floor":10.0,"key":"Mummified Hand"},{"floor":12.0,"key":"Symbiotic Virus"},{"floor":14.0,"key":"Mercury Hourglass"},{"floor":19.0,"key":"Red Mask"},{"floor":26.0,"key":"Eternal Feather"},{"floor":30.0,"key":"Boot"},{"floor":40.0,"key":"Incense Burner"},{"floor":40.0,"key":"Thread and Needle"},{"floor":46.0,"key":"Centennial Puzzle"},{"floor":46.0,"key":"CaptainsWheel"},{"floor":54.0,"key":"Orichalcum"},{"floor":54.0,"key":"Bottled Tornado"}],"event_choices":[{"damage_healed":0.0,"max_hp_gain":0.0,"max_hp_loss":0.0,"gold_gain":0.0,"event_name":"betterThird:BetterSerpent","player_choice":"Ignored","floor":4.0,"gold_loss":0.0,"damage_taken":136.0},{"damage_healed":0.0,"max_hp_gain":0.0,"max_hp_loss":0.0,"gold_gain":0.0,"event_name":"Golden Idol","player_choice":"Take Damage","floor":5.0,"gold_loss":0.0,"damage_taken":18.0,"relics_obtained":["Golden Idol"]},{"damage_healed":0.0,"max_hp_gain":0.0,"max_hp_loss":0.0,"gold_gain":0.0,"event_name":"betterThird:BetterScrap","player_choice":"LEAVE","floor":11.0,"gold_loss":0.0,"damage_taken":0.0,"cards_obtained":["Power Through"]},{"damage_healed":0.0,"max_hp_gain":0.0,"max_hp_loss":0.0,"gold_gain":0.0,"event_name":"Masked Bandits","player_choice":"Fought Bandits","floor":19.0,"gold_loss":0.0,"damage_taken":0.0},{"cards_removed":["Strike_B"],"damage_healed":0.0,"max_hp_gain":0.0,"max_hp_loss":0.0,"gold_gain":0.0,"event_name":"Purifier","player_choice":"Purged","floor":20.0,"gold_loss":0.0,"damage_taken":0.0},{"damage_healed":0.0,"max_hp_gain":0.0,"max_hp_loss":0.0,"gold_gain":0.0,"event_name":"SensoryStone","player_choice":"Memory 1","floor":37.0,"gold_loss":0.0,"damage_taken":0.0},{"cards_removed":["Strike_B"],"damage_healed":0.0,"max_hp_gain":0.0,"max_hp_loss":0.0,"gold_gain":0.0,"event_name":"Falling","player_choice":"Removed Attack","floor":39.0,"gold_loss":0.0,"damage_taken":0.0},{"damage_healed":0.0,"max_hp_gain":0.0,"max_hp_loss":0.0,"gold_gain":100.0,"event_name":"Golden Shrine","player_choice":"Pray","floor":48.0,"gold_loss":0.0,"damage_taken":0.0}],"is_beta":false,"boss_relics":[{"not_picked":["FrozenCore","SlaversCollar"],"picked":"Empty Cage"},{"not_picked":["Runic Dome","Fusion Hammer"],"picked":"Black Star"}],"items_purged_floors":[21,31,42,53],"is_endless":false,"potions_floor_spawned":[1,10,12,14,22,27,30,41],"killed_by":"The Heart","ascension_level":8}}