{"host":"byu8oejwd0fdcxn8","time":1608716186,"event":{"mods":["Act Like it!","Arknights The Spire","Aspiration","Astrologer","BaseMod","Colored Map","Lobotomy","LobotomyExtend","Minty Spire (QoL Compilation)","StSLib"],"gold_per_floor":[114,126,140,158,169,169,180,180,180,180,196,68,88,88,88,186,186,205,205,205,205],"floor_reached":20,"playtime":1034,"items_purged":[],"score":168,"play_id":"65109e8f-bea3-4065-bdba-e7328c6a0c49","local_time":"20201223183626","is_ascension_mode":false,"campfire_choices":[{"data":"ats:Mental Burst","floor":15,"key":"SMITH"}],"circlet_count":0,"master_deck":["ats:Powerful Strike","ats:Powerful Strike","ats:Powerful Strike","ats:Armor Crushing Shot","ats:Defend Up","ats:Defend Up","ats:Defend Up","ats:Defend Up","ats:Emotion Absorption","ats:Emotion Absorption","ats:Cat Scratch","ats:Shadow Raid","ats:Magnetic Hammer","ats:Just Like an Apocalypse","ats:Magnetic Hammer","ats:Rapid Magazine","ats:Overload","ats:Flexible Camouflage","ats:Just Like an Apocalypse","ats:Mental Burst+1","ats:Shadow Assault","ats:Mental Burst+1","Finesse"],"relics":["ats:Sanity","LetterFromLob","ats:Originium","ats:Originium","aspiration:FetidBarrel","ats:Originium","Black Star"],"acts_visited":["Exordium","TheCity"],"potions_floor_usage":[16,16,18],"damage_taken":[{"damage":6,"enemies":"Jaw Worm","floor":1,"turns":3},{"damage":1,"enemies":"Cultist","floor":2,"turns":3},{"damage":0,"enemies":"Small Slimes","floor":3,"turns":3},{"damage":11,"enemies":"Gremlin Gang","floor":4,"turns":8},{"damage":0,"enemies":"Blue Slaver","floor":5,"turns":5},{"damage":0,"enemies":"Exordium Wildlife","floor":7,"turns":5},{"damage":0,"enemies":"Looter","floor":11,"turns":4},{"damage":8,"enemies":"2 Fungi Beasts","floor":13,"turns":4},{"damage":49,"enemies":"The Guardian","floor":16,"turns":9},{"damage":34,"enemies":"Chosen","floor":18,"turns":9},{"damage":52,"enemies":"Shell Parasite","floor":20,"turns":6}],"seed_played":"1776097786457736236","potions_obtained":[{"floor":2,"key":"DistilledChaos"},{"floor":5,"key":"Explosive Potion"},{"floor":7,"key":"CultistPotion"}],"is_trial":false,"path_per_floor":["M","M","M","M","M","R","M","R","T","R","M","$","M","?","R","B",null,"M","?","M"],"character_chosen":"DOCTOR_CLASS","items_purchased":["ats:Overload","ats:Flexible Camouflage"],"campfire_rested":0,"item_purchase_floors":[12,12],"current_hp_per_floor":[66,65,68,60,63,63,68,68,68,68,72,72,66,66,66,25,72,46,34,0,0],"gold":205,"neow_bonus":"","is_daily":false,"chose_seed":false,"campfire_upgraded":1,"win_rate":0.0,"timestamp":1608716186,"path_taken":["M","M","M","M","M","R","M","R","T","R","M","$","M","?","R","BOSS","M","?","M"],"items_purchased_type":["Card","Card"],"build_version":"2020-12-22","purchased_purges":0,"victory":false,"max_hp_per_floor":[72,72,72,72,72,72,72,72,72,72,72,72,72,72,72,72,72,72,72,72,72],"card_choices":[{"not_picked":["ats:Flexible Camouflage","ats:Shadow Raid"],"picked":"ats:Cat Scratch","floor":1},{"not_picked":["ats:Hook Shot","ats:Shadow Raid"],"picked":"ats:Revitalization","floor":2},{"not_picked":["ats:Poison Spread","ats:Consecutive Shot: Auto"],"picked":"ats:Shadow Raid","floor":3},{"not_picked":["ats:Encircling Forest","ats:Curse Doll"],"picked":"ats:Magnetic Hammer","floor":4},{"not_picked":["ats:Very Hot Blade","ats:Poison Spread"],"picked":"ats:Just Like an Apocalypse","floor":5},{"not_picked":["ats:Explosion Area Strengthen","ats:Assault Order"],"picked":"ats:Magnetic Hammer","floor":7},{"not_picked":["ats:Flexible Camouflage","ats:Assault Order"],"picked":"ats:Rapid Magazine","floor":11},{"not_picked":["ats:Consecutive Shot: Auto","ats:Flexible Camouflage"],"picked":"ats:Just Like an Apocalypse","floor":13},{"not_picked":["ats:Ambush","ats:Beaten Up"],"picked":"ats:Shadow Assault","floor":16},{"not_picked":["ats:Consecutive Shot: Auto","ats:Red Shift"],"picked":"ats:Mental Burst+1","floor":18}],"player_experience":1066704,"relics_obtained":[{"floor":1,"key":"LetterFromLob"},{"floor":6,"key":"ats:Originium"},{"floor":8,"key":"ats:Originium"},{"floor":9,"key":"aspiration:FetidBarrel"},{"floor":10,"key":"ats:Originium"}],"event_choices":[{"damage_healed":0,"gold_gain":0,"cards_transformed":["ats:Revitalization"],"player_choice":"Transformed","damage_taken":0,"max_hp_gain":0,"max_hp_loss":0,"event_name":"Transmorgrifier","floor":14,"gold_loss":0,"cards_obtained":["ats:Mental Burst"]},{"damage_healed":0,"gold_gain":0,"player_choice":"CARD ","damage_taken":12,"max_hp_gain":0,"max_hp_loss":0,"event_name":"Knowing Skull","floor":19,"potions_obtained":[],"gold_loss":0,"cards_obtained":["Finesse"]}],"is_beta":false,"boss_relics":[{"not_picked":["Coffee Dripper","Ectoplasm"],"picked":"Black Star"}],"items_purged_floors":[],"is_endless":false,"potions_floor_spawned":[2,5,7,13],"killed_by":"Shell Parasite","ascension_level":0}}