{"host":"640uue19m79c7wbt","time":1608760345,"event":{"mods":["BaseMod","Colored Map","Googly Eyes","Highlight Path","Minty Spire (QoL Compilation)","Quick Restart","StSLib"],"gold_per_floor":[109,109,31,31,48,48,48,48,71,18,32,51,72,112,112,235,235,258,104,104,203,9,44,44,59,132,132,132,132,145,188,188,309,309,324,324,342,362,362,362,362,362],"floor_reached":41,"playtime":1828,"items_purged":["Strike_G"],"score":622,"play_id":"f149cef3-2969-40cb-aecd-266f24b12955","local_time":"20201223165225","is_ascension_mode":true,"campfire_choices":[{"data":"Accuracy","floor":7.0,"key":"SMITH"},{"floor":15.0,"key":"REST"},{"floor":24.0,"key":"REST"},{"floor":27.0,"key":"REST"},{"floor":32,"key":"REST"},{"floor":40,"key":"RECALL"}],"circlet_count":0,"master_deck":["Strike_G","Defend_G","Defend_G","Survivor","Neutralize+1","Dagger Throw","Dagger Spray","Prepared","Accuracy+1","Escape Plan","Dagger Spray","Underhanded Strike","Choke+1","Unload","Blade Dance","Wraith Form v2","Unload+1","Die Die Die+1","Blur+1","PiercingWail+1","Blur","Accuracy+1","Underhanded Strike","Well Laid Plans","Dagger Throw+1","After Image","Finisher","Corpse Explosion","Grand Finale","Distraction+1","PiercingWail"],"relics":["Ring of the Snake","NeowsBlessing","Matryoshka","Golden Idol","Happy Flower","Bag of Preparation","Astrolabe","DollysMirror","Shovel","MealTicket","Paper Crane","Whetstone","SlaversCollar"],"acts_visited":["Exordium","TheCity","TheBeyond"],"potions_floor_usage":[31,38],"damage_taken":[{"damage":0.0,"enemies":"2 Louse","floor":1.0,"turns":1.0},{"damage":0.0,"enemies":"Small Slimes","floor":5.0,"turns":1.0},{"damage":0.0,"enemies":"Cultist","floor":11.0,"turns":1.0},{"damage":9.0,"enemies":"Looter","floor":12.0,"turns":3.0},{"damage":12.0,"enemies":"Exordium Wildlife","floor":13.0,"turns":2.0},{"damage":12.0,"enemies":"3 Sentries","floor":14.0,"turns":3.0},{"damage":33.0,"enemies":"Slime Boss","floor":16.0,"turns":7.0},{"damage":11.0,"enemies":"Spheric Guardian","floor":18.0,"turns":3.0},{"damage":18.0,"enemies":"Gremlin Leader","floor":23.0,"turns":4.0},{"damage":5.0,"enemies":"Chosen","floor":25.0,"turns":6.0},{"damage":0.0,"enemies":"Snecko","floor":29.0,"turns":3.0},{"damage":5,"enemies":"Centurion and Healer","floor":30,"turns":5},{"damage":17,"enemies":"Slavers","floor":31,"turns":5},{"damage":42,"enemies":"Automaton","floor":33,"turns":10},{"damage":1,"enemies":"Orb Walker","floor":35,"turns":4},{"damage":30,"enemies":"3 Shapes","floor":37,"turns":3},{"damage":1,"enemies":"Transient","floor":38,"turns":5},{"damage":33,"enemies":"Spire Growth","floor":41,"turns":6}],"seed_played":"-3009206458240823182","potions_obtained":[{"floor":5.0,"key":"LiquidMemories"},{"floor":11.0,"key":"Strength Potion"},{"floor":14.0,"key":"SmokeBomb"},{"floor":16.0,"key":"DuplicationPotion"},{"floor":18.0,"key":"CunningPotion"},{"floor":37,"key":"EssenceOfSteel"}],"is_trial":false,"path_per_floor":["M","?","$","?","M","?","R","?","T","$","M","M","M","E","R","B",null,"M","$","?","?","$","E","R","M","T","R","?","M","M","E","R","B",null,"M","?","M","M","?","R","M"],"character_chosen":"THE_SILENT","items_purchased":["Dagger Spray","Prepared","Dagger Spray","Blur","DollysMirror","Underhanded Strike"],"campfire_rested":4,"item_purchase_floors":[3,3,10,19,22,22],"current_hp_per_floor":[63,68,68,65,65,47,47,47,47,47,47,38,26,14,36,3,57,46,46,46,46,46,28,50,45,45,67,67,67,62,45,67,25,63,62,62,32,31,31,31,0,0],"gold":362,"neow_bonus":"THREE_ENEMY_KILL","is_daily":false,"chose_seed":false,"campfire_upgraded":1,"win_rate":0.0,"timestamp":1608760345,"path_taken":["M","?","$","?","M","?","R","?","T","$","M","M","M","E","R","BOSS","M","$","?","?","?","E","R","M","T","R","?","M","?","E","R","BOSS","M","?","M","M","?","R","?"],"items_purchased_type":["Card","Card","Card","Card","Relic","Card"],"build_version":"2020-12-22","purchased_purges":1,"victory":false,"max_hp_per_floor":[70,75,75,75,75,75,75,75,75,75,75,75,75,75,75,75,75,75,75,75,75,75,75,75,75,75,75,75,75,75,75,75,75,75,75,75,75,75,75,75,75,75],"card_choices":[{"not_picked":["Distraction","Bane"],"picked":"Dagger Throw","floor":1.0},{"not_picked":["Quick Slash","Acrobatics"],"picked":"Accuracy","floor":5.0},{"not_picked":["Bane","Deadly Poison"],"picked":"Underhanded Strike","floor":11.0},{"not_picked":["Prepared","Dagger Spray"],"picked":"Choke","floor":12.0},{"not_picked":["Deflect","Flying Knee"],"picked":"Unload","floor":13.0},{"not_picked":["Prepared","Dagger Throw"],"picked":"Blade Dance","floor":14.0},{"not_picked":["Adrenaline","Glass Knife"],"picked":"Wraith Form v2","floor":16.0},{"not_picked":["Outmaneuver+1","Sucker Punch"],"picked":"PiercingWail+1","floor":18.0},{"not_picked":["Dash","Concentrate"],"picked":"Well Laid Plans","floor":23.0},{"not_picked":["Setup","Dagger Spray"],"picked":"Dagger Throw+1","floor":25.0},{"not_picked":["PiercingWail","Underhanded Strike"],"picked":"Finisher","floor":30},{"not_picked":["Infinite Blades+1","Dagger Throw"],"picked":"Corpse Explosion","floor":31},{"not_picked":["After Image","Glass Knife"],"picked":"Grand Finale","floor":33},{"not_picked":["Sucker Punch+1","Quick Slash"],"picked":"Distraction+1","floor":35},{"not_picked":["Bane+1","Outmaneuver"],"picked":"PiercingWail","floor":37},{"not_picked":["Poisoned Stab+1","Concentrate+1","Acrobatics+1"],"picked":"SKIP","floor":38}],"player_experience":1220557,"relics_obtained":[{"floor":9.0,"key":"Happy Flower"},{"floor":14.0,"key":"Bag of Preparation"},{"floor":23.0,"key":"Shovel"},{"floor":26.0,"key":"MealTicket"},{"floor":26.0,"key":"Paper Crane"},{"floor":31,"key":"Whetstone"}],"event_choices":[{"damage_healed":0.0,"max_hp_gain":5.0,"max_hp_loss":0.0,"gold_gain":0.0,"event_name":"Big Fish","player_choice":"Donut","floor":2.0,"gold_loss":0.0,"damage_taken":0.0},{"damage_healed":0.0,"max_hp_gain":0.0,"max_hp_loss":0.0,"gold_gain":0.0,"event_name":"Scrap Ooze","player_choice":"Success","floor":4.0,"gold_loss":0.0,"damage_taken":3.0,"relics_obtained":["Matryoshka"]},{"damage_healed":0.0,"max_hp_gain":0.0,"max_hp_loss":0.0,"gold_gain":0.0,"event_name":"Golden Idol","player_choice":"Take Damage","floor":6.0,"gold_loss":0.0,"damage_taken":18.0,"relics_obtained":["Golden Idol"]},{"damage_healed":0.0,"max_hp_gain":0.0,"max_hp_loss":0.0,"gold_gain":0.0,"cards_transformed":["Strike_G"],"event_name":"Transmorgrifier","player_choice":"Transformed","floor":8.0,"gold_loss":0.0,"damage_taken":0.0,"cards_obtained":["Escape Plan"]},{"cards_removed":["Defend_G"],"damage_healed":0.0,"max_hp_gain":0.0,"max_hp_loss":0.0,"gold_gain":0.0,"event_name":"Back to Basics","player_choice":"Elegance","floor":20.0,"gold_loss":0.0,"damage_taken":0.0},{"damage_healed":0.0,"max_hp_gain":0.0,"max_hp_loss":0.0,"gold_gain":99.0,"event_name":"Nest","player_choice":"Stole From Cult","floor":21.0,"gold_loss":0.0,"damage_taken":0.0},{"damage_healed":0.0,"max_hp_gain":0.0,"max_hp_loss":0.0,"gold_gain":0.0,"event_name":"The Library","player_choice":"Read","floor":28.0,"gold_loss":0.0,"damage_taken":0.0,"cards_obtained":["After Image"]},{"cards_removed":["Defend_G"],"damage_healed":0,"gold_gain":0,"player_choice":"Removed Skill","damage_taken":0,"max_hp_gain":0,"max_hp_loss":0,"event_name":"Falling","floor":36,"gold_loss":0},{"damage_healed":0,"gold_gain":0,"player_choice":"Ignored","damage_taken":0,"max_hp_gain":0,"max_hp_loss":0,"event_name":"NoteForYourself","floor":39,"gold_loss":0}],"is_beta":false,"boss_relics":[{"not_picked":["Calling Bell","Busted Crown"],"picked":"Astrolabe"},{"not_picked":["Runic Dome","Tiny House"],"picked":"SlaversCollar"}],"items_purged_floors":[19],"is_endless":false,"potions_floor_spawned":[5,11,14,16,18,29,37],"killed_by":"Spire Growth","ascension_level":9}}