{"host":"5j53u3d72gsce0fe","time":1608739570,"event":{"mods":["2.2 Compatiblity","AchievementEnabler","Aspiration","BaseMod","Beaked The Cultist","Better Altar","Better Match","Better Note","Better Sensory Stone","Better Skull","Better Third Choice","Better Vampires","Block Reminder","CCEM","Card Forge","Colored Map","Colored Powertips","Colorless Booster Pack","Conspire","Defuse TimeMaze Blight","Dio Mod","Dota2Spire","Downfall","Emptier Cage","Energized Spire","Friendly Minions","GifTheSpireLib","Hermit","HexUI Lib","Hubris","Humility","Infinite Spire","Marked Mod","Mimic Mod","Minty Spire (QoL Compilation)","Relic Filter","Replay The Spire","Retaliation","Shade Mod","Small Relic Pack","StSLib","Stuff the Spire","The Animator","The Bug Knight","Transform Curses","Unceasing Turn Reminder","???Mod??????Boss"],"gold_per_floor":[99,99,99,21,38,38,38,38,75,106,31,20,20,34,54,54,68,168,168,93,123,149,263,328,378,378,399,449,477,479,479,479],"floor_reached":30,"playtime":2587,"items_purged":[],"score":239,"play_id":"7373575b-d94a-42ce-b706-10b41ccf327b","local_time":"20201223080610","is_ascension_mode":true,"campfire_choices":[{"floor":1,"key":"RECALL"},{"data":"champ:Defend","floor":6,"key":"SMITH"},{"floor":11,"key":"REST"},{"floor":20,"key":"REST"}],"circlet_count":0,"master_deck":["champ:Execute+1","champ:Taunt+1","champ:AdrenalArmor+1","champ:DefensiveStyle+1","champ:ArenaPreparation+1","champ:GladiatorStyle+1","champ:Backstep+1","champ:GladiatorsShout+1","champ:HeartStrike+1","champ:FalseCounter+1","champ:BringItOn+1","champ:FocusedBerserking+1","champ:Aggression+1","champ:Circumvent+1","champ:ShieldSlam+1","champ:RapidStrikes+1","champ:FalseCounter+1","champ:AdrenalArmor+1","champ:PreciseThrust+1","champ:EndlessRage+1","champ:GutPunch+1","champ:ShieldWall+1"],"relics":["champ:ChampionCrown","Hammer of Thor","Seething Fire","Anvil of the Gods","downfall:HeartsMalice","Dream Catcher","Replay:Bandana","downfall:HeartBlessingGreen","Dota2Spire:Bloodstone","downfall:HeartBlessingRed","downfall:CloakOfManyFaces","CultistMask","FaceOfCleric","NlothsMask","GremlinMask","SsserpentHead"],"acts_visited":["Exordium","TheCity"],"potions_floor_usage":[10,18,18,18,23,23,29,30],"damage_taken":[{"damage":0,"enemies":"Small Slimes","floor":2,"turns":1},{"damage":0,"enemies":"Cultist","floor":3,"turns":1},{"damage":0,"enemies":"downfall:FleeingMerchant","floor":4,"turns":1},{"damage":15,"enemies":"2 Louse","floor":5,"turns":3},{"damage":14,"enemies":"Gremlin Gang","floor":9,"turns":9},{"damage":54,"enemies":"3 Sentries","floor":10,"turns":9},{"damage":30,"enemies":"downfall:FleeingMerchant","floor":12,"turns":4},{"damage":53,"enemies":"Gremlin Gang","floor":14,"turns":4},{"damage":17,"enemies":"Exordium Wildlife","floor":15,"turns":4},{"damage":33,"enemies":"Lots of Slimes","floor":17,"turns":4},{"damage":48,"enemies":"downfall:Ironclad","floor":18,"turns":6},{"damage":53,"enemies":"Spheric Guardian","floor":21,"turns":7},{"damage":17,"enemies":"conspire:FuzzyDice","floor":22,"turns":6},{"damage":33,"enemies":"downfall:FaceTrader","floor":23,"turns":5},{"damage":62,"enemies":"Centurion and Healer","floor":24,"turns":7},{"damage":36,"enemies":"Chosen and Byrds","floor":27,"turns":3},{"damage":52,"enemies":"Snecko","floor":29,"turns":5},{"damage":59,"enemies":"Nightmare","floor":30,"turns":5}],"seed_played":"-5788692100736101901","potions_obtained":[{"floor":5,"key":"champ:CounterPotion"},{"floor":10,"key":"Dexterity Potion"},{"floor":14,"key":"Weak Potion"},{"floor":17,"key":"Regen Potion"},{"floor":18,"key":"Fire Potion"},{"floor":21,"key":"champ:CounterPotion"},{"floor":23,"key":"GamblersBrew"},{"floor":24,"key":"LiquidMemories"},{"floor":27,"key":"Flashbang"}],"is_trial":false,"path_per_floor":["R","M","M","$","M","R","PTL","PTL","MIM","E","R","$","?","M","M","?","M","B",null,"R","M","M","?","M","?","T","M","?","M","NM"],"character_chosen":"THE_CHAMP","items_purchased":["champ:GladiatorStyle"],"campfire_rested":2,"item_purchase_floors":[4],"current_hp_per_floor":[90,90,90,90,90,90,90,90,90,71,90,90,90,90,90,90,89,83,90,90,60,60,60,43,52,52,53,53,24,0,0,0],"gold":479,"neow_bonus":"THREE_ENEMY_KILL","is_daily":false,"chose_seed":false,"campfire_upgraded":1,"win_rate":0.0,"timestamp":1608739570,"path_taken":["R","M","M","$","M","R","PTL","PTL","MIM","E","R","$","?","M","M","?","M","BOSS","R","M","?","?","?","?","T","M","?","M","NM"],"items_purchased_type":["Card"],"build_version":"2020-12-22","purchased_purges":0,"victory":false,"max_hp_per_floor":[90,90,90,90,90,90,90,90,90,90,90,90,90,90,90,90,90,90,90,90,90,90,90,91,91,91,92,92,93,93,93,93],"card_choices":[{"not_picked":["champ:PerfectedStrike","champ:CrookedStrike"],"picked":"champ:AdrenalArmor","floor":2},{"not_picked":["champ:CalledShot","champ:BladeFlurry"],"picked":"champ:DefensiveStyle","floor":3},{"not_picked":["champ:Encircle","champ:BladeFlurry"],"picked":"champ:ArenaPreparation","floor":4},{"not_picked":["champ:FocusedDefense","champ:BladeFlurry"],"picked":"champ:Backstep","floor":5},{"not_picked":["champ:CrookedStrike","champ:ViciousMockery"],"picked":"champ:GladiatorsShout","floor":9},{"not_picked":["champ:RecklessLeap","champ:RisingSlash"],"picked":"champ:HeartStrike","floor":10},{"not_picked":["champ:CalledShot","champ:ViciousMockery"],"picked":"champ:FalseCounter","floor":11},{"not_picked":["champ:ShieldSigil","champ:CrookedStrike"],"picked":"champ:BringItOn","floor":12},{"not_picked":["champ:BerserkersShout","champ:PerfectedStrike"],"picked":"champ:FocusedBerserking","floor":14},{"not_picked":["champ:CrookedStrike","champ:ShieldSigil"],"picked":"champ:Aggression","floor":15},{"not_picked":["champ:FlashCut","champ:CrookedStrike"],"picked":"champ:Circumvent","floor":17},{"not_picked":["champ:HoldFirm","champ:SwordThrow"],"picked":"champ:ShieldSlam","floor":18},{"not_picked":["champ:BladeFlurry+1","champ:HeartStrike"],"picked":"champ:RapidStrikes","floor":20},{"not_picked":["champ:FocusedDefense","champ:PerfectedStrike"],"picked":"champ:FalseCounter","floor":21},{"not_picked":["champ:TornadoPunch","champ:PerfectedStrike+1"],"picked":"champ:AdrenalArmor+1","floor":22},{"not_picked":["champ:EnGarde","champ:RecklessLeap+1"],"picked":"champ:PreciseThrust+1","floor":23},{"not_picked":["champ:StanceDance","champ:FalseCounter"],"picked":"champ:EndlessRage","floor":24},{"not_picked":["champ:Circumvent+1","champ:GladiatorStyle"],"picked":"champ:GutPunch","floor":27},{"not_picked":["champ:DeathBlow","champ:FalseCounter+1"],"picked":"champ:ShieldWall","floor":29}],"player_experience":1226865,"relics_obtained":[{"floor":9,"key":"Dream Catcher"},{"floor":10,"key":"Replay:Bandana"},{"floor":23,"key":"downfall:CloakOfManyFaces"}],"event_choices":[{"damage_healed":0,"gold_gain":0,"player_choice":"Ignored","damage_taken":0,"max_hp_gain":0,"max_hp_loss":0,"event_name":"Purifier","floor":16,"gold_loss":0}],"is_beta":false,"boss_relics":[{"not_picked":["sneckomod:SneckoTalon","energizedSpire:StickyHand"],"picked":"Dota2Spire:Bloodstone"}],"items_purged_floors":[],"is_endless":false,"potions_floor_spawned":[5,10,14,17,18,21,23,24,27],"killed_by":"Nightmare","ascension_level":1}}