{"host":"x4x6fw95e6eqd4n0","time":1608682665,"event":{"mods":["AchievementEnabler","BaseMod","Colored Map","Colored Powertips","DeckTracker","Minty Spire (QoL Compilation)"],"gold_per_floor":[10,24,38,49,59,59,59,73,73,73,88,118,177,193,193,298,298,312,332,365,380,393,393,393,2,2,2,21,46,46,63,63,165,165,175,397,397,417,434,434,465,465,465,484,484,503,503,519,519,519,519],"floor_reached":50,"playtime":2761,"items_purged":[],"score":575,"play_id":"ff8932ca-7682-4ce0-80f9-01dc68482c61","local_time":"20201223021745","is_ascension_mode":false,"campfire_choices":[{"data":"Phantasmal Killer","floor":6,"key":"SMITH"},{"data":"Infinite Blades","floor":15,"key":"SMITH"},{"floor":23,"key":"REST"},{"floor":27,"key":"REST"},{"data":"A Thousand Cuts","floor":30,"key":"SMITH"},{"floor":32,"key":"REST"},{"data":"Burst","floor":40,"key":"SMITH"},{"data":"Violence","floor":42,"key":"SMITH"},{"floor":45,"key":"REST"},{"floor":47,"key":"REST"},{"floor":49,"key":"REST"}],"circlet_count":0,"master_deck":["Defend_G","Defend_G","Defend_G","Defend_G","Defend_G","Survivor","Neutralize","Phantasmal Killer+1","Endless Agony","Footwork","Predator","Distraction","All Out Attack","Infinite Blades","Backflip","Catalyst","Footwork","Poisoned Stab","Infinite Blades+1","Unload","Eviscerate","All Out Attack","A Thousand Cuts+1","Blade Dance","PiercingWail","Prepared","Masterful Stab","Violence+1","Infinite Blades+1","Sucker Punch+1","Caltrops","Burst+1","Infinite Blades+1","Writhe","Flechettes","Infinite Blades","Blur+1","Writhe","Finisher+1","Poisoned Stab+1","Well Laid Plans"],"relics":["Ring of the Snake","PreservedInsect","Lantern","Orichalcum","Sozu","Red Mask","Membership Card","Boot","Regal Pillow","White Beast Statue","Pear","Cursed Key","Happy Flower","InkBottle","Toxic Egg 2"],"acts_visited":["Exordium","TheCity","TheBeyond"],"potions_floor_usage":[13,16,16],"damage_taken":[{"damage":0,"enemies":"2 Louse","floor":1,"turns":4},{"damage":6,"enemies":"Small Slimes","floor":2,"turns":3},{"damage":0,"enemies":"Jaw Worm","floor":3,"turns":4},{"damage":8,"enemies":"Exordium Wildlife","floor":4,"turns":6},{"damage":4,"enemies":"Exordium Thugs","floor":5,"turns":3},{"damage":5,"enemies":"Looter","floor":8,"turns":4},{"damage":1,"enemies":"Red Slaver","floor":11,"turns":3},{"damage":0,"enemies":"Lagavulin","floor":12,"turns":4},{"damage":9,"enemies":"3 Sentries","floor":13,"turns":4},{"damage":0,"enemies":"Large Slime","floor":14,"turns":6},{"damage":15,"enemies":"The Guardian","floor":16,"turns":11},{"damage":5,"enemies":"3 Byrds","floor":18,"turns":4},{"damage":0,"enemies":"Chosen","floor":19,"turns":3},{"damage":21,"enemies":"Masked Bandits","floor":20,"turns":4},{"damage":9,"enemies":"Centurion and Healer","floor":21,"turns":6},{"damage":20,"enemies":"3 Cultists","floor":22,"turns":5},{"damage":9,"enemies":"Snecko","floor":28,"turns":3},{"damage":18,"enemies":"Book of Stabbing","floor":29,"turns":4},{"damage":20,"enemies":"Shelled Parasite and Fungi","floor":31,"turns":4},{"damage":32,"enemies":"Champ","floor":33,"turns":10},{"damage":0,"enemies":"3 Shapes","floor":35,"turns":3},{"damage":20,"enemies":"3 Darklings","floor":38,"turns":4},{"damage":2,"enemies":"Jaw Worm Horde","floor":39,"turns":3},{"damage":14,"enemies":"Reptomancer","floor":41,"turns":4},{"damage":20,"enemies":"Spire Growth","floor":44,"turns":4},{"damage":49,"enemies":"4 Shapes","floor":46,"turns":6},{"damage":15,"enemies":"Jaw Worm Horde","floor":48,"turns":4},{"damage":99,"enemies":"Time Eater","floor":50,"turns":6}],"seed_played":"-6964542300639812700","potions_obtained":[{"floor":4,"key":"Weak Potion"},{"floor":12,"key":"ColorlessPotion"},{"floor":14,"key":"Swift Potion"}],"is_trial":false,"path_per_floor":["M","M","M","M","M","R","$","M","T","?","M","E","?","M","R","B",null,"M","M","?","M","M","R","?","$","T","R","M","E","R","M","R","B",null,"M","?","T","M","M","R","E","R","T","M","R","M","R","M","R","B"],"character_chosen":"THE_SILENT","items_purchased":["Membership Card","Boot","Violence","Regal Pillow"],"campfire_rested":6,"item_purchase_floors":[25,25,25,25],"current_hp_per_floor":[70,64,64,56,52,52,52,47,47,40,39,39,30,30,30,15,70,65,65,44,35,15,36,36,36,36,70,61,53,53,33,72,40,80,80,80,80,60,58,58,44,44,44,24,63,14,53,38,77,0,0],"gold":519,"neow_bonus":"TRANSFORM_TWO_CARDS","is_daily":false,"chose_seed":false,"campfire_upgraded":5,"win_rate":0.0,"timestamp":1608682665,"path_taken":["M","M","M","M","M","R","$","M","T","?","M","E","?","M","R","BOSS","M","M","?","M","M","R","?","$","T","R","M","E","R","M","R","BOSS","M","?","?","?","M","R","E","R","T","M","R","M","R","M","R","BOSS"],"items_purchased_type":["Relic","Relic","Card","Relic"],"build_version":"2020-12-13","purchased_purges":0,"victory":false,"max_hp_per_floor":[70,70,70,70,70,70,70,70,70,70,70,70,70,70,70,70,70,70,70,70,70,70,70,70,70,70,70,70,80,80,80,80,80,80,80,80,80,80,80,80,80,80,80,80,80,80,80,80,80,80,80],"card_choices":[{"not_picked":["Backflip","Dodge and Roll"],"picked":"Footwork","floor":1},{"not_picked":["Crippling Poison","Dodge and Roll"],"picked":"Predator","floor":2},{"not_picked":["Flying Knee","Quick Slash"],"picked":"Distraction","floor":3},{"not_picked":["Quick Slash","Outmaneuver"],"picked":"All Out Attack","floor":4},{"not_picked":["Blade Dance","Backflip"],"picked":"Infinite Blades","floor":5},{"not_picked":["Prepared","Blade Dance"],"picked":"Backflip","floor":8},{"not_picked":["Wraith Form v2","Outmaneuver"],"picked":"Catalyst","floor":11},{"not_picked":["Choke","Poisoned Stab"],"picked":"Footwork","floor":12},{"not_picked":["Deflect","PiercingWail"],"picked":"Poisoned Stab","floor":13},{"not_picked":["Outmaneuver","Bane"],"picked":"Infinite Blades","floor":14},{"not_picked":["Wraith Form v2","Venomology"],"picked":"Unload","floor":16},{"not_picked":["Quick Slash","Deadly Poison"],"picked":"Eviscerate","floor":18},{"not_picked":["Slice","Deadly Poison"],"picked":"All Out Attack","floor":19},{"not_picked":["Blade Dance","Slice"],"picked":"A Thousand Cuts","floor":20},{"not_picked":["Dodge and Roll","Quick Slash"],"picked":"Blade Dance","floor":21},{"not_picked":["Slice","Dagger Spray"],"picked":"PiercingWail","floor":22},{"not_picked":["Eviscerate","Bane+1"],"picked":"Infinite Blades+1","floor":28},{"not_picked":["Slice","Quick Slash"],"picked":"Sucker Punch+1","floor":29},{"not_picked":["Dagger Throw","Bane"],"picked":"Caltrops","floor":31},{"not_picked":["Adrenaline","Malaise"],"picked":"Burst","floor":33},{"not_picked":["Deadly Poison","Flying Knee+1"],"picked":"Infinite Blades+1","floor":35},{"not_picked":["Blade Dance","Dodge and Roll+1"],"picked":"Flechettes","floor":38},{"not_picked":["Slice","Catalyst+1"],"picked":"Infinite Blades","floor":39},{"not_picked":["Tactician","Masterful Stab"],"picked":"Blur+1","floor":41},{"not_picked":["Outmaneuver+1","Dagger Spray"],"picked":"Finisher+1","floor":44},{"not_picked":["Underhanded Strike+1","Dagger Throw+1"],"picked":"Poisoned Stab+1","floor":46},{"not_picked":["Venomology+1","Prepared+1"],"picked":"Well Laid Plans","floor":48}],"player_experience":23893,"relics_obtained":[{"floor":9,"key":"PreservedInsect"},{"floor":12,"key":"Lantern"},{"floor":13,"key":"Orichalcum"},{"floor":20,"key":"Red Mask"},{"floor":26,"key":"White Beast Statue"},{"floor":29,"key":"Pear"},{"floor":37,"key":"Happy Flower"},{"floor":41,"key":"InkBottle"},{"floor":43,"key":"Toxic Egg 2"}],"event_choices":[{"cards_removed":["Strike_G"],"damage_healed":0,"gold_gain":0,"player_choice":"Card Removal","damage_taken":7,"max_hp_gain":0,"max_hp_loss":0,"event_name":"Golden Wing","floor":10,"gold_loss":0},{"damage_healed":0,"gold_gain":30,"player_choice":"Searched \u00272\u0027 times","damage_taken":0,"max_hp_gain":0,"max_hp_loss":0,"event_name":"Dead Adventurer","floor":13,"gold_loss":0},{"damage_healed":0,"gold_gain":0,"player_choice":"Fought Bandits","damage_taken":0,"max_hp_gain":0,"max_hp_loss":0,"event_name":"Masked Bandits","floor":20,"gold_loss":0},{"damage_healed":0,"gold_gain":0,"cards_transformed":["Strike_G","Strike_G"],"player_choice":"Became Test Subject","damage_taken":0,"max_hp_gain":0,"max_hp_loss":0,"event_name":"Drug Dealer","floor":24,"gold_loss":0,"cards_obtained":["Prepared","Masterful Stab"]},{"damage_healed":0,"gold_gain":222,"player_choice":"Wore Mask","damage_taken":0,"max_hp_gain":0,"max_hp_loss":0,"event_name":"Tomb of Lord Red Mask","floor":36,"gold_loss":0}],"is_beta":false,"boss_relics":[{"not_picked":["Tiny House","Philosopher\u0027s Stone"],"picked":"Sozu"},{"not_picked":["Busted Crown","SlaversCollar"],"picked":"Cursed Key"}],"items_purged_floors":[],"is_endless":false,"potions_floor_spawned":[4,12,14,19,28,29,31,33,35,38,39,41,44,46,48],"killed_by":"Time Eater","ascension_level":0}}