{"host":"r5cycnjhcbwgkpkf","time":1608751999,"event":{"mods":["2.2 Compatiblity","AchievementEnabler","BaseMod","Bestiary","Better Match","Better Note","Better Skull","Better Third Choice","BetterRewards","Colored Map","Colored Powertips","Downfall","Googly Eyes","Infinite Spire","Minty Spire (QoL Compilation)","Replay The Spire","Spicy Shops","StSLib"],"gold_per_floor":[99,110,110,125,125,125,125,125,125,125,153,184,199,209,209,223,238,238,238,238],"floor_reached":18,"playtime":933,"items_purged":[],"score":118,"play_id":"42a5df09-48cc-404f-9ef4-511174e1d828","local_time":"20201223113319","is_ascension_mode":true,"campfire_choices":[{"data":"champ:Taunt","floor":1,"key":"SMITH"},{"data":"champ:Aggression","floor":6,"key":"SMITH"},{"data":"champ:ShieldSigil","floor":8,"key":"SMITH"},{"floor":15,"key":"REST"}],"circlet_count":0,"master_deck":["champ:Strike","champ:Strike","champ:Strike","champ:Strike","champ:Defend","champ:Defend","champ:Defend","champ:Defend","champ:Execute","champ:Taunt+1","champ:Aggression+1","champ:ShieldSigil+1","champ:BerserkersShout","champ:StrikeOfGenius","champ:IronFortress","champ:GutPunch","champ:Duel"],"relics":["Velvet Choker","Mirror","Odd Mushroom","Iron Hammer"],"acts_visited":["Exordium"],"potions_floor_usage":[],"damage_taken":[{"damage":14,"enemies":"Cultist","floor":2,"turns":4},{"damage":11,"enemies":"Small Slimes","floor":4,"turns":4},{"damage":37,"enemies":"The Mushroom Lair","floor":11,"turns":5},{"damage":52,"enemies":"Gremlin Nob","floor":12,"turns":4},{"damage":11,"enemies":"Jaw Worm","floor":13,"turns":2},{"damage":34,"enemies":"Red Slaver","floor":14,"turns":3},{"damage":17,"enemies":"Blue Slaver","floor":16,"turns":3},{"damage":18,"enemies":"Exordium Wildlife","floor":17,"turns":3},{"damage":60,"enemies":"downfall:Defect","floor":18,"turns":5}],"seed_played":"5888768944633581808","potions_obtained":[{"floor":13,"key":"LiquidBronze"},{"floor":14,"key":"Reflective Coating"},{"floor":17,"key":"Fire Potion"}],"is_trial":false,"path_per_floor":["R","M","?","M","?","R","T","R","PTL","PTL","?","E","M","M","R","M","M","B"],"character_chosen":"THE_CHAMP","items_purchased":[],"campfire_rested":1,"item_purchase_floors":[],"current_hp_per_floor":[90,86,86,86,91,91,91,91,91,91,78,46,46,38,66,58,58,0,0,0],"gold":238,"neow_bonus":"BOSS_RELIC","is_daily":false,"chose_seed":false,"campfire_upgraded":3,"win_rate":0.0,"timestamp":1608751999,"path_taken":["R","M","?","M","?","R","T","R","PTL","PTL","?","E","M","M","R","M","M","BOSS"],"items_purchased_type":[],"build_version":"2020-12-22","purchased_purges":0,"victory":false,"max_hp_per_floor":[90,90,90,90,95,95,95,95,95,95,95,95,95,95,95,95,95,95,95,95],"card_choices":[{"not_picked":["champ:BerserkersShout","champ:Control"],"picked":"champ:Aggression","floor":2},{"not_picked":["champ:Lariat","champ:ViciousMockery"],"picked":"champ:ShieldSigil","floor":4},{"not_picked":["champ:Balance","champ:RapidStrikes"],"picked":"champ:BerserkersShout","floor":11},{"not_picked":["champ:FlashCut","champ:PerfectedStrike"],"picked":"champ:StrikeOfGenius","floor":12},{"not_picked":["champ:CrookedStrike","champ:DefensiveShout"],"picked":"champ:IronFortress","floor":13},{"not_picked":["champ:BerserkersShout","champ:StanceDance"],"picked":"champ:GutPunch","floor":14},{"not_picked":["champ:FightOn","champ:TornadoPunch","champ:FocusedGladiator"],"picked":"SKIP","floor":16},{"not_picked":["champ:PerfectForm","champ:DefensiveShout"],"picked":"champ:Duel","floor":17}],"player_experience":378485,"relics_obtained":[{"floor":7,"key":"Mirror"},{"floor":11,"key":"Odd Mushroom"},{"floor":12,"key":"Iron Hammer"}],"event_choices":[{"damage_healed":0,"gold_gain":0,"player_choice":"Donut","damage_taken":0,"max_hp_gain":5,"max_hp_loss":0,"event_name":"Big Fish","floor":5,"gold_loss":0},{"damage_healed":0,"gold_gain":0,"player_choice":"Fought Mushrooms","damage_taken":0,"max_hp_gain":0,"max_hp_loss":0,"event_name":"Mushrooms","floor":11,"gold_loss":0}],"is_beta":false,"boss_relics":[],"items_purged_floors":[],"is_endless":false,"potions_floor_spawned":[13,14,17],"killed_by":"downfall:Defect","ascension_level":1}}