{"host":"o7j6aatxjwpw1421","time":1608752208,"event":{"mods":["2.2 Compatiblity","BaseMod","Colored Map","DeckTracker","Highlight Path","Keyboard Shortcuts","Minty Spire (QoL Compilation)","Permanent Neow","Quick Restart","StSLib","SuperFastMode","everything is the same but u backflip on backflip"],"gold_per_floor":[114,114,132,150,75,75,107,107,132,160,7,17,50,70,70,175,175,185,200,232,250,250,284,284,298,366,391,402,427,437,337,337,439,439,455,471,471,326,173,173,173,186,186,217,236,249,275,286,286,286,286,286,40,71,71],"floor_reached":56,"playtime":3487,"items_purged":["Strike_R","Defend_R"],"score":1966,"play_id":"e9d82523-a6e2-47ea-ad39-27223e4357f3","local_time":"20201224043648","is_ascension_mode":true,"campfire_choices":[{"data":"Whirlwind","floor":6.0,"key":"SMITH"},{"data":"Fiend Fire","floor":8.0,"key":"SMITH"},{"data":"Offering","floor":15.0,"key":"SMITH"},{"data":"Barricade","floor":24.0,"key":"SMITH"},{"data":"Offering","floor":32.0,"key":"SMITH"},{"data":"Shockwave","floor":40.0,"key":"SMITH"},{"floor":49.0,"key":"RECALL"},{"data":"Feel No Pain","floor":52.0,"key":"SMITH"}],"circlet_count":0,"master_deck":["AscendersBane","Defend_R","Defend_R","Bash","Whirlwind+1","Shockwave+1","Intimidate","Clothesline","Fiend Fire+1","Offering+1","Barricade+1","Second Wind+1","Combust+1","Demon Form+1","Heavy Blade+1","Feel No Pain+1","Offering+1","Shrug It Off","Disarm","Juggernaut","Sword Boomerang+1","Warcry+1","Shrug It Off+1","Body Slam+1","Sentinel+1","Sentinel","Evolve+1"],"relics":["Burning Blood","Anchor","Vajra","Bronze Scales","FossilizedHelix","TheAbacus","MealTicket","Astrolabe","Red Mask","Boot","Bird Faced Urn","Regal Pillow","Philosopher\u0027s Stone","Centennial Puzzle","Oddly Smooth Stone","Lantern","Omamori","Red Skull","Pen Nib","Art of War"],"acts_visited":["Exordium","TheCity","TheBeyond","TheEnding"],"potions_floor_usage":[55,55],"damage_taken":[{"damage":2.0,"enemies":"2 Louse","floor":1.0,"turns":3.0},{"damage":6.0,"enemies":"Cultist","floor":3.0,"turns":6.0},{"damage":0.0,"enemies":"Small Slimes","floor":4.0,"turns":5.0},{"damage":19.0,"enemies":"Gremlin Nob","floor":7.0,"turns":4.0},{"damage":5.0,"enemies":"3 Sentries","floor":10.0,"turns":4.0},{"damage":0.0,"enemies":"Exordium Wildlife","floor":12.0,"turns":3.0},{"damage":9.0,"enemies":"Lagavulin","floor":13.0,"turns":5.0},{"damage":0.0,"enemies":"Red Slaver","floor":14.0,"turns":1.0},{"damage":4.0,"enemies":"Slime Boss","floor":16.0,"turns":5.0},{"damage":16.0,"enemies":"Spheric Guardian","floor":18.0,"turns":4.0},{"damage":6.0,"enemies":"Chosen","floor":19.0,"turns":2.0},{"damage":0.0,"enemies":"Masked Bandits","floor":20.0,"turns":1.0},{"damage":6.0,"enemies":"Snecko","floor":21.0,"turns":3.0},{"damage":0.0,"enemies":"Gremlin Leader","floor":23.0,"turns":2.0},{"damage":4.0,"enemies":"Shelled Parasite and Fungi","floor":25.0,"turns":2.0},{"damage":1.0,"enemies":"Slavers","floor":27.0,"turns":4.0},{"damage":0.0,"enemies":"Snake Plant","floor":28.0,"turns":2.0},{"damage":6.0,"enemies":"Book of Stabbing","floor":29.0,"turns":3.0},{"damage":6.0,"enemies":"Chosen and Byrds","floor":30.0,"turns":4.0},{"damage":27.0,"enemies":"Automaton","floor":33.0,"turns":6.0},{"damage":0.0,"enemies":"3 Darklings","floor":35.0,"turns":2.0},{"damage":9.0,"enemies":"3 Shapes","floor":36.0,"turns":4.0},{"damage":0.0,"enemies":"Jaw Worm Horde","floor":41.0,"turns":1.0},{"damage":13.0,"enemies":"Sphere and 2 Shapes","floor":42.0,"turns":7.0},{"damage":22.0,"enemies":"Giant Head","floor":44.0,"turns":8.0},{"damage":10.0,"enemies":"4 Shapes","floor":45.0,"turns":1.0},{"damage":6.0,"enemies":"3 Darklings","floor":46.0,"turns":3.0},{"damage":18.0,"enemies":"Nemesis","floor":47.0,"turns":3.0},{"damage":29.0,"enemies":"Maw","floor":48.0,"turns":5.0},{"damage":6.0,"enemies":"Awakened One","floor":50.0,"turns":7.0},{"damage":18.0,"enemies":"Shield and Spear","floor":54.0,"turns":4.0},{"damage":85,"enemies":"The Heart","floor":55,"turns":9}],"seed_played":"1149076341542948909","potions_obtained":[{"floor":1.0,"key":"Strength Potion"},{"floor":3.0,"key":"SpeedPotion"},{"floor":10.0,"key":"Ancient Potion"},{"floor":18.0,"key":"Swift Potion"},{"floor":19.0,"key":"BlessingOfTheForge"},{"floor":27.0,"key":"Swift Potion"},{"floor":28.0,"key":"SmokeBomb"},{"floor":29.0,"key":"Fruit Juice"},{"floor":35.0,"key":"FearPotion"},{"floor":44.0,"key":"SpeedPotion"},{"floor":45.0,"key":"Fruit Juice"}],"is_trial":false,"path_per_floor":["M","?","M","M","$","R","E","R","T","E","$","M","E","M","R","B",null,"M","M","?","M","?","E","R","M","T","E","M","E","M","$","R","B",null,"M","M","?","$","$","R","M","M","T","E","M","M","E","M","R","B",null,"R","$","E","B",null],"character_chosen":"IRONCLAD","items_purchased":["TheAbacus","Centennial Puzzle","Oddly Smooth Stone","Swift Potion","Energy Potion","Pen Nib"],"campfire_rested":0,"item_purchase_floors":[11,38,39,53,53,53],"current_hp_per_floor":[76,76,76,80,80,80,67,67,67,68,68,74,71,77,77,79,80,70,70,76,76,76,80,80,80,80,80,80,85,85,85,85,64,80,85,84,84,85,85,85,85,82,82,71,72,76,70,55,55,63,83,83,90,80,11],"gold":71,"neow_bonus":"RANDOM_COMMON_RELIC","is_daily":false,"chose_seed":false,"campfire_upgraded":7,"win_rate":0.0,"timestamp":1608752208,"path_taken":["M","?","M","M","$","R","E","R","T","E","?","M","E","M","R","BOSS","M","M","?","M","?","E","R","M","T","E","M","E","?","?","R","BOSS","M","M","?","?","$","R","?","M","T","E","M","M","E","M","R","BOSS","R","$","E","BOSS"],"items_purchased_type":["Relic","Relic","Relic","Potion","Potion","Relic"],"build_version":"2020-12-22","purchased_purges":2,"victory":true,"max_hp_per_floor":[80,80,80,80,80,80,80,80,80,80,80,80,80,80,80,80,80,80,80,80,80,80,80,80,80,80,80,80,85,85,85,85,85,85,85,85,85,85,85,85,85,85,85,85,90,90,90,90,90,90,90,90,90,90,90],"card_choices":[{"not_picked":["Flex","Fire Breathing"],"picked":"Whirlwind","floor":1.0},{"not_picked":["Heavy Blade","Pummel"],"picked":"Intimidate","floor":3.0},{"not_picked":["Iron Wave","Sword Boomerang"],"picked":"Clothesline","floor":4.0},{"not_picked":["Twin Strike","Heavy Blade"],"picked":"Fiend Fire","floor":7.0},{"not_picked":["Spot Weakness","Clash"],"picked":"Offering","floor":10.0},{"not_picked":["Burning Pact","Iron Wave","Combust"],"picked":"SKIP","floor":12.0},{"not_picked":["Twin Strike","Anger","Warcry"],"picked":"SKIP","floor":13.0},{"not_picked":["Rage","Armaments","Havoc"],"picked":"SKIP","floor":14.0},{"not_picked":["Berserk","Juggernaut"],"picked":"Barricade","floor":16.0},{"not_picked":["Perfected Strike","Rupture"],"picked":"Heavy Blade+1","floor":18.0},{"not_picked":["Perfected Strike","Heavy Blade","Inflame"],"picked":"SKIP","floor":19.0},{"not_picked":["Power Through","Blood for Blood+1"],"picked":"Feel No Pain","floor":20.0},{"not_picked":["Clothesline","Shockwave","Flex"],"picked":"SKIP","floor":21.0},{"not_picked":["Wild Strike+1","Flex","Pommel Strike"],"picked":"SKIP","floor":23.0},{"not_picked":["Twin Strike","Thunderclap","Infernal Blade"],"picked":"SKIP","floor":25.0},{"not_picked":["Twin Strike","Thunderclap","Infernal Blade"],"picked":"SKIP","floor":25.0},{"not_picked":["Anger","Flex"],"picked":"Offering","floor":27.0},{"not_picked":["Spot Weakness+1","Pommel Strike","Heavy Blade+1"],"picked":"SKIP","floor":28.0},{"not_picked":["Whirlwind+1","Reckless Charge"],"picked":"Shrug It Off","floor":29.0},{"not_picked":["Rampage","Shrug It Off"],"picked":"Disarm","floor":30.0},{"not_picked":["Brutality","Corruption"],"picked":"Juggernaut","floor":33.0},{"not_picked":["Inflame","Shrug It Off"],"picked":"Sword Boomerang+1","floor":35.0},{"not_picked":["Clash","Havoc+1","Pommel Strike"],"picked":"SKIP","floor":36.0},{"not_picked":["Anger","Pommel Strike"],"picked":"Warcry+1","floor":42.0},{"not_picked":["Disarm","Rampage+1","Perfected Strike+1"],"picked":"SKIP","floor":44.0},{"not_picked":["Warcry","Fire Breathing"],"picked":"Shrug It Off+1","floor":45.0},{"not_picked":["Sword Boomerang+1","Inflame+1"],"picked":"Body Slam+1","floor":46.0},{"not_picked":["Shockwave","Havoc"],"picked":"Sentinel+1","floor":47.0},{"not_picked":["Flex","Carnage+1"],"picked":"Sentinel","floor":48.0},{"not_picked":["Feed","Wild Strike+1"],"picked":"Evolve+1","floor":54.0}],"player_experience":348779,"relics_obtained":[{"floor":7.0,"key":"Vajra"},{"floor":9.0,"key":"Bronze Scales"},{"floor":10.0,"key":"FossilizedHelix"},{"floor":13.0,"key":"MealTicket"},{"floor":20.0,"key":"Red Mask"},{"floor":23.0,"key":"Boot"},{"floor":27.0,"key":"Bird Faced Urn"},{"floor":29.0,"key":"Regal Pillow"},{"floor":43.0,"key":"Lantern"},{"floor":44.0,"key":"Omamori"},{"floor":47.0,"key":"Red Skull"},{"floor":54.0,"key":"Art of War"}],"event_choices":[{"damage_healed":0.0,"max_hp_gain":0.0,"max_hp_loss":0.0,"gold_gain":0.0,"cards_transformed":["Strike_R"],"event_name":"Transmorgrifier","player_choice":"Transformed","floor":2.0,"gold_loss":0.0,"damage_taken":0.0,"cards_obtained":["Shockwave"]},{"damage_healed":0.0,"max_hp_gain":0.0,"max_hp_loss":0.0,"gold_gain":0.0,"event_name":"Masked Bandits","player_choice":"Fought Bandits","floor":20.0,"gold_loss":0.0,"damage_taken":0.0},{"damage_healed":0.0,"max_hp_gain":0.0,"max_hp_loss":0.0,"gold_gain":0.0,"event_name":"The Woman in Blue","player_choice":"Bought 0 Potions","floor":22.0,"gold_loss":0.0,"damage_taken":0.0},{"cards_removed":["Defend_R"],"damage_healed":0.0,"max_hp_gain":0.0,"max_hp_loss":0.0,"gold_gain":0.0,"event_name":"Wheel of Change","player_choice":"Card Removal","floor":37.0,"gold_loss":0.0,"damage_taken":0.0}],"is_beta":false,"boss_relics":[{"not_picked":["Snecko Eye","Runic Cube"],"picked":"Astrolabe"},{"not_picked":["Mark of Pain","Busted Crown"],"picked":"Philosopher\u0027s Stone"}],"items_purged_floors":[5,31],"is_endless":false,"potions_floor_spawned":[1,3,10,18,19,27,28,29,35,44,45],"ascension_level":11}}