{"host":"porgtwlvhh3hs75v","time":1608701494,"event":{"mods":["ATMod(°¢èªMod)","Act Like it!","BaseMod","GifTheSpireLib","Minty Spire (QoL Compilation)","Replay The Spire","StSLib","The Cursed","The Servant 0.9.4"],"gold_per_floor":[20,20,20,39,54,54,83,83,83,99,154,173,192,206,206,285,285,304,316,360,410,421,421,438,438,465,465,56,106,126,156,156,230,230,249,265,265,319,331,359,359,102,102,135,135,85,120,139,139,139,139,139,139,34,69,69],"floor_reached":57,"playtime":3519,"items_purged":["Strike_G","Strike_G","Strike_G","Defend_G"],"score":2574,"play_id":"8a044105-5aef-40ac-8040-6298529d619f","local_time":"20201223133134","is_ascension_mode":true,"campfire_choices":[{"data":"Blade Dance","floor":6.0,"key":"SMITH"},{"data":"Neutralize","floor":8.0,"key":"SMITH"},{"data":"AT_FocusSwordFire","floor":15.0,"key":"SMITH"},{"data":"Wraith Form v2","floor":23.0,"key":"SMITH"},{"data":"Hidden Blade","floor":25.0,"key":"SMITH"},{"data":"AT_Desolate","floor":27.0,"key":"SMITH"},{"data":"Replay:Bag of Tricks","floor":32.0,"key":"SMITH"},{"data":"AT_ShadowStep","floor":41,"key":"SMITH"},{"floor":45,"key":"RECALL"},{"data":"Terror","floor":49,"key":"SMITH"},{"data":"Escape Plan","floor":53,"key":"SMITH"}],"circlet_count":0,"master_deck":["AscendersBane","Defend_G","Defend_G","Defend_G","Defend_G","Survivor","Neutralize+1","Fluid Movement","Dodge and Roll+1","AT_FamilyPortrait+1","Escape Plan+1","Blade Dance+1","Toxin Wave","AT_FocusSwordFire+1","Hidden Blade+1","Replay:Bag of Tricks+1","Wraith Form v2+1","Backflip","AT_Desolate+1","After Image","ReplayTheSpireMod:Speed Training","Prepared+1","AT_EmpoweredMortalDraw","AT_ShadowStep+1","Backflip","Acrobatics+1","Terror+1"],"relics":["Ring of the Snake","AT_ATBox","Quantum Egg","AT_BellowingDragoncrestRing","PreservedInsect","ReplayTheSpireMod:DimensionalGlitch","Regal Pillow","Chemical X","Oddly Smooth Stone","Akabeko","AT_MortalBlade","Torii","ReplayTheSpireMod:Shallot","Medical Kit","Replay:Bottled Steam","Smiling Mask","AT_BellDemon","AT_Kusabimaru","Vajra","AT_SpeedBoots"],"acts_visited":["Exordium","TheCity","TheBeyond","TheEnding"],"potions_floor_usage":[40,56,56],"damage_taken":[{"damage":0.0,"enemies":"Jaw Worm","floor":1.0,"turns":6.0},{"damage":0.0,"enemies":"2 Louse","floor":4.0,"turns":4.0},{"damage":0.0,"enemies":"Small Slimes","floor":5.0,"turns":6.0},{"damage":0.0,"enemies":"Gremlin Nob","floor":7.0,"turns":3.0},{"damage":0.0,"enemies":"Gremlin Gang","floor":10.0,"turns":4.0},{"damage":2.0,"enemies":"3 Sentries","floor":11.0,"turns":6.0},{"damage":0.0,"enemies":"Blue Slaver","floor":12.0,"turns":7.0},{"damage":0.0,"enemies":"3 Louse","floor":13.0,"turns":3.0},{"damage":0.0,"enemies":"Looter","floor":14.0,"turns":3.0},{"damage":0.0,"enemies":"Fading Forest","floor":16.0,"turns":13.0},{"damage":1.0,"enemies":"2 Thieves","floor":18.0,"turns":4.0},{"damage":0.0,"enemies":"3 Byrds","floor":19.0,"turns":5.0},{"damage":0.0,"enemies":"Cultist and Chosen","floor":22.0,"turns":5.0},{"damage":0.0,"enemies":"Shelled Parasite and Fungi","floor":24.0,"turns":6.0},{"damage":0.0,"enemies":"Centurion and Healer","floor":30.0,"turns":2.0},{"damage":0.0,"enemies":"Slavers","floor":31.0,"turns":3.0},{"damage":12.0,"enemies":"Collector","floor":33.0,"turns":5.0},{"damage":0.0,"enemies":"3 Shapes","floor":35.0,"turns":2.0},{"damage":0.0,"enemies":"3 Darklings","floor":36.0,"turns":2.0},{"damage":1.0,"enemies":"2 Orb Walkers","floor":38.0,"turns":4.0},{"damage":0.0,"enemies":"Writhing Mass","floor":39.0,"turns":5.0},{"damage":2,"enemies":"R_Hoarder","floor":40,"turns":5},{"damage":0,"enemies":"Nemesis","floor":44,"turns":2},{"damage":0,"enemies":"Giant Head","floor":47,"turns":2},{"damage":0,"enemies":"Maw","floor":48,"turns":5},{"damage":0,"enemies":"Replay:Hell Engine","floor":50,"turns":5},{"damage":12,"enemies":"Time Eater","floor":51,"turns":10},{"damage":0,"enemies":"Shield and Spear","floor":55,"turns":3},{"damage":6,"enemies":"The Heart","floor":56,"turns":6}],"seed_played":"5776638066914115534","potions_obtained":[{"floor":1.0,"key":"SteroidPotion"},{"floor":5.0,"key":"PowerPotion"},{"floor":11.0,"key":"Fire Potion"},{"floor":12.0,"key":"Reflective Coating"},{"floor":20.0,"key":"DuplicationPotion"},{"floor":24.0,"key":"GhostInAJar"},{"floor":35.0,"key":"Weak Potion"},{"floor":40,"key":"Milkshake"}],"is_trial":false,"path_per_floor":["M","?","$","M","M","R","E","R","T","M","?","M","M","M","R","B",null,"M","M","?","?","M","R","M","R","T","R","$","?","M","E","R","B",null,"M","M","?","?","M","E","R","$","T","E","R","$","E","M","R","B","B",null,"R","$","E","B",null],"character_chosen":"THE_SILENT","items_purchased":["Chemical X","Oddly Smooth Stone","Medical Kit","SkillPotion"],"campfire_rested":0,"item_purchase_floors":[28,28,42,54],"current_hp_per_floor":[59,39,39,39,39,39,39,39,39,39,37,37,37,37,37,37,59,58,58,58,58,58,58,58,58,58,58,58,58,58,58,58,46,61,61,61,61,60,60,58,58,58,58,58,58,58,58,58,58,58,46,59,59,59,59,53],"gold":69,"neow_bonus":"TRANSFORM_TWO_CARDS","is_daily":false,"chose_seed":false,"campfire_upgraded":10,"win_rate":0.0,"timestamp":1608701494,"path_taken":["M","?","$","M","M","R","E","R","T","M","?","M","M","M","R","BOSS","M","M","?","?","M","R","M","R","T","R","$","?","?","E","R","BOSS","M","M","?","?","M","E","R","$","T","E","R","$","E","M","R","BOSS","BOSS","R","$","E","BOSS"],"items_purchased_type":["Relic","Relic","Relic","Potion"],"build_version":"2020-12-13","purchased_purges":4,"victory":true,"max_hp_per_floor":[66,66,66,66,66,66,66,66,66,66,66,66,66,66,66,66,66,66,66,66,66,66,66,66,66,66,66,66,66,66,66,66,66,66,66,66,63,63,63,63,63,63,63,63,63,63,63,63,63,63,63,63,63,63,63,63],"card_choices":[{"not_picked":["Slice","Quick Slash","Flying Knee"],"picked":"SKIP","floor":1.0},{"not_picked":["Finisher","Caltrops"],"picked":"Escape Plan","floor":4.0},{"not_picked":["Dagger Spray","AT_WindFlip"],"picked":"Blade Dance","floor":5.0},{"not_picked":["Bane","Well Laid Plans","Outmaneuver"],"picked":"SKIP","floor":7.0},{"not_picked":["Deflect","Dagger Spray"],"picked":"Toxin Wave","floor":10.0},{"not_picked":["Dagger Spray","Infinite Blades"],"picked":"AT_FocusSwordFire","floor":12.0},{"not_picked":["Dagger Spray","Underhanded Strike"],"picked":"Hidden Blade","floor":13.0},{"not_picked":["PiercingWail","Slice"],"picked":"Replay:Bag of Tricks","floor":14.0},{"not_picked":["Unload","Venomology"],"picked":"Wraith Form v2","floor":16.0},{"not_picked":["Choke","Deadly Poison","Slice"],"picked":"SKIP","floor":18.0},{"not_picked":["Underhanded Strike","ReplayTheSpireMod:Scrap Shanks"],"picked":"Backflip","floor":19.0},{"not_picked":["Dagger Spray","AT_WindFlip"],"picked":"AT_Desolate","floor":20.0},{"not_picked":["Heel Hook","Backflip"],"picked":"After Image","floor":22.0},{"not_picked":["Quick Slash","Replay:Poison Smokescreen","PiercingWail"],"picked":"SKIP","floor":24.0},{"not_picked":["AT_WindFlip","Caltrops"],"picked":"ReplayTheSpireMod:Speed Training","floor":30.0},{"not_picked":["Die Die Die","Replay:Poison Smokescreen"],"picked":"Prepared+1","floor":31.0},{"not_picked":["Dagger Spray+1","Concentrate"],"picked":"AT_ShadowStep","floor":35.0},{"not_picked":["Sucker Punch","Flying Knee"],"picked":"Backflip","floor":36.0},{"not_picked":["Accuracy","Bane"],"picked":"Acrobatics+1","floor":38.0},{"not_picked":["Bane","Underhanded Strike","Draining Mist"],"picked":"SKIP","floor":39.0},{"not_picked":["Bane","Catalyst","Glass Knife"],"picked":"SKIP","floor":40},{"not_picked":["Noxious Fumes","Choke","Masterful Stab"],"picked":"SKIP","floor":44},{"not_picked":["Draining Mist","Outmaneuver","Dash"],"picked":"SKIP","floor":47},{"not_picked":["Setup","Sucker Punch+1"],"picked":"Terror","floor":48},{"not_picked":["Eviscerate","ReplayTheSpireMod:The Works+1","AT_TwilightShroud+1"],"picked":"SKIP","floor":55}],"player_experience":520393,"relics_obtained":[{"floor":7.0,"key":"Quantum Egg"},{"floor":9.0,"key":"AT_BellowingDragoncrestRing"},{"floor":20.0,"key":"Regal Pillow"},{"floor":31.0,"key":"Akabeko"},{"floor":38.0,"key":"Torii"},{"floor":40,"key":"ReplayTheSpireMod:Shallot"},{"floor":43,"key":"Replay:Bottled Steam"},{"floor":44,"key":"Smiling Mask"},{"floor":47,"key":"AT_BellDemon"},{"floor":48,"key":"AT_Kusabimaru"},{"floor":55,"key":"Vajra"},{"floor":55,"key":"AT_SpeedBoots"}],"event_choices":[{"damage_healed":0.0,"max_hp_gain":0.0,"max_hp_loss":0.0,"gold_gain":0.0,"event_name":"Shining Light","player_choice":"Entered Light","floor":2.0,"gold_loss":0.0,"damage_taken":20.0,"cards_upgraded":["Dodge and Roll","AT_FamilyPortrait"]},{"damage_healed":0.0,"max_hp_gain":0.0,"max_hp_loss":0.0,"gold_gain":0.0,"event_name":"Dead Adventurer","player_choice":"Searched \u00272\u0027 times","floor":11.0,"gold_loss":0.0,"damage_taken":0.0,"relics_obtained":["PreservedInsect"]},{"damage_healed":0.0,"max_hp_gain":0.0,"max_hp_loss":0.0,"gold_gain":50.0,"event_name":"Nest","player_choice":"Stole From Cult","floor":21.0,"gold_loss":0.0,"damage_taken":0.0},{"damage_healed":0.0,"max_hp_gain":0.0,"max_hp_loss":0.0,"gold_gain":100.0,"event_name":"The Joust","player_choice":"Bet on Murderer","floor":29.0,"gold_loss":50.0,"damage_taken":0.0},{"damage_healed":0.0,"max_hp_gain":0.0,"max_hp_loss":3.0,"gold_gain":0.0,"event_name":"Winding Halls","player_choice":"Max HP","floor":37.0,"gold_loss":0.0,"damage_taken":0.0},{"damage_healed":0.0,"max_hp_gain":0.0,"max_hp_loss":0.0,"gold_gain":0.0,"event_name":"Mysterious Sphere","player_choice":"Fight","floor":38.0,"gold_loss":0.0,"damage_taken":0.0}],"is_beta":false,"boss_relics":[{"not_picked":["Ring of the Serpent","Velvet Choker"],"picked":"ReplayTheSpireMod:DimensionalGlitch"},{"not_picked":["Replay:Drink Me","Replay:Ancient Bell"],"picked":"AT_MortalBlade"}],"items_purged_floors":[28,42,46,54],"is_endless":false,"potions_floor_spawned":[1,5,11,12,14,22,24,35,38,40,44],"ascension_level":20}}