{"host":"jpcy2bclvs7juczu","time":1608761302,"event":{"mods":["BaseMod","Block Reminder","Colored Powertips","Minty Spire (QoL Compilation)","Quick Restart","Relic Stats","ojb\u0027s Better Paths Mod"],"gold_per_floor":[114,114,133,144,144,144,177,197,197,229,243,16,33,49,49,146,146,131,131,131,131,150,184,184,209,280,3,0,25,25,53,53,151,151,163,1162,1175,1275,1295,1323,1323,1354,1354,1354,956,956,985,1003,1003,1003],"floor_reached":51,"playtime":2770,"items_purged":["Strike_R","Strike_R+1"],"score":991,"play_id":"37de04dc-12a7-4ccf-bd2c-cea0fbcb81a7","local_time":"20201223220822","is_ascension_mode":true,"campfire_choices":[{"data":"Carnage","floor":6.0,"key":"SMITH"},{"data":"Bash","floor":15.0,"key":"SMITH"},{"data":"Barricade","floor":24.0,"key":"SMITH"},{"floor":30.0,"key":"REST"},{"data":"Armaments","floor":32.0,"key":"SMITH"},{"data":"Normality","floor":41,"key":"PURGE"},{"data":"Feel No Pain","floor":44,"key":"SMITH"},{"data":"Feel No Pain","floor":46,"key":"SMITH"},{"data":"Flame Barrier","floor":49,"key":"SMITH"}],"circlet_count":0,"master_deck":["Strike_R+1","Strike_R+1","Strike_R+1","Defend_R+1","Defend_R+1","Defend_R+1","Defend_R+1","Bash+1","Carnage+1","True Grit+1","Pommel Strike+1","Iron Wave","Clothesline","Impervious+1","Barricade+1","Feel No Pain+1","Bloodletting+1","Second Wind+1","Body Slam+1","Armaments+1","Berserk","Sentinel+1","Shockwave+1","Shrug It Off+1","Dual Wield","Feel No Pain+1","Second Wind","Flame Barrier+1"],"relics":["Burning Blood","Peace Pipe","Bag of Marbles","Omamori","Question Card","Frozen Eye","Runic Pyramid","Gremlin Horn","Happy Flower","Oddly Smooth Stone","Self Forming Clay","OrangePellets","Vajra","War Paint","Sozu","Eternal Feather","FossilizedHelix","Anchor","Membership Card","Shuriken","White Beast Statue"],"acts_visited":["Exordium","TheCity","TheBeyond"],"potions_floor_usage":[],"damage_taken":[{"damage":3.0,"enemies":"Small Slimes","floor":1.0,"turns":3.0},{"damage":0.0,"enemies":"2 Louse","floor":3.0,"turns":3.0},{"damage":0.0,"enemies":"Jaw Worm","floor":4.0,"turns":3.0},{"damage":13.0,"enemies":"3 Sentries","floor":7.0,"turns":7.0},{"damage":3.0,"enemies":"Red Slaver","floor":8.0,"turns":3.0},{"damage":8.0,"enemies":"Lagavulin","floor":10.0,"turns":4.0},{"damage":9.0,"enemies":"Exordium Thugs","floor":11.0,"turns":4.0},{"damage":10.0,"enemies":"Exordium Wildlife","floor":13.0,"turns":3.0},{"damage":1.0,"enemies":"Large Slime","floor":14.0,"turns":5.0},{"damage":31.0,"enemies":"The Guardian","floor":16.0,"turns":11.0},{"damage":6.0,"enemies":"2 Thieves","floor":18.0,"turns":4.0},{"damage":12.0,"enemies":"Shell Parasite","floor":22.0,"turns":6.0},{"damage":15.0,"enemies":"Book of Stabbing","floor":23.0,"turns":8.0},{"damage":70.0,"enemies":"Gremlin Leader","floor":25.0,"turns":8.0},{"damage":8.0,"enemies":"Book of Stabbing","floor":29.0,"turns":6.0},{"damage":10.0,"enemies":"Slavers","floor":31.0,"turns":9.0},{"damage":6.0,"enemies":"Automaton","floor":33.0,"turns":6.0},{"damage":0.0,"enemies":"3 Darklings","floor":35.0,"turns":6.0},{"damage":0.0,"enemies":"3 Shapes","floor":37.0,"turns":6.0},{"damage":15.0,"enemies":"3 Darklings","floor":39.0,"turns":6.0},{"damage":21,"enemies":"Reptomancer","floor":40,"turns":6},{"damage":0,"enemies":"Nemesis","floor":42,"turns":5},{"damage":0,"enemies":"Reptomancer","floor":47,"turns":4},{"damage":0,"enemies":"Writhing Mass","floor":48,"turns":6},{"damage":11,"enemies":"Donu and Deca","floor":50,"turns":15}],"seed_played":"5870042551426558713","potions_obtained":[{"floor":1.0,"key":"AttackPotion"},{"floor":7.0,"key":"Fire Potion"},{"floor":8.0,"key":"SpeedPotion"},{"floor":14.0,"key":"Fruit Juice"},{"floor":16.0,"key":"Ancient Potion"},{"floor":18.0,"key":"Fire Potion"},{"floor":22.0,"key":"HeartOfIron"},{"floor":23.0,"key":"EssenceOfSteel"}],"is_trial":false,"path_per_floor":["M","?","M","M","?","R","E","M","T","E","M","$","M","M","R","B",null,"M","?","?","T","M","E","R","E","T","$","?","E","R","E","R","B",null,"M","?","M","?","M","E","R","E","T","R","$","R","E","M","R","B",null],"character_chosen":"IRONCLAD","items_purchased":["Frozen Eye","OrangePellets","Second Wind","Swift Potion","Membership Card","Shuriken","Feel No Pain","Second Wind"],"campfire_rested":1,"item_purchase_floors":[12,27,27,27,45,45,45,45],"current_hp_per_floor":[59,64,70,76,59,59,52,55,55,53,50,50,46,51,51,26,85,90,90,90,90,84,75,75,11,11,11,11,9,36,32,32,32,90,90,90,90,90,81,66,81,87,87,90,90,90,90,90,90,85],"gold":1003,"neow_bonus":"ONE_RARE_RELIC","is_daily":false,"chose_seed":false,"campfire_upgraded":7,"win_rate":0.0,"timestamp":1608761302,"path_taken":["M","?","M","M","?","R","E","M","T","E","M","$","M","M","R","BOSS","M","?","?","?","?","E","R","E","T","$","?","E","R","E","R","BOSS","M","?","M","?","?","E","R","E","T","R","$","R","E","M","R","BOSS"],"items_purchased_type":["Relic","Relic","Card","Potion","Relic","Relic","Card","Card"],"build_version":"2020-12-22","purchased_purges":2,"victory":true,"max_hp_per_floor":[80,85,85,85,85,85,85,85,85,85,85,85,85,85,85,85,85,90,90,90,90,90,90,90,90,90,90,90,90,90,90,90,90,90,90,90,90,90,90,90,90,90,90,90,90,90,90,90,90,90],"relic_stats":{"Gremlin Horn":[23,24],"Happy Flower":[27],"counters":[25,147],"Self Forming Clay":[42],"Eternal Feather":18,"War Paint":["Second Wind","Impervious"],"Question Card":19,"Burning Blood":126,"Peace Pipe":1,"Sozu":3,"OrangePellets":[8],"Shuriken":[5],"obtain_stats":[{"Gremlin Horn":21,"Happy Flower":23,"Self Forming Clay":26,"Oddly Smooth Stone":25,"Vajra":29,"Eternal Feather":40,"Omamori":9,"War Paint":31,"Question Card":10,"Burning Blood":0,"White Beast Statue":47,"Peace Pipe":0,"Sozu":34,"Frozen Eye":12,"OrangePellets":27,"Anchor":43,"Shuriken":45,"Bag of Marbles":7,"Membership Card":45,"FossilizedHelix":42,"Runic Pyramid":17},{"Gremlin Horn":11,"Happy Flower":13,"Self Forming Clay":14,"Oddly Smooth Stone":14,"Vajra":15,"Eternal Feather":21,"Omamori":5,"War Paint":16,"Question Card":6,"Burning Blood":0,"White Beast Statue":23,"Peace Pipe":0,"Sozu":17,"Frozen Eye":7,"OrangePellets":14,"Anchor":22,"Shuriken":22,"Bag of Marbles":4,"Membership Card":22,"FossilizedHelix":22,"Runic Pyramid":10},{"Gremlin Horn":50,"Happy Flower":64,"Self Forming Clay":72,"Oddly Smooth Stone":72,"Vajra":78,"Eternal Feather":117,"Omamori":19,"War Paint":87,"Question Card":23,"Burning Blood":0,"White Beast Statue":126,"Peace Pipe":0,"Sozu":93,"Frozen Eye":27,"OrangePellets":72,"Anchor":122,"Shuriken":122,"Bag of Marbles":16,"Membership Card":122,"FossilizedHelix":122,"Runic Pyramid":46}]},"card_choices":[{"not_picked":["Twin Strike","Cleave"],"picked":"Carnage","floor":1.0},{"not_picked":["Warcry","Clothesline"],"picked":"True Grit","floor":3.0},{"not_picked":["Anger","Sentinel"],"picked":"Pommel Strike","floor":4.0},{"not_picked":["Dropkick","Clash","Thunderclap"],"picked":"SKIP","floor":7.0},{"not_picked":["True Grit","Seeing Red","Iron Wave"],"picked":"SKIP","floor":8.0},{"not_picked":["True Grit","Seeing Red"],"picked":"Iron Wave","floor":8.0},{"not_picked":["Juggernaut","Twin Strike"],"picked":"Clothesline","floor":10.0},{"not_picked":["Sword Boomerang","Wild Strike","Pommel Strike","Rampage"],"picked":"SKIP","floor":11.0},{"not_picked":["Wild Strike","Headbutt","Clash"],"picked":"Impervious","floor":13.0},{"not_picked":["Clothesline","Twin Strike","Clash","Intimidate"],"picked":"SKIP","floor":14.0},{"not_picked":["Bludgeon","Corruption","Reaper"],"picked":"Barricade","floor":16.0},{"not_picked":["Sword Boomerang+1","Pommel Strike","Iron Wave"],"picked":"Feel No Pain","floor":18.0},{"not_picked":["Whirlwind","Flex+1","Iron Wave","Heavy Blade"],"picked":"SKIP","floor":22.0},{"not_picked":["Heavy Blade","Armaments","Sever Soul","Searing Blow+1"],"picked":"SKIP","floor":23.0},{"not_picked":["Perfected Strike","Flex","Reckless Charge"],"picked":"Bloodletting+1","floor":25.0},{"not_picked":["True Grit","Clash","Bloodletting"],"picked":"Body Slam+1","floor":29.0},{"not_picked":["Whirlwind","Hemokinesis","Warcry"],"picked":"Armaments","floor":31.0},{"not_picked":["Limit Break","Offering","Barricade"],"picked":"Berserk","floor":33.0},{"not_picked":["Armaments+1","Hemokinesis","Sword Boomerang+1"],"picked":"Sentinel+1","floor":35.0},{"not_picked":["Warcry","True Grit+1","Twin Strike"],"picked":"Shockwave+1","floor":37.0},{"not_picked":["Headbutt","Cleave+1","Heavy Blade+1"],"picked":"Shrug It Off+1","floor":39},{"not_picked":["Juggernaut","Wild Strike","Combust+1","Immolate"],"picked":"SKIP","floor":40},{"not_picked":["Shrug It Off+1","Twin Strike+1","Heavy Blade"],"picked":"Dual Wield","floor":42},{"not_picked":["Iron Wave+1","Clothesline","Sword Boomerang","Pommel Strike"],"picked":"SKIP","floor":47},{"not_picked":["Anger+1","Cleave","Heavy Blade"],"picked":"Flame Barrier","floor":48}],"player_experience":173920,"relics_obtained":[{"floor":7.0,"key":"Bag of Marbles"},{"floor":9.0,"key":"Omamori"},{"floor":10.0,"key":"Question Card"},{"floor":21.0,"key":"Gremlin Horn"},{"floor":23.0,"key":"Happy Flower"},{"floor":25.0,"key":"Oddly Smooth Stone"},{"floor":26.0,"key":"Self Forming Clay"},{"floor":29.0,"key":"Vajra"},{"floor":31.0,"key":"War Paint"},{"floor":40,"key":"Eternal Feather"},{"floor":42,"key":"FossilizedHelix"},{"floor":43,"key":"Anchor"},{"floor":47,"key":"White Beast Statue"}],"event_choices":[{"damage_healed":0.0,"max_hp_gain":5.0,"max_hp_loss":0.0,"gold_gain":0.0,"event_name":"Big Fish","player_choice":"Donut","floor":2.0,"gold_loss":0.0,"damage_taken":0.0},{"damage_healed":0.0,"max_hp_gain":0.0,"max_hp_loss":0.0,"gold_gain":0.0,"event_name":"Shining Light","player_choice":"Entered Light","floor":5.0,"gold_loss":0.0,"damage_taken":17.0,"cards_upgraded":["Pommel Strike","True Grit"]},{"damage_healed":0.0,"max_hp_gain":0.0,"max_hp_loss":0.0,"gold_gain":0.0,"event_name":"Back to Basics","player_choice":"Simplicity","floor":19.0,"gold_loss":0.0,"damage_taken":0.0,"cards_upgraded":["Strike_R","Strike_R","Strike_R","Strike_R","Defend_R","Defend_R","Defend_R","Defend_R"]},{"damage_healed":0.0,"max_hp_gain":0.0,"max_hp_loss":0.0,"gold_gain":0.0,"event_name":"Forgotten Altar","player_choice":"Smashed Altar","floor":20.0,"gold_loss":0.0,"damage_taken":0.0,"cards_obtained":["Decay"]},{"damage_healed":0.0,"max_hp_gain":0.0,"max_hp_loss":0.0,"gold_gain":0.0,"event_name":"Masked Bandits","player_choice":"Paid Fearfully","floor":28.0,"gold_loss":3.0,"damage_taken":0.0},{"damage_healed":0.0,"max_hp_gain":0.0,"max_hp_loss":0.0,"gold_gain":999.0,"event_name":"MindBloom","player_choice":"Gold","floor":36.0,"gold_loss":0.0,"damage_taken":0.0,"cards_obtained":["Normality","Normality"]},{"damage_healed":0.0,"max_hp_gain":0.0,"max_hp_loss":0.0,"gold_gain":100.0,"event_name":"Golden Shrine","player_choice":"Pray","floor":38.0,"gold_loss":0.0,"damage_taken":0.0}],"is_beta":false,"boss_relics":[{"not_picked":["Empty Cage","Calling Bell"],"picked":"Runic Pyramid"},{"not_picked":["Pandora\u0027s Box","Black Star"],"picked":"Sozu"}],"items_purged_floors":[12,45],"is_endless":false,"potions_floor_spawned":[1,7,8,14,16,18,22,23,37,47,48],"ascension_level":1}}