{"host":"ged1bqtamtf4sn4x","time":1608754546,"event":{"mods":["BaseMod","Colored Map","DeckTracker","Highlight Path","Keyboard Shortcuts","Minty Spire (QoL Compilation)","Permanent Neow","Quick Restart","SuperFastMode","everything is the same but u backflip on backflip"],"gold_per_floor":[119,137,147,160,160,160,178,178,223,243,243,261,292,305,305,382,382,400,241,252,265,265,265,284,284,284,296,326,26,43,62,62,137,137,155,155,174,174,174],"floor_reached":38,"playtime":1538,"items_purged":["Strike_R","Sword Boomerang"],"score":858,"play_id":"29c1b751-68bd-4058-ac2b-cf6bb9d4234a","local_time":"20201224051546","is_ascension_mode":true,"campfire_choices":[{"data":"Body Slam","floor":6.0,"key":"SMITH"},{"data":"Armaments","floor":8.0,"key":"SMITH"},{"data":"Bash","floor":11.0,"key":"SMITH"},{"floor":15.0,"key":"REST"},{"data":"Corruption","floor":23.0,"key":"SMITH"},{"data":"Feel No Pain","floor":25.0,"key":"SMITH"},{"data":"Body Slam","floor":32.0,"key":"SMITH"}],"circlet_count":0,"master_deck":["AscendersBane","Defend_R","Defend_R+1","Defend_R","Defend_R","Bash+1","Body Slam+1","Armaments+1","Battle Trance+1","Shockwave","Wild Strike","Corruption+1","Entrench","Feel No Pain+1","Dark Embrace","Shrug It Off","Wild Strike","Metallicize","Body Slam+1","Second Wind+1","Fire Breathing","Juggernaut","Disarm+1","Shrug It Off+1"],"relics":["Black Blood","Pantograph","War Paint","Red Skull","Runic Pyramid","Toxic Egg 2","MawBank","TheAbacus"],"acts_visited":["Exordium","TheCity","TheBeyond"],"potions_floor_usage":[38],"damage_taken":[{"damage":3.0,"enemies":"Small Slimes","floor":1.0,"turns":6.0},{"damage":9.0,"enemies":"Jaw Worm","floor":2.0,"turns":5.0},{"damage":2.0,"enemies":"Cultist","floor":3.0,"turns":4.0},{"damage":11.0,"enemies":"Looter","floor":4.0,"turns":3.0},{"damage":0.0,"enemies":"Blue Slaver","floor":7.0,"turns":4.0},{"damage":1.0,"enemies":"Red Slaver","floor":10.0,"turns":3.0},{"damage":18.0,"enemies":"Gremlin Gang","floor":12.0,"turns":6.0},{"damage":19.0,"enemies":"Lagavulin","floor":13.0,"turns":9.0},{"damage":16.0,"enemies":"Exordium Thugs","floor":14.0,"turns":3.0},{"damage":43.0,"enemies":"The Guardian","floor":16.0,"turns":13.0},{"damage":15.0,"enemies":"Spheric Guardian","floor":18.0,"turns":4.0},{"damage":0.0,"enemies":"3 Byrds","floor":20.0,"turns":5.0},{"damage":14.0,"enemies":"Shelled Parasite and Fungi","floor":21.0,"turns":4.0},{"damage":0.0,"enemies":"Snake Plant","floor":24.0,"turns":3.0},{"damage":0.0,"enemies":"3 Cultists","floor":27.0,"turns":5.0},{"damage":11.0,"enemies":"Slavers","floor":28.0,"turns":5.0},{"damage":0.0,"enemies":"Cultist and Chosen","floor":30.0,"turns":4.0},{"damage":0.0,"enemies":"Snecko","floor":31.0,"turns":3.0},{"damage":25.0,"enemies":"Champ","floor":33.0,"turns":5.0},{"damage":10,"enemies":"Orb Walker","floor":35,"turns":4},{"damage":2,"enemies":"3 Shapes","floor":37,"turns":3},{"damage":98,"enemies":"Transient","floor":38,"turns":3}],"seed_played":"4338606481192127514","potions_obtained":[{"floor":3.0,"key":"SpeedPotion"},{"floor":4.0,"key":"Block Potion"},{"floor":16.0,"key":"SteroidPotion"},{"floor":18.0,"key":"SneckoOil"},{"floor":20.0,"key":"LiquidBronze"},{"floor":33.0,"key":"ColorlessPotion"}],"is_trial":false,"path_per_floor":["M","M","M","M","?","R","M","R","T","M","R","M","E","M","R","B",null,"M","$","M","M","?","R","M","R","T","M","E","$","M","M","R","B",null,"M","?","M","M"],"character_chosen":"IRONCLAD","items_purchased":["Feel No Pain","Second Wind+1","TheAbacus"],"campfire_rested":1,"item_purchase_floors":[19,29,29],"current_hp_per_floor":[53,50,54,49,31,31,37,37,37,42,42,30,17,7,29,17,61,52,52,58,50,50,50,56,56,56,62,57,57,63,69,69,56,70,72,68,75,0,0],"gold":174,"neow_bonus":"REMOVE_TWO","is_daily":false,"chose_seed":false,"campfire_upgraded":6,"win_rate":0.0,"timestamp":1608754546,"path_taken":["M","M","M","M","?","R","M","R","T","M","R","M","E","M","R","BOSS","M","$","M","M","?","R","M","R","T","M","E","$","M","M","R","BOSS","M","?","?","M"],"items_purchased_type":["Card","Card","Relic"],"build_version":"2020-12-22","purchased_purges":2,"victory":false,"max_hp_per_floor":[75,75,75,75,75,75,75,75,75,75,75,75,75,75,75,75,75,75,75,75,75,75,75,75,75,75,75,75,75,75,75,75,75,75,75,75,75,75,75],"card_choices":[{"not_picked":["Anger","Evolve"],"picked":"Sword Boomerang","floor":1.0},{"not_picked":["Perfected Strike","Clash"],"picked":"Body Slam","floor":2.0},{"not_picked":["Warcry","Clash"],"picked":"Armaments","floor":3.0},{"not_picked":["Sever Soul","Cleave"],"picked":"Battle Trance","floor":4.0},{"not_picked":["Combust","Armaments","Headbutt"],"picked":"SKIP","floor":7.0},{"not_picked":["Combust","Wild Strike","Armaments"],"picked":"SKIP","floor":10.0},{"not_picked":["Ghostly Armor","Sword Boomerang","Thunderclap"],"picked":"SKIP","floor":12.0},{"not_picked":["Ghostly Armor","Sword Boomerang","Thunderclap"],"picked":"SKIP","floor":12.0},{"not_picked":["Twin Strike","Headbutt"],"picked":"Shockwave","floor":13.0},{"not_picked":["Warcry","Clothesline"],"picked":"Wild Strike","floor":14.0},{"not_picked":["Offering","Double Tap"],"picked":"Corruption","floor":16.0},{"not_picked":["Dual Wield","True Grit"],"picked":"Entrench","floor":18.0},{"not_picked":["Whirlwind","True Grit"],"picked":"Dark Embrace","floor":20.0},{"not_picked":["Sword Boomerang","Whirlwind","Anger"],"picked":"SKIP","floor":21.0},{"not_picked":["Havoc","Heavy Blade","Inflame"],"picked":"SKIP","floor":24.0},{"not_picked":["True Grit+1","Pummel"],"picked":"Metallicize","floor":27.0},{"not_picked":["Cleave","Rampage+1"],"picked":"Body Slam","floor":28.0},{"not_picked":["True Grit+1","Flex+1"],"picked":"Fire Breathing","floor":30.0},{"not_picked":["Pommel Strike","Dual Wield+1","Intimidate+1"],"picked":"SKIP","floor":31.0},{"not_picked":["Immolate","Feed"],"picked":"Juggernaut","floor":33.0},{"not_picked":["Warcry+1","Combust+1"],"picked":"Disarm+1","floor":35},{"not_picked":["Wild Strike","Pommel Strike"],"picked":"Shrug It Off+1","floor":37}],"player_experience":393983,"relics_obtained":[{"floor":9.0,"key":"War Paint"},{"floor":13.0,"key":"Red Skull"},{"floor":26.0,"key":"Toxic Egg 2"},{"floor":28.0,"key":"MawBank"}],"event_choices":[{"damage_healed":0.0,"max_hp_gain":0.0,"max_hp_loss":0.0,"gold_gain":0.0,"event_name":"Scrap Ooze","player_choice":"Success","floor":5.0,"gold_loss":0.0,"damage_taken":18.0,"relics_obtained":["Pantograph"]},{"damage_healed":0.0,"max_hp_gain":0.0,"max_hp_loss":0.0,"gold_gain":0.0,"cards_transformed":["Strike_R","Strike_R"],"event_name":"Drug Dealer","player_choice":"Became Test Subject","floor":22.0,"gold_loss":0.0,"damage_taken":0.0,"cards_obtained":["Shrug It Off","Wild Strike"]},{"damage_healed":0,"gold_gain":0,"player_choice":"Bought 0 Potions","damage_taken":0,"max_hp_gain":0,"max_hp_loss":0,"event_name":"The Woman in Blue","floor":36,"gold_loss":0}],"is_beta":false,"boss_relics":[{"not_picked":["Snecko Eye","Fusion Hammer"],"picked":"Runic Pyramid"},{"not_picked":["Empty Cage","Runic Cube"],"picked":"Black Blood"}],"items_purged_floors":[19,29],"is_endless":false,"potions_floor_spawned":[3,4,12,16,18,20,30,33,35],"killed_by":"Transient","ascension_level":20}}