{"host":"gj32n68c553yo87c","time":1608764379,"event":{"mods":["BaseMod","Downfall","Jorbs\u0027s Wanderer Trilogy","Minty Spire (QoL Compilation)","Replay The Spire","StSLib"],"gold_per_floor":[116,130,147,147,164,164,213,213,213,232,264,264,264,140,140,140,140],"floor_reached":16,"playtime":736,"items_purged":["Defend_R"],"score":102,"play_id":"01e52150-a8d2-4fca-96b7-a73bd1f72ad9","local_time":"20201223145939","is_ascension_mode":false,"campfire_choices":[{"data":"Strike_R","floor":6,"key":"SMITH"},{"floor":8,"key":"REST"},{"floor":15,"key":"REST"}],"circlet_count":0,"master_deck":["Strike_R+1","Strike_R+1","Strike_R","Strike_R","Strike_R","Defend_R","Defend_R","Defend_R","Bash","Flex"],"relics":["Burning Blood","PreservedInsect","Eternal Feather","Iron Hammer","Replay:Baseball"],"acts_visited":["Exordium"],"potions_floor_usage":[12,16],"damage_taken":[{"damage":0,"enemies":"Small Slimes","floor":1,"turns":3},{"damage":8,"enemies":"2 Louse","floor":2,"turns":3},{"damage":6,"enemies":"Cultist","floor":3,"turns":3},{"damage":21,"enemies":"Blue Slaver","floor":5,"turns":4},{"damage":19,"enemies":"Exordium Wildlife","floor":10,"turns":4},{"damage":18,"enemies":"Lagavulin","floor":11,"turns":5},{"damage":0,"enemies":"Looter","floor":12,"turns":1},{"damage":49,"enemies":"The Guardian","floor":16,"turns":7}],"seed_played":"5862562506524272407","potions_obtained":[{"floor":2,"key":"SmokeBomb"},{"floor":5,"key":"Elixir"},{"floor":7,"key":"Ancient Potion"}],"is_trial":false,"path_per_floor":["M","M","M","?","M","R","?","R","T","M","E","M","?","$","R","B"],"character_chosen":"IRONCLAD","items_purchased":["Energy Potion"],"campfire_rested":2,"item_purchase_floors":[14],"current_hp_per_floor":[80,78,78,53,38,38,6,36,36,23,11,17,17,17,47,0,0],"gold":140,"neow_bonus":"UPGRADE_CARD","is_daily":false,"chose_seed":false,"campfire_upgraded":1,"win_rate":0.0,"timestamp":1608764379,"path_taken":["M","M","M","?","M","R","?","R","T","M","E","?","?","?","R","BOSS"],"items_purchased_type":["Potion"],"build_version":"2020-12-13","purchased_purges":1,"victory":false,"max_hp_per_floor":[80,80,80,80,80,80,80,80,80,80,80,80,80,80,80,80,80],"card_choices":[{"not_picked":["Shrug It Off","Armaments","Headbutt"],"picked":"SKIP","floor":1},{"not_picked":["Clothesline","Anger","Life Link"],"picked":"SKIP","floor":2},{"not_picked":["Body Slam","Burning Pact","Blood for Blood"],"picked":"SKIP","floor":3},{"not_picked":["ReplayTheSpireMod:Strike From Hell","Sword Boomerang","Brutality"],"picked":"SKIP","floor":5},{"not_picked":["Dropkick","Headbutt","Uppercut"],"picked":"SKIP","floor":10},{"not_picked":["Shockwave","Warcry"],"picked":"Flex","floor":11}],"player_experience":57267,"relics_obtained":[{"floor":7,"key":"Eternal Feather"},{"floor":9,"key":"Iron Hammer"},{"floor":11,"key":"Replay:Baseball"}],"event_choices":[{"damage_healed":0,"gold_gain":0,"player_choice":"Success","damage_taken":25,"relics_obtained":["PreservedInsect"],"max_hp_gain":0,"max_hp_loss":0,"event_name":"Scrap Ooze","floor":4,"gold_loss":0},{"damage_healed":0,"gold_gain":0,"player_choice":"Ignored","damage_taken":0,"max_hp_gain":0,"max_hp_loss":0,"event_name":"Golden Idol","floor":13,"gold_loss":0}],"is_beta":false,"boss_relics":[],"items_purged_floors":[14],"is_endless":false,"potions_floor_spawned":[2,5],"killed_by":"The Guardian","ascension_level":0}}