{"host":"j204k34h42bd6fas","time":1608743172,"event":{"mods":["Aspiration","BaseMod","Colored Map","Colored Powertips","Conspire","Energized Spire","Hubris","Infinite Spire","JesterMod","Mimic Mod","Minty Spire (QoL Compilation)","Rare Cards Sparkle","Relic Stats","Replay The Spire","Say the Spire","StSLib","The Cursed","The Marked"],"gold_per_floor":[118,180,193,207,223,256,256,291,291,291,321,338,358,88,88,88,88],"floor_reached":16,"playtime":526,"items_purged":[],"score":146,"play_id":"2f5933e0-3f2c-41ce-9824-0fa59dda25d2","local_time":"20201223120612","is_ascension_mode":true,"campfire_choices":[{"floor":7,"key":"REST"},{"floor":10,"key":"REST"},{"data":"Eclipse","floor":15,"key":"SMITH"}],"circlet_count":0,"master_deck":["Strike_R","Strike_R","Strike_R","Strike_R","Strike_R","Defend_R","Defend_R","Defend_R","Defend_R","Bash","Thunderclap","Uppercut","hubris:ReadiedAction","Pummel","Offering","Infernal Blade","ReplayTheSpireMod:Strike From Hell","Havoc","Eclipse+1","Warcry","Dark Shackles"],"relics":["Burning Blood","NeowsBlessing","aspiration:FrozenJewel","Boot","aspiration:FetidBarrel","hubris:BottledRain"],"acts_visited":["Exordium"],"potions_floor_usage":[6,8,11,16],"damage_taken":[{"damage":0,"enemies":"Jaw Worm","floor":1,"turns":1},{"damage":0,"enemies":"2 Louse","floor":3,"turns":1},{"damage":0,"enemies":"Cultist","floor":4,"turns":1},{"damage":36,"enemies":"Gremlin Gang","floor":5,"turns":5},{"damage":26,"enemies":"Lagavulin","floor":6,"turns":5},{"damage":27,"enemies":"3 Sentries","floor":8,"turns":5},{"damage":17,"enemies":"Gremlin Nob","floor":11,"turns":4},{"damage":4,"enemies":"Exordium Wildlife","floor":12,"turns":3},{"damage":6,"enemies":"Looter","floor":13,"turns":2},{"damage":30,"enemies":"The Guardian","floor":16,"turns":6}],"seed_played":"6874111124534056866","potions_obtained":[{"floor":2,"key":"EssenceOfSteel"},{"floor":2,"key":"AttackPotion"},{"floor":2,"key":"Toxic Potion"},{"floor":8,"key":"SkillPotion"},{"floor":11,"key":"SteroidPotion"},{"floor":12,"key":"Languid Potion"}],"is_trial":false,"path_per_floor":["M","?","M","M","M","E","R","E","T","R","E","M","M","$","R","B"],"character_chosen":"IRONCLAD","items_purchased":["Eclipse","Warcry","Dark Shackles"],"campfire_rested":2,"item_purchase_floors":[14,14,14],"current_hp_per_floor":[80,60,66,72,42,22,46,25,25,49,38,40,40,40,40,10,10],"gold":88,"neow_bonus":"THREE_ENEMY_KILL","is_daily":false,"chose_seed":false,"campfire_upgraded":1,"win_rate":0.0,"timestamp":1608743172,"path_taken":["M","?","?","M","M","E","R","E","T","R","E","?","M","$","R","BOSS"],"items_purchased_type":["Card","Card","Card"],"build_version":"2020-12-22","purchased_purges":0,"victory":false,"max_hp_per_floor":[80,80,80,80,80,80,80,80,80,80,80,80,80,80,80,80,80],"relic_stats":{"counters":[10,33],"Boot":[2],"obtain_stats":[{"NeowsBlessing":0,"aspiration:FetidBarrel":9,"Boot":8,"Burning Blood":0,"aspiration:FrozenJewel":6,"hubris:BottledRain":11},{"NeowsBlessing":0,"aspiration:FetidBarrel":6,"Boot":6,"Burning Blood":0,"aspiration:FrozenJewel":5,"hubris:BottledRain":7},{"NeowsBlessing":0,"aspiration:FetidBarrel":18,"Boot":18,"Burning Blood":0,"aspiration:FrozenJewel":13,"hubris:BottledRain":22}],"Burning Blood":48},"card_choices":[{"not_picked":["Headbutt","Power Through"],"picked":"Thunderclap","floor":1},{"not_picked":["Iron Wave","Anger"],"picked":"Uppercut","floor":2},{"not_picked":["Sword Boomerang","Perfected Strike"],"picked":"hubris:ReadiedAction","floor":3},{"not_picked":["Dark Embrace","Havoc"],"picked":"Pummel","floor":4},{"not_picked":["Whirlwind","Searing Blow"],"picked":"Offering","floor":5},{"not_picked":["Thunderclap","Replay:Undeath\u0027s Touch","Anger"],"picked":"SKIP","floor":6},{"not_picked":["Flex","conspire:ExplosiveBarrier"],"picked":"Infernal Blade","floor":8},{"not_picked":["hubris:ReadiedAction","Run Through","Thunderclap"],"picked":"SKIP","floor":11},{"not_picked":["Hemokinesis","Replay:Undeath\u0027s Touch"],"picked":"ReplayTheSpireMod:Strike From Hell","floor":12},{"not_picked":["Flex","Anger"],"picked":"Havoc","floor":13}],"player_experience":286635,"relics_obtained":[{"floor":6,"key":"aspiration:FrozenJewel"},{"floor":8,"key":"Boot"},{"floor":9,"key":"aspiration:FetidBarrel"},{"floor":11,"key":"hubris:BottledRain"}],"event_choices":[],"is_beta":false,"boss_relics":[],"items_purged_floors":[],"is_endless":false,"potions_floor_spawned":[4,8,11,12],"killed_by":"The Guardian","ascension_level":4}}