{"host":"o54aw4mfims5m8ve","time":1608751705,"event":{"mods":["BaseMod","Downfall","Minty Spire (QoL Compilation)","StSLib","The Cursed"],"gold_per_floor":[119,138,28,45,62,62,62,80,80,107,119,133,146,161,161,264,264,283,283,35,35,49,49,49,49],"floor_reached":24,"playtime":2129,"items_purged":["TheCursedMod:Strike_TheCursed","Bite"],"score":227,"play_id":"60c4d688-3167-4bdf-a399-bf198d39fe78","local_time":"20201223192825","is_ascension_mode":false,"campfire_choices":[{"data":"TheCursedMod:CursedBoomerang","floor":6,"key":"SMITH"},{"data":"TheCursedMod:CleanUpWorkshop","floor":15,"key":"SMITH"},{"floor":23,"key":"REST"}],"circlet_count":0,"master_deck":["TheCursedMod:Defend_TheCursed","TheCursedMod:Defend_TheCursed","TheCursedMod:Defend_TheCursed","TheCursedMod:Defend_TheCursed","TheCursedMod:CursedWand","TheCursedMod:CleanUpWorkshop+1","TheCursedMod:CursedBoomerang+1","TheCursedMod:Obscuration","TheCursedMod:SoulReap","TheCursedMod:CircleOfCorruption","TheCursedMod:Grudge","TheCursedMod:TroublousMinions","TheCursedMod:SpitefulStrike","TheCursedMod:LuckyCharm","TheCursedMod:HellfireBreathing","TheCursedMod:HellsGateOpen","TheCursedMod:VoidForm","TheCursedMod:CircleOfFlame+1","Bite","Bite","Bite","Bite"],"relics":["TheCursedMod:BlackMagicAdvanced","Pen Nib","Strawberry","Vajra","NlothsMask"],"acts_visited":["Exordium","TheCity"],"potions_floor_usage":[10,10,16,16,16,24],"damage_taken":[{"damage":0,"enemies":"Cultist","floor":1,"turns":5},{"damage":0,"enemies":"2 Louse","floor":2,"turns":4},{"damage":0,"enemies":"Jaw Worm","floor":4,"turns":4},{"damage":0,"enemies":"Exordium Wildlife","floor":5,"turns":4},{"damage":2,"enemies":"Blue Slaver","floor":8,"turns":4},{"damage":11,"enemies":"Lagavulin","floor":10,"turns":6},{"damage":0,"enemies":"Looter","floor":11,"turns":3},{"damage":0,"enemies":"2 Fungi Beasts","floor":12,"turns":3},{"damage":12,"enemies":"Blue Slaver","floor":13,"turns":5},{"damage":12,"enemies":"Exordium Wildlife","floor":14,"turns":4},{"damage":31,"enemies":"Hexaghost","floor":16,"turns":7},{"damage":13,"enemies":"Chosen","floor":18,"turns":6},{"damage":65,"enemies":"3 Byrds","floor":22,"turns":6},{"damage":46,"enemies":"Slavers","floor":24,"turns":3}],"seed_played":"-7007416518411273458","potions_obtained":[{"floor":1,"key":"FearPotion"},{"floor":2,"key":"ColorlessPotion"},{"floor":8,"key":"AttackPotion"},{"floor":13,"key":"Strength Potion"},{"floor":14,"key":"SkillPotion"},{"floor":22,"key":"EssenceOfSteel"}],"is_trial":false,"path_per_floor":["M","M","$","M","M","R","?","M","T","E","M","M","M","M","R","B",null,"M","?","$","?","M","R","E"],"character_chosen":"THE_CURSED","items_purchased":["TheCursedMod:SoulReap","Vajra"],"campfire_rested":1,"item_purchase_floors":[3,20],"current_hp_per_floor":[82,82,82,82,82,82,82,82,82,86,89,89,77,70,70,46,89,76,62,62,62,10,28,0,0],"gold":49,"neow_bonus":"TEN_PERCENT_HP_BONUS","is_daily":false,"chose_seed":false,"campfire_upgraded":2,"win_rate":0.0,"timestamp":1608751705,"path_taken":["M","M","$","M","M","R","?","?","T","E","M","M","M","M","R","BOSS","M","?","$","?","?","R","E"],"items_purchased_type":["Card","Relic"],"build_version":"2020-12-22","purchased_purges":2,"victory":false,"max_hp_per_floor":[82,82,82,82,82,82,82,82,82,89,89,89,89,89,89,89,89,89,62,62,62,62,62,62,62],"card_choices":[{"not_picked":["TheCursedMod:RavingStaff","TheCursedMod:CursedBlade"],"picked":"TheCursedMod:CursedBoomerang","floor":1},{"not_picked":["TheCursedMod:TroublousMinions","TheCursedMod:SpitefulStrike"],"picked":"TheCursedMod:Obscuration","floor":2},{"not_picked":["TheCursedMod:TacticalStrike","TheCursedMod:HellsGateOpen"],"picked":"TheCursedMod:CircleOfCorruption","floor":4},{"not_picked":["TheCursedMod:AshesToAshes","TheCursedMod:RapidMovement"],"picked":"TheCursedMod:Grudge","floor":5},{"not_picked":["TheCursedMod:VitalStrike","TheCursedMod:BloodBarrier"],"picked":"TheCursedMod:TroublousMinions","floor":8},{"not_picked":["TheCursedMod:BlessingInDisguise","TheCursedMod:Mangle"],"picked":"TheCursedMod:SpitefulStrike","floor":10},{"not_picked":["TheCursedMod:CursedMace","TheCursedMod:RavingStaff"],"picked":"TheCursedMod:LuckyCharm","floor":11},{"not_picked":["TheCursedMod:RapidMovement","TheCursedMod:Wield"],"picked":"TheCursedMod:HellfireBreathing","floor":12},{"not_picked":["TheCursedMod:SurpriseAttack","TheCursedMod:ForbiddenAlchemy"],"picked":"TheCursedMod:HellsGateOpen","floor":13},{"not_picked":["TheCursedMod:Torture","TheCursedMod:SmokeScreen","TheCursedMod:BlessingInDisguise"],"picked":"SKIP","floor":14},{"not_picked":["TheCursedMod:CollectTribute","TheCursedMod:Neurasthenia"],"picked":"TheCursedMod:VoidForm","floor":16},{"not_picked":["TheCursedMod:AshesToAshes+1","TheCursedMod:RapidMovement"],"picked":"TheCursedMod:CircleOfFlame+1","floor":18},{"not_picked":["TheCursedMod:Torture","TheCursedMod:TroublousMinions","TheCursedMod:CircleOfFlame"],"picked":"SKIP","floor":22}],"player_experience":121473,"relics_obtained":[{"floor":9,"key":"Pen Nib"},{"floor":10,"key":"Strawberry"}],"event_choices":[{"cards_removed":["TheCursedMod:Dregs"],"damage_healed":0,"gold_gain":0,"player_choice":"Removed Curses","damage_taken":0,"max_hp_gain":0,"max_hp_loss":0,"event_name":"Fountain of Cleansing","floor":7,"gold_loss":0},{"damage_healed":0,"gold_gain":0,"player_choice":"Became a vampire","damage_taken":0,"max_hp_gain":0,"max_hp_loss":27,"event_name":"Vampires","floor":19,"gold_loss":0,"cards_obtained":["Bite","Bite","Bite","Bite","Bite"]},{"damage_healed":0,"gold_gain":0,"player_choice":"Trade","damage_taken":0,"relics_obtained":["NlothsMask"],"max_hp_gain":0,"max_hp_loss":0,"event_name":"FaceTrader","floor":21,"gold_loss":0}],"is_beta":false,"boss_relics":[{"not_picked":["Philosopher\u0027s Stone","SlaversCollar"],"picked":"TheCursedMod:BlackMagicAdvanced"}],"items_purged_floors":[3,20],"is_endless":false,"potions_floor_spawned":[1,2,8,13,14,22],"killed_by":"Slavers","ascension_level":0}}