{"host":"eez7vtcxu2i37lck","time":1608719861,"event":{"mods":["AchievementEnabler","BaseMod","Colored Map","Colored Powertips","Downfall","Hermit","Highlight Path","Hubris","Infinite Spire","Jorbs\u0027s Wanderer Trilogy","Minty Spire (QoL Compilation)","Quick Restart","Rare Cards Sparkle","Replay The Spire","Shop Mod","StSLib","The IronCluck"],"gold_per_floor":[99,99,99,31,131,142,192,220,236,255,328,341,63,80,99,194,194,194,216,216,216,243,41,87,193,210,287,337,341,341,341],"floor_reached":29,"playtime":1361,"items_purged":["Slimebound:PrepareCrush","Slimebound:Defend_Slimebound"],"score":225,"play_id":"1fa73d34-dc3e-4674-9eb9-5f9966b56dac","local_time":"20201223053741","is_ascension_mode":false,"campfire_choices":[{"data":"Slimebound:AcidTongue","floor":18,"key":"SMITH"}],"circlet_count":0,"master_deck":["Slimebound:Strike_Slimebound","Slimebound:Strike_Slimebound","Slimebound:Defend_Slimebound","Slimebound:Split","Slimebound:CorrosiveSpit","Slimebound:RejuvenatingLick","Slimebound:SamplingLick","Slimebound:SlimeTap","Slimebound:SamplingLick","Slimebound:MegaLick+1","Slimebound:Schlurp","Slimebound:SamplingLick","Slimebound:MegaLick","Slimebound:AcidTongue+1","Slimebound:Schlurp","CurseOfTheBell","Slimebound:LeechEnergy","Slimebound:Gluttony","Slimebound:RejuvenatingLick","Slimebound:ItLooksTasty+1"],"relics":["Slimebound:AbsorbEndCombat","downfall:HeartsMalice","Dream Catcher","Replay:Bottled Flurry","Membership Card","infinitespire:Lucky Rock","Calling Bell","infinitespire:PuzzleCube","infinitespire:Midas Blood","hubris:MedicalManual","hubris:PeanutButter","Bag of Preparation","downfall:CloakOfManyFaces","CultistMask","FaceOfCleric","NlothsMask","GremlinMask","SsserpentHead"],"acts_visited":["Exordium","TheCity"],"potions_floor_usage":[12,16,16,16,16,27],"damage_taken":[{"damage":0,"enemies":"Small Slimes","floor":2,"turns":1},{"damage":0,"enemies":"Jaw Worm","floor":3,"turns":1},{"damage":0,"enemies":"downfall:FleeingMerchant","floor":4,"turns":1},{"damage":55,"enemies":"downfall:Heads","floor":5,"turns":8},{"damage":8,"enemies":"2 Louse","floor":6,"turns":2},{"damage":39,"enemies":"Gremlin Nob","floor":8,"turns":4},{"damage":12,"enemies":"Exordium Thugs","floor":9,"turns":5},{"damage":6,"enemies":"3 Louse","floor":10,"turns":2},{"damage":6,"enemies":"2 Fungi Beasts","floor":12,"turns":3},{"damage":4,"enemies":"downfall:FleeingMerchant","floor":13,"turns":4},{"damage":4,"enemies":"Large Slime","floor":14,"turns":5},{"damage":6,"enemies":"3 Louse","floor":15,"turns":4},{"damage":49,"enemies":"downfall:Ironclad","floor":16,"turns":8},{"damage":18,"enemies":"Shell Parasite","floor":19,"turns":4},{"damage":25,"enemies":"Chosen","floor":22,"turns":5},{"damage":10,"enemies":"downfall:FleeingMerchant","floor":23,"turns":4},{"damage":37,"enemies":"downfall:FaceTrader","floor":25,"turns":7},{"damage":22,"enemies":"Sentry and Sphere","floor":26,"turns":5},{"damage":81,"enemies":"Chosen and Byrds","floor":27,"turns":10},{"damage":11,"enemies":"Slavers","floor":29,"turns":1}],"seed_played":"-435231992438793834","potions_obtained":[{"floor":6,"key":"Death Potion"},{"floor":8,"key":"Dexterity Potion"},{"floor":9,"key":"Energy Potion"},{"floor":10,"key":"DistilledChaos"},{"floor":11,"key":"Fruit Juice"},{"floor":11,"key":"Guardian:BlockOnCardUsePotion"},{"floor":11,"key":"Slimebound:SpawnSlimePotion"},{"floor":12,"key":"Slimebound:ThreeZeroPotion"},{"floor":15,"key":"PowerPotion"},{"floor":22,"key":"sneckomod:MuddlingPotion"},{"floor":25,"key":"Toxic Potion"}],"is_trial":false,"path_per_floor":["R_BF","M","M","$","?","M","T","E","M","M","?","M","$","M","M","B",null,"R","M","?","?","M","$","T","?","M","M","?","E"],"character_chosen":"SLIMEBOUND","items_purchased":["Slimebound:MegaLick","Membership Card","infinitespire:Lucky Rock","hubris:PeanutButter","Slimebound:LeechEnergy"],"campfire_rested":0,"item_purchase_floors":[4,13,13,23,23],"current_hp_per_floor":[60,60,60,60,36,42,42,21,27,37,13,34,44,62,65,50,65,65,65,65,65,50,54,54,55,56,6,6,0,0,0],"gold":341,"neow_bonus":"THREE_ENEMY_KILL","is_daily":false,"chose_seed":false,"campfire_upgraded":1,"win_rate":0.0,"timestamp":1608719861,"path_taken":["R_BF","M","M","$","?","M","T","E","M","M","?","M","$","M","M","BOSS","R","M","?","?","M","$","T","?","M","?","?","E"],"items_purchased_type":["Card","Relic","Relic","Relic","Card"],"build_version":"2020-12-22","purchased_purges":2,"victory":false,"max_hp_per_floor":[60,60,60,60,60,60,60,60,60,60,60,65,65,65,65,65,65,65,65,65,65,65,65,65,65,66,67,67,67,67,67],"card_choices":[{"not_picked":["Slimebound:Chomp","Slimebound:SplitAcid"],"picked":"Slimebound:SamplingLick","floor":2},{"not_picked":["Slimebound:FinishingTackle","Slimebound:DisruptingSlam"],"picked":"Slimebound:SlimeTap","floor":3},{"not_picked":["Slimebound:SplitLeeching","Slimebound:LevelUp"],"picked":"Slimebound:SamplingLick","floor":4},{"not_picked":["Slimebound:Prepare","Slimebound:SplitMire"],"picked":"Slimebound:Schlurp","floor":5},{"not_picked":["Slimebound:RainOfGoop","Slimebound:ItLooksTasty"],"picked":"Slimebound:SamplingLick","floor":6},{"not_picked":["Slimebound:Chomp","Slimebound:SplitAcid"],"picked":"Slimebound:MegaLick","floor":8},{"not_picked":["Slimebound:FinishingTackle","Slimebound:MinionMaster","Slimebound:TongueLash"],"picked":"SKIP","floor":9},{"not_picked":["Slimebound:GoopSpray","Slimebound:Chomp","Slimebound:Repurpose"],"picked":"SKIP","floor":10},{"not_picked":["Slimebound:GoopSpray","Slimebound:SlimeSpikes","Slimebound:SplitLeeching"],"picked":"SKIP","floor":12},{"not_picked":["Slimebound:Schlurp","Slimebound:GoopSpray"],"picked":"Slimebound:AcidTongue","floor":13},{"not_picked":["Slimebound:LeechEnergy","Slimebound:BestDefense"],"picked":"Slimebound:Schlurp","floor":14},{"not_picked":["Slimebound:Replication","Slimebound:SplitAcid","Slimebound:GoopTackle"],"picked":"SKIP","floor":15},{"not_picked":["Slimebound:Repurpose","Slimebound:PressTheAttack+1","Slimebound:SlimeBarrage"],"picked":"SKIP","floor":19},{"not_picked":["Slimebound:GrowthPunch","Slimebound:FinishingTackle","Slimebound:DisruptingSlam"],"picked":"SKIP","floor":22},{"not_picked":["Slimebound:DisruptingSlam","Slimebound:MassRepurpose","Slimebound:LevelUp"],"picked":"SKIP","floor":23},{"not_picked":["Slimebound:ForwardTackle","Slimebound:SlimeBrawl"],"picked":"Slimebound:Gluttony","floor":25},{"not_picked":["Slimebound:ViciousTackle+1","Slimebound:SlimeTap"],"picked":"Slimebound:RejuvenatingLick","floor":26},{"not_picked":["Slimebound:Replication+1","Slimebound:GrowthPunch"],"picked":"Slimebound:ItLooksTasty+1","floor":27}],"player_experience":225432,"relics_obtained":[{"floor":7,"key":"Dream Catcher"},{"floor":8,"key":"Replay:Bottled Flurry"},{"floor":17,"key":"infinitespire:PuzzleCube"},{"floor":17,"key":"infinitespire:Midas Blood"},{"floor":17,"key":"hubris:MedicalManual"},{"floor":24,"key":"Bag of Preparation"},{"floor":25,"key":"downfall:CloakOfManyFaces"}],"event_choices":[{"cards_removed":["Slimebound:Strike_Slimebound"],"damage_healed":0,"gold_gain":0,"player_choice":"Elegance","damage_taken":0,"max_hp_gain":0,"max_hp_loss":0,"event_name":"Back to Basics","floor":21,"gold_loss":0}],"is_beta":false,"boss_relics":[{"not_picked":["ReplayTheSpireMod:DimensionalGlitch","Kintsugi"],"picked":"Calling Bell"}],"items_purged_floors":[13,23],"is_endless":false,"potions_floor_spawned":[6,8,9,10,12,15,22,25],"killed_by":"Slavers","ascension_level":0}}