{"host":"w7o06k3e8uel8euj","time":1608726798,"event":{"mods":["AchievementEnabler","BaseMod","Colored Powertips","Custom Start","DeckTracker","Keyboard Shortcuts","Minty Spire (QoL Compilation)","Quick Restart","Relic Stats","StSLib","SuperFastMode","everything is the same but u backflip on backflip"],"gold_per_floor":[114,124,49,124,144,144,174,174,199,219,219,169,182,182,182],"floor_reached":14,"playtime":250,"items_purged":["Strike_G"],"score":131,"play_id":"6e891d91-a165-4596-b667-72bb705bfaa1","local_time":"20201223213318","is_ascension_mode":true,"campfire_choices":[{"data":"Bouncing Flask","floor":6.0,"key":"SMITH"},{"floor":8.0,"key":"REST"},{"data":"Tactician","floor":11.0,"key":"SMITH"}],"circlet_count":0,"master_deck":["Strike_G","Strike_G","Defend_G","Defend_G","Defend_G","Defend_G+1","Survivor+1","Neutralize","Quick Slash","Bouncing Flask+1","Tactician+1","Backflip","Well Laid Plans","Cloak And Dagger"],"relics":["Ring of the Snake","War Paint","Strawberry"],"acts_visited":["Exordium"],"potions_floor_usage":[],"damage_taken":[{"damage":1.0,"enemies":"Cultist","floor":1.0,"turns":5.0},{"damage":1.0,"enemies":"Small Slimes","floor":2.0,"turns":3.0},{"damage":0.0,"enemies":"2 Louse","floor":5.0,"turns":2.0},{"damage":19.0,"enemies":"Gremlin Nob","floor":7.0,"turns":4.0},{"damage":9.0,"enemies":"Large Slime","floor":10.0,"turns":5.0},{"damage":21.0,"enemies":"Gremlin Gang","floor":13.0,"turns":4.0},{"damage":19,"enemies":"3 Sentries","floor":14,"turns":6}],"seed_played":"284231624993334902","potions_obtained":[{"floor":1.0,"key":"Weak Potion"},{"floor":7.0,"key":"Energy Potion"},{"floor":13.0,"key":"Block Potion"}],"is_trial":false,"path_per_floor":["M","M","$","?","M","R","E","R","T","M","R","?","M","E"],"character_chosen":"THE_SILENT","items_purchased":[],"campfire_rested":1,"item_purchase_floors":[],"current_hp_per_floor":[44,43,43,32,32,32,13,34,41,32,32,32,11,0,0],"gold":182,"neow_bonus":"REMOVE_TWO","is_daily":false,"chose_seed":false,"campfire_upgraded":2,"win_rate":0.0,"timestamp":1608726798,"path_taken":["M","?","$","?","M","R","E","R","T","M","R","?","M","E"],"items_purchased_type":[],"build_version":"2020-12-22","purchased_purges":1,"victory":false,"max_hp_per_floor":[70,70,70,70,70,70,70,70,77,77,77,77,77,77,77],"relic_stats":{"counters":[7,29],"War Paint":["Defend_G","Survivor"],"obtain_stats":[{"Strawberry":9,"War Paint":7,"Ring of the Snake":0},{"Strawberry":4,"War Paint":4,"Ring of the Snake":0},{"Strawberry":14,"War Paint":14,"Ring of the Snake":0}],"Ring of the Snake":[14]},"card_choices":[{"not_picked":["Skewer","Deadly Poison"],"picked":"Quick Slash","floor":1.0},{"not_picked":["Infinite Blades","Dagger Throw"],"picked":"Bouncing Flask","floor":2.0},{"not_picked":["Dash","Eviscerate"],"picked":"Tactician","floor":5.0},{"not_picked":["Dagger Throw","Slice"],"picked":"Backflip","floor":7.0},{"not_picked":["Underhanded Strike","Caltrops"],"picked":"Well Laid Plans","floor":10.0},{"not_picked":["Prepared","Underhanded Strike"],"picked":"Cloak And Dagger","floor":13.0}],"player_experience":570333,"relics_obtained":[{"floor":7.0,"key":"War Paint"},{"floor":9.0,"key":"Strawberry"}],"event_choices":[{"damage_healed":0.0,"max_hp_gain":0.0,"max_hp_loss":0.0,"gold_gain":75.0,"event_name":"World of Goop","player_choice":"Gather Gold","floor":4.0,"gold_loss":0.0,"damage_taken":11.0},{"cards_removed":["Strike_G"],"damage_healed":0.0,"max_hp_gain":0.0,"max_hp_loss":0.0,"gold_gain":0.0,"event_name":"The Cleric","player_choice":"Card Removal","floor":12.0,"gold_loss":50.0,"damage_taken":0.0}],"is_beta":false,"boss_relics":[],"items_purged_floors":[3],"is_endless":false,"potions_floor_spawned":[1,7,13],"killed_by":"3 Sentries","ascension_level":9}}