{"host":"y9jgkjnf95sujozk","time":1608738177,"event":{"mods":["2.2 Compatiblity","AchievementEnabler","Act Like it!","BaseMod","Block Reminder","Colored Map","Colored Powertips","Downfall","Friendly Minions","Gensokyo","GifTheSpireLib","Hermit","Highlight Path","HololiveMod","MarisaÅiñ∂âJÅ@ñÇóùçπÅj","Minty Spire (QoL Compilation)","Random Character Button","Rare Cards Sparkle","Replay The Spire","StSLib","SuperFastMode","The Animator","The Bug Knight","The Cursed","The Servant 0.9.4"],"gold_per_floor":[112,112,112,124,140,156,156,61,61,72,5,23,23,10,10,114,114,134,146,146,146],"floor_reached":20,"playtime":676,"items_purged":[],"score":168,"play_id":"7456f163-3bbc-40f3-b90a-e0431898f9f2","local_time":"20201223164257","is_ascension_mode":false,"campfire_choices":[{"floor":7,"key":"REST"},{"floor":13,"key":"REST"},{"floor":15,"key":"REST"}],"circlet_count":0,"master_deck":["HollowMod:NailStrikeStart","HollowMod:NailStrikeStart","HollowMod:NailStrikeStart","HollowMod:QuickDashStart","HollowMod:QuickDashStart","HollowMod:QuickDashStart+1","HollowMod:QuickDashStart","HollowMod:FocusHealStart","HollowMod:PogoStrike+1","HollowMod:DesolateDive","HollowMod:DashSlash","HollowMod:SoulSplash","HollowMod:VengefulSpirit","HollowMod:GoodIntentions","Mind Blast","HollowMod:SoulVessel","HollowMod:Grubsong","HollowMod:BaldurShell","HollowMod:HornetsHelp","HollowMod:HornetsHelp","HollowMod:Grubsong","HollowMod:SoulEater"],"relics":["HollowMod:VesselMask","HollowMod:PaleOreRelic","Replay:Bronze Core"],"acts_visited":["Exordium","Exordium"],"potions_floor_usage":[16,16,16],"damage_taken":[{"damage":0,"enemies":"Cultist","floor":1,"turns":3},{"damage":0,"enemies":"2 Louse","floor":4,"turns":2},{"damage":0,"enemies":"Small Slimes","floor":5,"turns":3},{"damage":3,"enemies":"3 Louse","floor":6,"turns":3},{"damage":7,"enemies":"Large Slime","floor":10,"turns":10},{"damage":7,"enemies":"Lots of Slimes","floor":12,"turns":4},{"damage":3,"enemies":"Exordium Thugs","floor":14,"turns":4},{"damage":47,"enemies":"HollowMod:FalseKnight","floor":16,"turns":13},{"damage":14,"enemies":"Gensokyo:CosmicMonolith","floor":18,"turns":8},{"damage":4,"enemies":"Gensokyo:Chomper","floor":19,"turns":6},{"damage":78,"enemies":"Gensokyo:3_Gloops","floor":20,"turns":5}],"seed_played":"6324340412847888873","potions_obtained":[{"floor":1,"key":"Swift Potion"},{"floor":4,"key":"Explosive Potion"},{"floor":5,"key":"SkillPotion"},{"floor":19,"key":"SkillPotion"}],"is_trial":false,"path_per_floor":["M","?","?","M","M","M","R","$","T","M","$","M","R","M","R","B",null,"M","M","M"],"character_chosen":"THE_BUGKNIGHT","items_purchased":["Mind Blast","HollowMod:Grubsong"],"campfire_rested":3,"item_purchase_floors":[8,11],"current_hp_per_floor":[82,66,66,66,72,69,82,82,82,80,80,73,82,80,82,41,82,74,70,0,0],"gold":146,"neow_bonus":"TEN_PERCENT_HP_BONUS","is_daily":false,"chose_seed":false,"campfire_upgraded":0,"win_rate":0.0,"timestamp":1608738177,"path_taken":["M","?","?","M","?","M","R","$","T","M","$","M","R","M","R","BOSS","M","M","M"],"items_purchased_type":["Card","Card"],"build_version":"2020-12-22","purchased_purges":0,"victory":false,"max_hp_per_floor":[82,82,82,82,82,82,82,82,82,82,82,82,82,82,82,82,82,82,82,82,82],"card_choices":[{"not_picked":["HollowMod:NewGlowingWomb","HollowMod:MawleksShell"],"picked":"HollowMod:DesolateDive","floor":1},{"not_picked":["HollowMod:SoulVessel","HollowMod:DescendingDark"],"picked":"HollowMod:SoulSplash","floor":4},{"not_picked":["HollowMod:MantisMark","HollowMod:BaldurShell"],"picked":"HollowMod:VengefulSpirit","floor":5},{"not_picked":["HollowMod:DescendingDark","HollowMod:ShadowDash"],"picked":"HollowMod:GoodIntentions","floor":6},{"not_picked":["HollowMod:TaintedHusks","HollowMod:SiblingsSouls"],"picked":"HollowMod:SoulVessel","floor":10},{"not_picked":["HollowMod:TaintedHusks","HollowMod:CrystalDash"],"picked":"HollowMod:BaldurShell","floor":12},{"not_picked":["HollowMod:MonarchWings","HollowMod:DashSlash"],"picked":"HollowMod:HornetsHelp","floor":14},{"not_picked":["HollowMod:theNailsmith","HollowMod:SlysStrikes"],"picked":"HollowMod:HornetsHelp","floor":16},{"not_picked":["HollowMod:DungDefenderAura+1","HollowMod:CycloneSlash"],"picked":"HollowMod:Grubsong","floor":18},{"not_picked":["HollowMod:ShadowDash","HollowMod:BrokenVessel"],"picked":"HollowMod:SoulEater","floor":19}],"player_experience":122132,"relics_obtained":[{"floor":9,"key":"HollowMod:PaleOreRelic"}],"event_choices":[{"damage_healed":0,"gold_gain":0,"player_choice":"Entered Light","damage_taken":16,"max_hp_gain":0,"max_hp_loss":0,"event_name":"Shining Light","floor":2,"gold_loss":0,"cards_upgraded":["HollowMod:PogoStrike","HollowMod:QuickDashStart"]},{"damage_healed":0,"gold_gain":0,"cards_transformed":["HollowMod:NailStrikeStart"],"player_choice":"Transformed","damage_taken":0,"max_hp_gain":0,"max_hp_loss":0,"event_name":"Transmorgrifier","floor":3,"gold_loss":0,"cards_obtained":["HollowMod:DashSlash"]}],"is_beta":false,"boss_relics":[{"not_picked":["Ring of Chaos","Runic Dome"],"picked":"Replay:Bronze Core"}],"items_purged_floors":[],"is_endless":false,"potions_floor_spawned":[1,4,5,10,12,19],"killed_by":"Gensokyo:3_Gloops","ascension_level":0}}