{"host":"xodzlm10r37577ou","time":1608718132,"event":{"mods":["Act Like it!","BaseMod","Gensokyo","Koishi","Marisa（F雨　魔理沙）","Minty Spire (QoL Compilation)","Reimu（博丽灵梦）","Replay The Spire","StSLib","【东方二次创作】八云紫mod"],"gold_per_floor":[113,113,113,2,12,289,289,317,341,367,367,385,385,396,396,500,500,511,511,511,524,220,249,249,149,173,173,191,223,239,264,264,359,359,379,396,123,123,123,152,152,185,237,266,43,62,62,77,77,77],"floor_reached":51,"playtime":3245,"items_purged":["Strike_Lin:ReiMu","Strike_Lin:ReiMu","FantasyBorder:ReiMu"],"score":922,"play_id":"7be92b8a-21bd-4676-a928-b732f97fd254","local_time":"20201223180852","is_ascension_mode":true,"campfire_choices":[{"data":"Dreaming2:ReiMu","floor":7.0,"key":"SMITH"},{"data":"Determination:ReiMu","floor":13.0,"key":"SMITH"},{"data":"SpreadBorder2:ReiMu","floor":15.0,"key":"SMITH"},{"data":"Gensokyo:EightFeetTall","floor":24.0,"key":"SMITH"},{"data":"YinYang:ReiMu","floor":27.0,"key":"SMITH"},{"data":"Mountainwind:ReiMu","floor":32.0,"key":"SMITH"},{"data":"ReplayUltimateDefense","floor":41,"key":"SMITH"},{"data":"NineCharacters:ReiMu","floor":47,"key":"SMITH"},{"data":"AirStrike:ReiMu+1","floor":49,"key":"PURGE"}],"circlet_count":0,"master_deck":["NB:ReiMu+1","Stagnation:ReiMu+1","FantasyMoon:ReiMu+1","Dreaming2:ReiMu+1","TakeOff:ReiMu+1","SpreadBorder2:ReiMu+1","Determination:ReiMu+1","PassingAway:ReiMu+1","YinYang:ReiMu+1","InherentArray:ReiMu+1","Gensokyo:EightFeetTall+1","Amulet:ReiMu+1","BlastKick2:ReiMu+1","Mountainwind:ReiMu+1","SubAcupoint:ReiMu+1","SpreadBorder2:ReiMu+1","LovePray:ReiMu+1","Shading:ReiMu+1","FoulBorder2:ReiMu+1","MikOfLucky:ReiMu+1","CardOfSanctity:ReiMu+1","InherentArray:ReiMu+1","SubAcupoint:ReiMu+1","ReplayUltimateDefense+1","DependentForm:ReiMu","Revelation:ReiMu+1","NineCharacters:ReiMu+1","AirManeuver:ReiMu+1"],"relics":["ShineYinYang:ReiMu","Boot","Dream Catcher","Ornamental Fan","Bag of Marbles","Bronze Scales","Potion Belt","Gensokyo:ConquerorOfFear","Happy Flower","Tiny Chest","Toy Ornithopter","Replay:Bottled Steam","StoneCalendar","Pandora\u0027s Box","ClockworkSouvenir","Pantograph","PreservedInsect","Regal Pillow","Replay:Mystery Machine","ReplayTheSpireMod:TigerMarble"],"acts_visited":["Gensokyo:Gensokyo","Gensokyo:Gensokyoer","TheBeyond"],"potions_floor_usage":[48,50,50],"damage_taken":[{"damage":0.0,"enemies":"Gensokyo:Gryphon","floor":1.0,"turns":5.0},{"damage":7.0,"enemies":"Gensokyo:3_Fairies","floor":5.0,"turns":6.0},{"damage":25.0,"enemies":"Gensokyo:Aya","floor":6.0,"turns":9.0},{"damage":28.0,"enemies":"Gensokyo:Cirno","floor":8.0,"turns":7.0},{"damage":0.0,"enemies":"Gensokyo:Aya","floor":10.0,"turns":3.0},{"damage":0.0,"enemies":"Gensokyo:Python","floor":12.0,"turns":2.0},{"damage":0.0,"enemies":"Gensokyo:LivingMonolith","floor":14.0,"turns":3.0},{"damage":2.0,"enemies":"Gensokyo:Yukari","floor":16.0,"turns":8.0},{"damage":14.0,"enemies":"Gensokyo:2_Gloops","floor":18.0,"turns":5.0},{"damage":6.0,"enemies":"Gensokyo:Chomper","floor":21.0,"turns":5.0},{"damage":0.0,"enemies":"Gensokyo:Tenshi","floor":23.0,"turns":5.0},{"damage":0.0,"enemies":"Gensokyo:3_Gloops","floor":28.0,"turns":2.0},{"damage":0.0,"enemies":"Gensokyo:Koishi","floor":29.0,"turns":5.0},{"damage":8.0,"enemies":"Gensokyo:Wraith","floor":30.0,"turns":5.0},{"damage":2.0,"enemies":"Gensokyo:Reisen","floor":31.0,"turns":5.0},{"damage":18.0,"enemies":"Gensokyo:Eiki","floor":33.0,"turns":10.0},{"damage":3.0,"enemies":"3 Shapes","floor":35.0,"turns":5.0},{"damage":15.0,"enemies":"Orb Walker","floor":36.0,"turns":4.0},{"damage":10,"enemies":"Orb Walker","floor":38,"turns":12},{"damage":4,"enemies":"R_Hoarder","floor":40,"turns":5},{"damage":0,"enemies":"Reptomancer","floor":42,"turns":5},{"damage":20,"enemies":"Nemesis","floor":44,"turns":5},{"damage":9,"enemies":"3 Darklings","floor":46,"turns":5},{"damage":0,"enemies":"Spire Growth","floor":48,"turns":5},{"damage":14,"enemies":"Donu and Deca","floor":50,"turns":11}],"seed_played":"3793947757655382023","potions_obtained":[{"floor":5.0,"key":"ZuzhouPotion:ReiMu"},{"floor":6.0,"key":"DistilledChaos"},{"floor":10.0,"key":"PinkPotion:ReiMu"},{"floor":12.0,"key":"FairyPotion"},{"floor":18.0,"key":"SteroidPotion"},{"floor":23.0,"key":"Venom Potion"},{"floor":29.0,"key":"Swift Potion"},{"floor":33.0,"key":"Explosive Potion"},{"floor":42,"key":"Dexterity Potion"},{"floor":44,"key":"BottledKami:ReiMu"},{"floor":48,"key":"Elixir"}],"is_trial":false,"path_per_floor":["M","?","?","COS","M","E","R","E","T","E","?","M","R","M","R","B",null,"M","?","?","M","$","E","R","$","T","R","M","E","M","E","R","B",null,"M","M","$","?","?","E","R","E","T","E","$","M","R","M","R","B",null],"character_chosen":"REIMU","items_purchased":["BlastKick2:ReiMu","Happy Flower","ClockworkSouvenir","ReplayTheSpireMod:TigerMarble","NineCharacters:ReiMu"],"campfire_rested":0,"item_purchase_floors":[22,22,37,45,45],"current_hp_per_floor":[65,65,65,65,58,33,33,5,5,5,25,25,25,25,25,23,65,51,51,51,45,45,45,45,45,45,45,45,45,37,35,35,17,59,56,41,41,59,49,45,45,45,45,25,25,16,16,21,21,42],"gold":77,"neow_bonus":"UPGRADE_CARD","is_daily":false,"chose_seed":false,"campfire_upgraded":8,"win_rate":0.0,"timestamp":1608718132,"path_taken":["M","?","?","COS","M","E","R","E","T","E","?","M","R","M","R","BOSS","M","?","?","?","$","E","R","$","T","R","M","E","M","E","R","BOSS","M","M","$","?","?","E","R","E","T","E","$","M","R","M","R","BOSS"],"items_purchased_type":["Card","Relic","Relic","Relic","Card"],"build_version":"2020-12-22","purchased_purges":3,"victory":true,"max_hp_per_floor":[65,65,65,65,65,65,65,65,65,65,65,65,65,65,65,65,65,65,65,59,59,59,59,59,59,59,59,59,59,59,59,59,59,59,59,59,59,59,59,59,59,59,59,59,59,59,59,59,59,59],"card_choices":[{"not_picked":["EmergencyTakeOff:ReiMu","AirStrike:ReiMu","YinYangSign:ReiMu"],"picked":"SKIP","floor":1.0},{"not_picked":["RainPray2:ReiMu","WonderfulDomain:ReiMu"],"picked":"Dreaming2:ReiMu","floor":5.0},{"not_picked":["WonderfulDomain:ReiMu","ForcedLanding:ReiMu","CareerPray:ReiMu"],"picked":"SKIP","floor":6.0},{"not_picked":["MikOfLucky:ReiMu","Amulet:ReiMu"],"picked":"TakeOff:ReiMu","floor":8.0},{"not_picked":["Dreaming2:ReiMu","PhosphorusFlame:ReiMu"],"picked":"SpreadBorder2:ReiMu","floor":10.0},{"not_picked":["AlertArray:ReiMu","TightArray:ReiMu"],"picked":"Determination:ReiMu","floor":12.0},{"not_picked":["OrbThrow:ReiMu","AirStrike:ReiMu"],"picked":"PassingAway:ReiMu","floor":14.0},{"not_picked":["Free:ReiMu","Authority:ReiMu"],"picked":"YinYang:ReiMu","floor":16.0},{"not_picked":["Amulet:ReiMu","AlertArray:ReiMu+1"],"picked":"InherentArray:ReiMu+1","floor":18.0},{"not_picked":["Gensokyo:MonkeysPaw","Gensokyo:SpontaneousHumanCombustion"],"picked":"Gensokyo:EightFeetTall","floor":20.0},{"not_picked":["KamiSacrifice:ReiMu+1","AirStrike:ReiMu"],"picked":"Amulet:ReiMu+1","floor":21.0},{"not_picked":["WonderfulDomain:ReiMu","SafetyPray:ReiMu"],"picked":"Mountainwind:ReiMu","floor":23.0},{"not_picked":["OrbThrow:ReiMu","Conquer:ReiMu"],"picked":"SubAcupoint:ReiMu","floor":28.0},{"not_picked":["Amulet:ReiMu","AlertArray:ReiMu"],"picked":"SpreadBorder2:ReiMu","floor":29.0},{"not_picked":["WonderfulDomain:ReiMu","Conquer:ReiMu+1","SubAcupoint:ReiMu"],"picked":"SKIP","floor":30.0},{"not_picked":["AlertArray:ReiMu","Conquer:ReiMu"],"picked":"LovePray:ReiMu","floor":31.0},{"not_picked":["CeremonyResonance:ReiMu","DependentForm:ReiMu"],"picked":"Shading:ReiMu","floor":33.0},{"not_picked":["PayForSelf:ReiMu+1","Conquer:ReiMu"],"picked":"SubAcupoint:ReiMu+1","floor":35.0},{"not_picked":["Intuition:ReiMu+1","EmergencyTakeOff:ReiMu+1","YinYangSange:ReiMu"],"picked":"SKIP","floor":36.0},{"not_picked":["Swift Strike","Replay:Sssssssssshield"],"picked":"ReplayUltimateDefense","floor":39},{"not_picked":["PrepareRite:ReiMu","AlertArray:ReiMu"],"picked":"DependentForm:ReiMu","floor":40},{"not_picked":["AlertArray:ReiMu+1","WonderfulDomain:ReiMu+1","OctopathBindingBorder2:ReiMu"],"picked":"SKIP","floor":42},{"not_picked":["Dreaming2:ReiMu+1","SubcavityInstant:ReiMu"],"picked":"Revelation:ReiMu+1","floor":44},{"not_picked":["SpringWay:ReiMu+1","Mountainwind:ReiMu"],"picked":"AirManeuver:ReiMu+1","floor":46},{"not_picked":["ForcedLanding:ReiMu","SubAcupoint:ReiMu","Amulet:ReiMu+1"],"picked":"SKIP","floor":48}],"player_experience":581695,"relics_obtained":[{"floor":6.0,"key":"Dream Catcher"},{"floor":8.0,"key":"Bag of Marbles"},{"floor":9.0,"key":"Bronze Scales"},{"floor":10.0,"key":"Potion Belt"},{"floor":21.0,"key":"Gensokyo:ConquerorOfFear"},{"floor":23.0,"key":"Tiny Chest"},{"floor":26.0,"key":"Toy Ornithopter"},{"floor":29.0,"key":"Replay:Bottled Steam"},{"floor":31.0,"key":"StoneCalendar"},{"floor":40,"key":"Pantograph"},{"floor":42,"key":"PreservedInsect"},{"floor":43,"key":"Regal Pillow"},{"floor":44,"key":"Replay:Mystery Machine"}],"event_choices":[{"damage_healed":0,"gold_gain":0,"player_choice":"Memory 3","damage_taken":10,"max_hp_gain":0,"max_hp_loss":0,"event_name":"SensoryStone","floor":39,"gold_loss":0}],"is_beta":false,"boss_relics":[{"not_picked":["Replay:Drink Me","RedLine:ReiMu"],"picked":"ShineYinYang:ReiMu"},{"not_picked":["ChewingGum","Calling Bell"],"picked":"Pandora\u0027s Box"}],"items_purged_floors":[22,25,37],"is_endless":false,"potions_floor_spawned":[5,6,10,12,18,23,29,33,42,44,46,48],"ascension_level":1}}