{"host":"3oaf849qhr50duht","time":1608758259,"event":{"mods":["BaseMod","Minty Spire (QoL Compilation)"],"gold_per_floor":[118,118,129,146,10,10,22,45,72,96,96,112,123,181,181,277,277,291,185,204,222,241,241,274,274,298,317,317,317],"floor_reached":28,"playtime":3374,"items_purged":[],"score":232,"play_id":"dc3aa925-9a6b-4c41-b32a-d360b55f35d9","local_time":"20201223161739","is_ascension_mode":false,"campfire_choices":[{"data":"Carnage","floor":6,"key":"SMITH"},{"floor":15,"key":"REST"},{"floor":23,"key":"REST"}],"circlet_count":0,"master_deck":["Strike_R","Strike_R","Strike_R","Strike_R","Strike_R","Defend_R","Defend_R","Defend_R","Bash","Feel No Pain","Carnage+1","Shrug It Off","Offering","Seeing Red","Sever Soul","Warcry","Body Slam","Blood for Blood","Juggernaut","CurseOfTheBell","Inflame","Finesse","Thunderclap","Uppercut","Bloodletting","True Grit+1","Demon Form","RitualDagger","Fire Breathing+1"],"relics":["Burning Blood","Odd Mushroom","Juzu Bracelet","Anchor","Oddly Smooth Stone","Calling Bell","Lantern","Paper Frog","Champion Belt","Regal Pillow","Boot"],"acts_visited":["Exordium","TheCity"],"potions_floor_usage":[16,16,27,27],"damage_taken":[{"damage":0,"enemies":"2 Louse","floor":1,"turns":3},{"damage":6,"enemies":"Cultist","floor":3,"turns":3},{"damage":6,"enemies":"Jaw Worm","floor":4,"turns":3},{"damage":20,"enemies":"Exordium Wildlife","floor":7,"turns":3},{"damage":11,"enemies":"The Mushroom Lair","floor":8,"turns":4},{"damage":2,"enemies":"2 Fungi Beasts","floor":12,"turns":3},{"damage":6,"enemies":"Looter","floor":13,"turns":2},{"damage":33,"enemies":"3 Sentries","floor":14,"turns":7},{"damage":41,"enemies":"The Guardian","floor":16,"turns":7},{"damage":17,"enemies":"2 Thieves","floor":18,"turns":4},{"damage":7,"enemies":"3 Byrds","floor":20,"turns":6},{"damage":12,"enemies":"Snake Plant","floor":21,"turns":5},{"damage":20,"enemies":"Centurion and Healer","floor":22,"turns":5},{"damage":52,"enemies":"Slavers","floor":24,"turns":6},{"damage":24,"enemies":"3 Cultists","floor":27,"turns":5},{"damage":12,"enemies":"Shelled Parasite and Fungi","floor":28,"turns":2}],"seed_played":"-5381393570008742663","potions_obtained":[{"floor":4,"key":"ColorlessPotion"},{"floor":12,"key":"Energy Potion"},{"floor":13,"key":"SmokeBomb"},{"floor":16,"key":"LiquidMemories"},{"floor":18,"key":"Explosive Potion"},{"floor":24,"key":"Energy Potion"}],"is_trial":false,"path_per_floor":["M","?","M","M","$","R","M","?","T","T","?","M","M","?","R","B",null,"M","$","M","M","M","R","E","?","T","M","M"],"character_chosen":"IRONCLAD","items_purchased":["Offering","Finesse","Thunderclap"],"campfire_rested":2,"item_purchase_floors":[5,19,19],"current_hp_per_floor":[80,80,80,80,80,80,66,61,61,61,66,70,70,43,68,33,85,74,74,73,67,53,78,32,26,26,8,0,0],"gold":317,"neow_bonus":"","is_daily":false,"chose_seed":false,"campfire_upgraded":1,"win_rate":0.0,"timestamp":1608758259,"path_taken":["M","?","M","M","?","R","?","?","T","?","?","M","M","?","R","BOSS","M","$","M","M","M","R","E","?","T","M","M"],"items_purchased_type":["Card","Card","Card"],"build_version":"2020-12-22","purchased_purges":0,"victory":false,"max_hp_per_floor":[80,80,80,80,80,80,80,80,80,80,85,85,85,85,85,85,85,85,85,85,85,85,85,85,85,85,85,85,85],"card_choices":[{"not_picked":["Anger","Dual Wield"],"picked":"Feel No Pain","floor":1},{"not_picked":["Whirlwind","Fire Breathing"],"picked":"Carnage","floor":3},{"not_picked":["Warcry","Second Wind"],"picked":"Shrug It Off","floor":4},{"not_picked":["Hemokinesis","Headbutt"],"picked":"Seeing Red","floor":7},{"not_picked":["Cleave","Intimidate"],"picked":"Sever Soul","floor":8},{"not_picked":["Sword Boomerang","Combust"],"picked":"Warcry","floor":12},{"not_picked":["Iron Wave","Cleave"],"picked":"Body Slam","floor":13},{"not_picked":["Headbutt","Iron Wave"],"picked":"Blood for Blood","floor":14},{"not_picked":["Corruption","Reaper"],"picked":"Juggernaut","floor":16},{"not_picked":["Body Slam","Clothesline"],"picked":"Inflame","floor":18},{"not_picked":["Warcry","Inflame+1"],"picked":"Uppercut","floor":20},{"not_picked":["Pommel Strike","Thunderclap"],"picked":"Bloodletting","floor":21},{"not_picked":["Flex","Headbutt"],"picked":"True Grit+1","floor":22},{"not_picked":["Clothesline","Shrug It Off"],"picked":"Demon Form","floor":24},{"not_picked":["Dropkick","Headbutt"],"picked":"Fire Breathing+1","floor":27}],"player_experience":0,"relics_obtained":[{"floor":8,"key":"Odd Mushroom"},{"floor":9,"key":"Juzu Bracelet"},{"floor":10,"key":"Anchor"},{"floor":17,"key":"Lantern"},{"floor":17,"key":"Paper Frog"},{"floor":17,"key":"Champion Belt"},{"floor":24,"key":"Regal Pillow"},{"floor":26,"key":"Boot"}],"event_choices":[{"cards_removed":["Defend_R"],"damage_healed":0,"gold_gain":0,"player_choice":"Purged","damage_taken":0,"max_hp_gain":0,"max_hp_loss":0,"event_name":"Purifier","floor":2,"gold_loss":0},{"damage_healed":0,"gold_gain":0,"player_choice":"Fought Mushrooms","damage_taken":0,"max_hp_gain":0,"max_hp_loss":0,"event_name":"Mushrooms","floor":8,"gold_loss":0},{"damage_healed":0,"gold_gain":0,"player_choice":"Donut","damage_taken":0,"max_hp_gain":5,"max_hp_loss":0,"event_name":"Big Fish","floor":11,"gold_loss":0},{"damage_healed":0,"gold_gain":0,"player_choice":"Searched \u00273\u0027 times","damage_taken":0,"relics_obtained":["Oddly Smooth Stone"],"max_hp_gain":0,"max_hp_loss":0,"event_name":"Dead Adventurer","floor":14,"gold_loss":0},{"damage_healed":0,"gold_gain":0,"player_choice":"Joined the Cult","damage_taken":6,"max_hp_gain":0,"max_hp_loss":0,"event_name":"Nest","floor":25,"gold_loss":0,"cards_obtained":["RitualDagger"]}],"is_beta":false,"boss_relics":[{"not_picked":["Snecko Eye","Astrolabe"],"picked":"Calling Bell"}],"items_purged_floors":[],"is_endless":false,"potions_floor_spawned":[4,12,13,16,18,22,24],"killed_by":"Shelled Parasite and Fungi","ascension_level":0}}