{"host":"gx7yyrn1gkym3qpb","time":1608704355,"event":{"mods":["AchievementEnabler","BaseMod","Better Altar","Better Match","Better Note","Better Sensory Stone","Better Skull","Better Third Choice","Highlight Path","Minty Spire (QoL Compilation)","Permanent Neow","Quick Restart","StSLib","Unceasing Turn Reminder"],"gold_per_floor":[15,39,52,71,91,91,123,123,123,143,176,176,186,220,220,220,220],"floor_reached":16,"playtime":646,"items_purged":[],"score":214,"play_id":"7dbffe5c-e6a5-436a-8cef-1d3678ca1625","local_time":"20201223011915","is_ascension_mode":true,"campfire_choices":[{"data":"Burst","floor":6,"key":"SMITH"},{"data":"Well Laid Plans","floor":8,"key":"SMITH"},{"data":"Deadly Poison","floor":12,"key":"SMITH"},{"floor":15,"key":"REST"}],"circlet_count":0,"master_deck":["AscendersBane","Strike_G","Strike_G","Strike_G","Strike_G","Defend_G","Defend_G","Defend_G","Defend_G","Survivor","Neutralize","Poisoned Stab","Deadly Poison+1","Burst+1","Well Laid Plans+1"],"relics":["Ring of the Snake","Anchor","Ornamental Fan","Paper Crane","PreservedInsect","Singing Bowl"],"acts_visited":[],"potions_floor_usage":[7,11,14,16],"damage_taken":[{"damage":0,"enemies":"Cultist","floor":1,"turns":4},{"damage":0,"enemies":"2 Louse","floor":3,"turns":3},{"damage":0,"enemies":"Jaw Worm","floor":4,"turns":3},{"damage":8,"enemies":"Gremlin Gang","floor":5,"turns":7},{"damage":18,"enemies":"Lagavulin","floor":7,"turns":4},{"damage":5,"enemies":"2 Fungi Beasts","floor":10,"turns":4},{"damage":9,"enemies":"3 Sentries","floor":11,"turns":13},{"damage":11,"enemies":"Looter","floor":13,"turns":3},{"damage":6,"enemies":"Gremlin Nob","floor":14,"turns":3},{"damage":40,"enemies":"Slime Boss","floor":16,"turns":5}],"seed_played":"-3475340644437569494","potions_obtained":[{"floor":3,"key":"Dexterity Potion"},{"floor":5,"key":"LiquidMemories"},{"floor":11,"key":"Block Potion"},{"floor":13,"key":"FearPotion"}],"is_trial":false,"path_per_floor":["M","T","M","M","M","R","E","R","T","M","E","R","M","E","R","B"],"character_chosen":"THE_SILENT","items_purchased":[],"campfire_rested":1,"item_purchase_floors":[],"current_hp_per_floor":[59,59,59,59,51,51,33,33,33,28,19,19,8,4,24,0,0],"gold":220,"neow_bonus":"REMOVE_TWO","is_daily":false,"chose_seed":false,"campfire_upgraded":3,"win_rate":0.0,"timestamp":1608704355,"path_taken":["M","?","M","M","M","R","E","R","T","M","E","R","?","E","R","BOSS"],"items_purchased_type":[],"build_version":"2020-12-22","purchased_purges":0,"victory":false,"max_hp_per_floor":[66,66,66,66,66,66,66,66,66,66,66,66,66,68,68,68,68],"card_choices":[{"not_picked":["Accuracy","Slice"],"picked":"Poisoned Stab","floor":1},{"not_picked":["Sucker Punch","Dodge and Roll"],"picked":"Deadly Poison","floor":3},{"not_picked":["Predator","Choke","Acrobatics"],"picked":"SKIP","floor":4},{"not_picked":["Blade Dance","Slice"],"picked":"Burst","floor":5},{"not_picked":["Prepared","Sucker Punch"],"picked":"Well Laid Plans","floor":7},{"not_picked":["Predator","Expertise","Setup"],"picked":"SKIP","floor":10},{"not_picked":["Concentrate","Prepared","Grand Finale"],"picked":"SKIP","floor":11},{"not_picked":["Prepared","Dagger Spray","Sucker Punch"],"picked":"SKIP","floor":13},{"not_picked":["Eviscerate","Choke","Well Laid Plans"],"picked":"Singing Bowl","floor":14}],"player_experience":352474,"relics_obtained":[{"floor":2,"key":"Anchor"},{"floor":7,"key":"Ornamental Fan"},{"floor":9,"key":"Paper Crane"},{"floor":11,"key":"PreservedInsect"},{"floor":14,"key":"Singing Bowl"}],"event_choices":[],"is_beta":false,"boss_relics":[],"items_purged_floors":[],"is_endless":false,"potions_floor_spawned":[3,5,11,13],"killed_by":"Slime Boss","ascension_level":15}}