{"host":"qxeepl7ydvsgmfdb","time":1608698095,"event":{"mods":["AchievementEnabler","BaseMod","Colored Powertips","Minty Spire (QoL Compilation)","Quick Restart","slay the spire mod where everything is the same but ironclad has a cowboy hat"],"gold_per_floor":[119,132,132,148,164,164,191,211,211,60,78,78,92,108,108,212,212,226,226,33,33,33,33,38,38,61,61,61],"floor_reached":27,"playtime":756,"items_purged":[],"score":258,"play_id":"6b1da76d-1bdf-418d-a0cf-cdbe5db7ec71","local_time":"20201222233455","is_ascension_mode":true,"campfire_choices":[{"data":"Deadly Poison","floor":6.0,"key":"SMITH"},{"floor":15,"key":"REST"},{"data":"After Image","floor":23,"key":"SMITH"}],"circlet_count":0,"master_deck":["Strike_G","Strike_G","Strike_G","Strike_G","Defend_G","Defend_G","Defend_G","Defend_G","Defend_G+1","Survivor","Neutralize","Deadly Poison+1","Cloak And Dagger","Poisoned Stab","Dagger Spray","Bane+1","Cloak And Dagger","Accuracy","Deadly Poison","After Image+1","Noxious Fumes","Infinite Blades"],"relics":["Ring of the Snake","Art of War","Juzu Bracelet","Nloth\u0027s Gift","Bag of Marbles","MutagenicStrength","PreservedInsect"],"acts_visited":["Exordium","TheCity"],"potions_floor_usage":[16,16,18,24],"damage_taken":[{"damage":0.0,"enemies":"Jaw Worm","floor":1.0,"turns":5.0},{"damage":0.0,"enemies":"Cultist","floor":2.0,"turns":3.0},{"damage":3.0,"enemies":"Small Slimes","floor":4.0,"turns":4.0},{"damage":3.0,"enemies":"Red Slaver","floor":5.0,"turns":4.0},{"damage":4.0,"enemies":"3 Sentries","floor":7.0,"turns":5.0},{"damage":7.0,"enemies":"2 Fungi Beasts","floor":8.0,"turns":3.0},{"damage":16.0,"enemies":"Exordium Wildlife","floor":11.0,"turns":5.0},{"damage":0,"enemies":"Blue Slaver","floor":13,"turns":3},{"damage":1,"enemies":"Red Slaver","floor":14,"turns":4},{"damage":41,"enemies":"The Guardian","floor":16,"turns":8},{"damage":9,"enemies":"Chosen","floor":18,"turns":4},{"damage":17,"enemies":"2 Thieves","floor":24,"turns":4},{"damage":47,"enemies":"3 Cultists","floor":27,"turns":5}],"seed_played":"-7355098409436395863","potions_obtained":[{"floor":0.0,"key":"Weak Potion"},{"floor":0.0,"key":"PowerPotion"},{"floor":0.0,"key":"Explosive Potion"},{"floor":2.0,"key":"SpeedPotion"},{"floor":8.0,"key":"Weak Potion"},{"floor":11.0,"key":"EntropicBrew"},{"floor":16,"key":"Weak Potion"}],"is_trial":false,"path_per_floor":["M","M","?","M","M","R","E","M","T","$","M","?","M","M","R","B",null,"M","?","$","?","?","R","M","$","T","M"],"character_chosen":"THE_SILENT","items_purchased":["Juzu Bracelet","Bag of Marbles","Noxious Fumes"],"campfire_rested":1,"item_purchase_floors":[10,20,20],"current_hp_per_floor":[70,70,70,67,64,64,60,53,53,53,37,23,23,22,43,2,70,61,61,61,61,61,61,44,44,44,0,0],"gold":61,"neow_bonus":"THREE_SMALL_POTIONS","is_daily":false,"chose_seed":false,"campfire_upgraded":2,"win_rate":0.0,"timestamp":1608698095,"path_taken":["M","M","?","?","?","R","E","M","T","$","M","?","M","M","R","BOSS","M","?","$","?","?","R","M","?","T","M"],"items_purchased_type":["Relic","Relic","Card"],"build_version":"2020-12-13","purchased_purges":0,"victory":false,"max_hp_per_floor":[70,70,70,70,70,70,70,70,70,70,70,70,70,70,70,70,70,70,70,70,70,70,70,70,70,70,70,70],"card_choices":[{"not_picked":["Poisoned Stab","Predator"],"picked":"Deadly Poison","floor":1.0},{"not_picked":["Dash","Expertise"],"picked":"Cloak And Dagger","floor":2.0},{"not_picked":["Backflip","Underhanded Strike"],"picked":"Poisoned Stab","floor":4.0},{"not_picked":["Flying Knee","Underhanded Strike"],"picked":"Dagger Spray","floor":5.0},{"not_picked":["Flying Knee","A Thousand Cuts","Prepared"],"picked":"SKIP","floor":7.0},{"not_picked":["Acrobatics","Catalyst"],"picked":"Bane","floor":8.0},{"not_picked":["Choke","Backstab"],"picked":"Cloak And Dagger","floor":11.0},{"not_picked":["Reflex","Choke"],"picked":"Accuracy","floor":13},{"not_picked":["Prepared","Malaise"],"picked":"Deadly Poison","floor":14},{"not_picked":["A Thousand Cuts","Unload"],"picked":"After Image","floor":16},{"not_picked":["Flying Knee","Dodge and Roll","Finisher"],"picked":"SKIP","floor":18},{"not_picked":["Cloak And Dagger","Malaise"],"picked":"Infinite Blades","floor":24}],"player_experience":317731,"relics_obtained":[{"floor":7.0,"key":"Art of War"},{"floor":9.0,"key":"Matryoshka"},{"floor":26,"key":"PreservedInsect"}],"event_choices":[{"cards_removed":["Strike_G"],"damage_healed":0.0,"max_hp_gain":0.0,"max_hp_loss":0.0,"gold_gain":0.0,"event_name":"Purifier","player_choice":"Purged","floor":3.0,"gold_loss":0.0,"damage_taken":0.0},{"damage_healed":0.0,"max_hp_gain":0.0,"max_hp_loss":0.0,"gold_gain":0.0,"event_name":"Shining Light","player_choice":"Entered Light","floor":12.0,"gold_loss":0.0,"damage_taken":14.0,"cards_upgraded":["Bane","Defend_G"]},{"damage_healed":0,"gold_gain":0,"player_choice":"Traded Relic","damage_taken":0,"relics_obtained":["Nloth\u0027s Gift"],"max_hp_gain":0,"max_hp_loss":0,"event_name":"N\u0027loth","floor":19,"relics_lost":["Matryoshka"],"gold_loss":0},{"damage_healed":0,"gold_gain":0,"player_choice":"Ignored","damage_taken":0,"max_hp_gain":0,"max_hp_loss":0,"event_name":"Ghosts","floor":21,"gold_loss":0},{"damage_healed":0,"gold_gain":0,"player_choice":"Inject Mutagens","damage_taken":0,"relics_obtained":["MutagenicStrength"],"max_hp_gain":0,"max_hp_loss":0,"event_name":"Drug Dealer","floor":22,"gold_loss":0}],"is_beta":false,"boss_relics":[{"not_picked":["Runic Dome","Coffee Dripper","Busted Crown"]}],"items_purged_floors":[],"is_endless":false,"potions_floor_spawned":[2,8,11,16],"killed_by":"3 Cultists","ascension_level":4}}