{"host":"9i65z0zqo49crzwy","time":1608692433,"event":{"mods":["AchievementEnabler","Aspiration","Bard","BaseMod","Beaked The Cultist","Bestiary","Better Altar","Better Match","Better Note","Better Sensory Stone","Better Skull","Better Third Choice","BetterRewards","CCEM","Clawfect","Colored Map","Conspire","Downfall","GifTheSpireLib","Halation","Hermit","Highlight Path","Hubris","Hunter ??","Infinite Spire","Jedi Mod","Jorbs\u0027s Wanderer Trilogy","Mad Scientist","Marisa????????","Mimic Mod","Minty Spire (QoL Compilation)","Permanent Neow","Replay The Spire","Shade Mod","Shop Mod","Spicy Shops","StSLib","Stuff the Spire","The Administrix","The Blackbeard","The Bug Knight","The Construct","The Cursed","The Disciple","The Gatherer","The Hierophant","The IronCluck","The Jungle","The Mystic","The Necromancer","The Problem Sleuth","The Runesmith","The Servant 0.9.4","The Spell Scribe","The Witch","TheHero","Unceasing Turn Reminder"],"gold_per_floor":[99,114,124,143,154,174,197,197,197],"floor_reached":8,"playtime":620,"items_purged":[],"score":50,"play_id":"78118602-6e57-4032-8f2b-5970daae3876","local_time":"20201222190033","is_ascension_mode":false,"campfire_choices":[{"floor":1,"key":"RECALL"}],"circlet_count":0,"master_deck":["Strike_W","Strike_W","Strike_W","Strike_W","Defend_W","Defend_W","Defend_W","Defend_W","Negative_Energy_Arrows","Bone_Wall+1","Bones_to_Steel","Stop_Heart","Bone_Shift","Whirlwind_of_Bones","Epidemic"],"relics":["Vampire_Amulet"],"acts_visited":["Exordium"],"potions_floor_usage":[5,8],"damage_taken":[{"damage":0,"enemies":"Small Slimes","floor":2,"turns":5},{"damage":4,"enemies":"Jaw Worm","floor":3,"turns":6},{"damage":8,"enemies":"conspire:RoseBush","floor":4,"turns":3},{"damage":0,"enemies":"Large Slime","floor":5,"turns":15},{"damage":28,"enemies":"Gremlin Gang","floor":6,"turns":9},{"damage":56,"enemies":"Gremlin Nob","floor":8,"turns":5}],"seed_played":"8760925879197405041","potions_obtained":[{"floor":2,"key":"Block Potion"},{"floor":4,"key":"SteroidPotion"}],"is_trial":false,"path_per_floor":["R","M","M","M","M","M","T","E"],"character_chosen":"NECROMANCER","items_purchased":[],"campfire_rested":0,"item_purchase_floors":[],"current_hp_per_floor":[75,75,73,67,71,51,51,0,0],"gold":197,"neow_bonus":"UPGRADE_CARD","is_daily":false,"chose_seed":false,"campfire_upgraded":0,"win_rate":0.0,"timestamp":1608692433,"path_taken":["R","M","M","M","M","M","T","E"],"items_purchased_type":[],"build_version":"2020-12-13","purchased_purges":0,"victory":false,"max_hp_per_floor":[75,75,75,75,75,75,75,75,75],"card_choices":[{"not_picked":["Thousand_Bone_Knives","Negative_Energy_Sphere"],"picked":"Bones_to_Steel","floor":2},{"not_picked":["Negative_Energy_Javelin","Toxic_Smoke_Screen"],"picked":"Stop_Heart","floor":3},{"not_picked":["Negative_Energy_Mist","Chill_Blood"],"picked":"Bone_Shift","floor":4},{"not_picked":["Summon_Death_Knight","Blood_Whip"],"picked":"Whirlwind_of_Bones","floor":5},{"not_picked":["Death_Coil","Negative_Energy_Shield"],"picked":"Epidemic","floor":6}],"player_experience":121645,"relics_obtained":[],"event_choices":[],"is_beta":false,"boss_relics":[],"items_purged_floors":[],"is_endless":false,"potions_floor_spawned":[2,4],"killed_by":"Gremlin Nob","ascension_level":0}}