{"host":"njruw0b0uprlitpx","time":1608714854,"event":{"mods":["2.2 Compatiblity","Astrologer","BaseMod","Better Altar","Better Match","Better Note","Better Sensory Stone","Better Skull","Better Third Choice","BetterRewards","Block Reminder","Colored Map","Colored Powertips","Hermit","Jedi Mod","Keyboard Shortcuts","Minty Spire (QoL Compilation)","Quick Restart","Relic Stats","Replay The Spire","SacredBarkPlus","Spicy Shops","StSLib","SuperFastMode","The Construct","The Cursed","The Marked","The Mystic","The Necromancer","The Spell Scribe"],"gold_per_floor":[116,116,128,141,141,169,169,187,187,199,210,210,285,42,42,146,146,146,20,20,20,20,20,20,20,20,0,0,0,0,0,0,0,0],"floor_reached":33,"playtime":2168,"items_purged":["hermit:ImpendingDoom","theScribe:StarterDefend"],"score":482,"play_id":"1aa80c8f-2848-410a-9805-a60b99e3d16f","local_time":"20201223031414","is_ascension_mode":true,"campfire_choices":[{"data":"theScribe:FalseLife","floor":7,"key":"SMITH"},{"floor":12,"key":"REST"},{"floor":15,"key":"REST"},{"data":"theScribe:Dark","floor":23,"key":"SMITH"},{"data":"theScribe:QuickStudy","floor":25,"key":"SMITH"},{"floor":30,"key":"REST"},{"floor":32,"key":"REST"}],"circlet_count":0,"master_deck":["theScribe:StarterAttack","theScribe:StarterAttack","theScribe:LightningStrike","theScribe:LightningStrike","theScribe:StarterDefend","theScribe:StarterDefend","theScribe:IcyDefend","theScribe:IcyDefend","theScribe:StarterModifier","hermit:ImpendingDoom","theScribe:LightningBolt","theScribe:SacrificeRitual","theScribe:CrystalShield","theScribe:EnchantedStrike","theScribe:CapacitanceScroll","theScribe:Dark+1","theScribe:FalseLife+1","theScribe:QuickStudy+1","theScribe:QuickStudy","theScribe:TimeDilation","theScribe:FocusedBolt+1","theScribe:RecklessResponse","theScribe:FocusedBolt+1","theScribe:LightningBlade"],"relics":["theScribe:StarterRelic1","ReplayTheSpireMod:CursedCoin","jedi:kaleidoscope","PreservedInsect","jedi:archwizardhat","theScribe:StormScale","Singing Bowl","Lantern","Ectoplasm","jedi:cryingmask","NlothsMask","BranchBurnRelic"],"acts_visited":["Exordium","TheCity"],"potions_floor_usage":[8,10,16,16,28],"damage_taken":[{"damage":0,"enemies":"2 Louse","floor":1,"turns":2},{"damage":0,"enemies":"Cultist","floor":3,"turns":3},{"damage":13,"enemies":"Small Slimes","floor":4,"turns":1},{"damage":16,"enemies":"Gremlin Nob","floor":6,"turns":3},{"damage":9,"enemies":"3 Louse","floor":8,"turns":2},{"damage":4,"enemies":"Blue Slaver","floor":10,"turns":4},{"damage":13,"enemies":"2 Fungi Beasts","floor":11,"turns":4},{"damage":0,"enemies":"Slime Boss","floor":16,"turns":8},{"damage":8,"enemies":"Chosen","floor":18,"turns":3},{"damage":9,"enemies":"2 Thieves","floor":27,"turns":3},{"damage":31,"enemies":"Cultist and Chosen","floor":28,"turns":5},{"damage":29,"enemies":"Centurion and Healer","floor":29,"turns":3},{"damage":26,"enemies":"Chosen and Byrds","floor":31,"turns":4},{"damage":81,"enemies":"Champ","floor":33,"turns":9}],"seed_played":"-6272918876202211322","potions_obtained":[{"floor":1,"key":"SpeedPotion"},{"floor":2,"key":"jedi:mysterypotion"},{"floor":2,"key":"AttackPotion"},{"floor":4,"key":"Weak Potion"},{"floor":10,"key":"EntropicBrew"},{"floor":27,"key":"jedi:StrikingPotion"}],"is_trial":false,"path_per_floor":["M","?","M","M","?","E","R","M","T","M","M","R","?","$","R","B",null,"M","$","?","?","$","R","?","R","T","M","M","M","R","M","R","B"],"character_chosen":"THE_SCRIBE","items_purchased":["ReplayTheSpireMod:CursedCoin","Dead Branch","theScribe:LightningBolt","theScribe:SacrificeRitual","theScribe:CrystalShield","theScribe:EnchantedStrike","PreservedInsect","jedi:archwizardhat","Lantern","jedi:cryingmask","theScribe:RecklessResponse"],"campfire_rested":4,"item_purchase_floors":[0,0,0,0,0,0,0,0,14,19,19],"current_hp_per_floor":[75,75,75,62,67,51,51,42,42,38,27,51,40,40,64,64,82,76,76,76,76,76,76,76,76,76,78,47,20,46,34,61,0,0],"gold":0,"neow_bonus":"","is_daily":false,"chose_seed":false,"campfire_upgraded":3,"win_rate":0.0,"timestamp":1608714854,"path_taken":["M","?","M","?","?","E","R","M","T","M","M","R","?","$","R","BOSS","M","$","?","?","$","R","?","R","T","M","?","M","R","M","R","BOSS"],"items_purchased_type":["Relic","Relic","Card","Card","Card","Card","Relic","Relic","Relic","Relic","Card"],"build_version":"2020-12-22","purchased_purges":2,"victory":false,"max_hp_per_floor":[75,75,75,75,80,80,80,80,80,80,82,82,82,82,82,82,82,84,84,84,84,84,84,84,84,84,86,86,88,88,90,90,90,90],"relic_stats":{"Singing Bowl":24,"counters":[110,449],"PreservedInsect":21,"Ectoplasm":85,"obtain_stats":[{"Golden Egg":0,"Mark of the Bloom":47,"CeramicFish":0,"Vajra":9,"jedi:command_rare":46,"wanderingMiniBosses:OtherGremlinHorn":21,"jedi:bottledfury":23,"theScribe:StormScale":0,"jedi:shrinkray":39,"Sundial":43,"Philosopher\u0027s Stone":17,"Iron Hammer":0,"HollowMod:PaleOreRelic":28,"Replay:Bottled Steam":8,"ReplayTheSpireMod:CursedCoin":11,"Dead Branch":0,"Oddly Smooth Stone":0,"HollowMod:JonisBlessing":45,"theSleuth:BowenStilsonDogg":9,"theSleuth:Typewriter":0,"Akabeko":25,"potionbrewer:Torch":11,"jedi:heavyjacket":28,"Replay:Baseball":9,"ReplayTheSpireMod:Shallot":5,"Shuriken":12,"Simple Rune":25,"Onion Ring":45,"ReplayTheSpireMod:TigerMarble":43,"Abe\u0027s Treasure":17,"theScribe:StarterRelic1":0,"NlothsMask":21,"ReplayFunnel":30,"Lantern":14,"aspiration:Lifesprig":26,"theForsaken:ScaryMask":41,"Snecko Heart":17,"Torii":33,"Singing Bowl":9,"Angel_Ring":45,"Painkiller Herb":17,"mysticmod:SpellBook":46,"theForsaken:Lifeblossom":26,"CloakClasp":46,"jedi:archwizardhat":0,"Cursed Key":34,"theSleuth:JesterOfEncumbrance":31,"BranchBurnRelic":23,"Dream Catcher":29,"Nunchaku":3,"Replay:Bandana":40,"Shovel":9,"Mummified Hand":12,"Gambling Chip":0,"jedi:cryingmask":19,"Red Mask":27,"Chemical X":36,"wanderingMiniBosses:LockLocket":45,"Runic Pyramid":34,"Gremlin Food":24,"energizedSpire:RedRose":36,"Potion Belt":0,"BargainBundle":0,"Lee\u0027s Waffle":39,"ReplayTheSpireMod:Ninjato":0,"Replay:Towering Pillar of Hats":0,"Golden Idol":5,"Thread and Needle":0,"PreservedInsect":26,"Odd Mushroom":7,"Orichalcum":43,"Replay:Arrowhead":26,"White Beast Statue":11,"Peace Pipe":0,"Cauldron":0,"Strange Spoon":48,"Anchor":45,"potionbrewer:BoosterPack":10,"jedi:kaleidoscope":0,"jedi:ominousloannote":28,"Orrery":28,"Ectoplasm":17,"Art of War":7,"Bottled Lightning":25,"Membership Card":0,"ReplayTheSpireMod:Ring of Challenge":2,"ReplayTheSpireMod:Lightbulb":26},{"Golden Egg":51,"Mark of the Bloom":75,"CeramicFish":19,"Vajra":22,"jedi:command_rare":48,"wanderingMiniBosses:OtherGremlinHorn":36,"jedi:bottledfury":64,"theScribe:StormScale":51,"jedi:shrinkray":92,"Sundial":93,"Philosopher\u0027s Stone":61,"Iron Hammer":77,"HollowMod:PaleOreRelic":10,"Replay:Bottled Steam":28,"ReplayTheSpireMod:CursedCoin":29,"Dead Branch":96,"Oddly Smooth Stone":51,"HollowMod:JonisBlessing":94,"theSleuth:BowenStilsonDogg":3,"theSleuth:Typewriter":0,"Akabeko":65,"potionbrewer:Torch":4,"jedi:heavyjacket":66,"Replay:Baseball":56,"ReplayTheSpireMod:Shallot":26,"Shuriken":81,"Simple Rune":87,"Onion Ring":94,"ReplayTheSpireMod:TigerMarble":47,"Abe\u0027s Treasure":83,"theScribe:StarterRelic1":0,"NlothsMask":105,"ReplayFunnel":41,"Lantern":6,"aspiration:Lifesprig":9,"theForsaken:ScaryMask":93,"Snecko Heart":7,"Torii":14,"Singing Bowl":80,"Angel_Ring":17,"Painkiller Herb":32,"mysticmod:SpellBook":48,"theForsaken:Lifeblossom":87,"CloakClasp":48,"jedi:archwizardhat":96,"Cursed Key":69,"theSleuth:JesterOfEncumbrance":12,"BranchBurnRelic":105,"Dream Catcher":11,"Nunchaku":20,"Replay:Bandana":46,"Shovel":28,"Mummified Hand":58,"Gambling Chip":19,"jedi:cryingmask":105,"Red Mask":10,"Chemical X":44,"wanderingMiniBosses:LockLocket":75,"Runic Pyramid":43,"Gremlin Food":9,"energizedSpire:RedRose":15,"Potion Belt":77,"BargainBundle":51,"Lee\u0027s Waffle":92,"ReplayTheSpireMod:Ninjato":19,"Replay:Towering Pillar of Hats":25,"Golden Idol":1,"Thread and Needle":77,"PreservedInsect":38,"Odd Mushroom":2,"Orichalcum":17,"Replay:Arrowhead":9,"White Beast Statue":29,"Peace Pipe":77,"Cauldron":77,"Strange Spoon":95,"Anchor":94,"potionbrewer:BoosterPack":3,"jedi:kaleidoscope":96,"jedi:ominousloannote":66,"Orrery":66,"Ectoplasm":104,"Art of War":55,"Bottled Lightning":38,"Membership Card":77,"ReplayTheSpireMod:Ring of Challenge":20,"ReplayTheSpireMod:Lightbulb":65},{"Golden Egg":246,"Mark of the Bloom":329,"CeramicFish":119,"Vajra":127,"jedi:command_rare":233,"wanderingMiniBosses:OtherGremlinHorn":198,"jedi:bottledfury":286,"theScribe:StormScale":246,"jedi:shrinkray":384,"Sundial":387,"Philosopher\u0027s Stone":276,"Iron Hammer":341,"HollowMod:PaleOreRelic":63,"Replay:Bottled Steam":164,"ReplayTheSpireMod:CursedCoin":166,"Dead Branch":395,"Oddly Smooth Stone":246,"HollowMod:JonisBlessing":389,"theSleuth:BowenStilsonDogg":14,"theSleuth:Typewriter":0,"Akabeko":289,"potionbrewer:Torch":21,"jedi:heavyjacket":293,"Replay:Baseball":258,"ReplayTheSpireMod:Shallot":153,"Shuriken":349,"Simple Rune":368,"Onion Ring":389,"ReplayTheSpireMod:TigerMarble":230,"Abe\u0027s Treasure":356,"theScribe:StarterRelic1":0,"NlothsMask":425,"ReplayFunnel":212,"Lantern":34,"aspiration:Lifesprig":58,"theForsaken:ScaryMask":387,"Snecko Heart":44,"Torii":80,"Singing Bowl":347,"Angel_Ring":99,"Painkiller Herb":181,"mysticmod:SpellBook":233,"theForsaken:Lifeblossom":368,"CloakClasp":233,"jedi:archwizardhat":395,"Cursed Key":303,"theSleuth:JesterOfEncumbrance":73,"BranchBurnRelic":425,"Dream Catcher":69,"Nunchaku":121,"Replay:Bandana":228,"Shovel":164,"Mummified Hand":265,"Gambling Chip":119,"jedi:cryingmask":425,"Red Mask":63,"Chemical X":221,"wanderingMiniBosses:LockLocket":329,"Runic Pyramid":218,"Gremlin Food":58,"energizedSpire:RedRose":91,"Potion Belt":341,"BargainBundle":246,"Lee\u0027s Waffle":384,"ReplayTheSpireMod:Ninjato":119,"Replay:Towering Pillar of Hats":151,"Golden Idol":2,"Thread and Needle":341,"PreservedInsect":204,"Odd Mushroom":9,"Orichalcum":99,"Replay:Arrowhead":58,"White Beast Statue":166,"Peace Pipe":341,"Cauldron":341,"Strange Spoon":391,"Anchor":389,"potionbrewer:BoosterPack":14,"jedi:kaleidoscope":395,"jedi:ominousloannote":293,"Orrery":293,"Ectoplasm":422,"Art of War":256,"Bottled Lightning":204,"Membership Card":341,"ReplayTheSpireMod:Ring of Challenge":121,"ReplayTheSpireMod:Lightbulb":289}]},"card_choices":[{"not_picked":["theScribe:QuickStudy","theScribe:IcicleBlast"],"picked":"theScribe:CapacitanceScroll","floor":1},{"not_picked":["theScribe:WordsOfPower","theScribe:ThrownScroll"],"picked":"theScribe:Dark","floor":3},{"not_picked":["theScribe:FocusingBlow","theScribe:TelumSpellstone"],"picked":"theScribe:FalseLife","floor":4},{"not_picked":["theScribe:Frost","theScribe:EnchantedStrike"],"picked":"theScribe:QuickStudy","floor":6},{"not_picked":["theScribe:InvigoratingStrike","theScribe:GatherComponents"],"picked":"theScribe:QuickStudy","floor":8},{"not_picked":["theScribe:FrostvenomToxin","theScribe:RecklessResponse"],"picked":"theScribe:TimeDilation","floor":10},{"not_picked":["theScribe:BluntWeapons","theScribe:ArcaneBarrier","theScribe:ThrownScroll"],"picked":"Singing Bowl","floor":11},{"not_picked":["theScribe:Echo","theScribe:AbsoluteZero"],"picked":"theScribe:FocusedBolt","floor":16},{"not_picked":["theScribe:BluntWeapons","theScribe:MagicMissiles+1","theScribe:ToxicSpellstone"],"picked":"Singing Bowl","floor":18},{"not_picked":["theScribe:ScrollOfShadows","theScribe:Clarity","theScribe:CripplingCharge"],"picked":"Singing Bowl","floor":27},{"not_picked":["theScribe:GatherComponents+1","theScribe:BluntWeapons"],"picked":"theScribe:LightningBlade","floor":28},{"not_picked":["theScribe:ScrollOfShadows","theScribe:QuickStudy","theScribe:SanguineSurge+1"],"picked":"Singing Bowl","floor":29},{"not_picked":["theScribe:SacrificeRitual","theScribe:ArcaneBarrier","theScribe:FocusingBlow"],"picked":"Singing Bowl","floor":31}],"player_experience":1614143,"relics_obtained":[{"floor":6,"key":"theScribe:StormScale"},{"floor":9,"key":"Singing Bowl"}],"event_choices":[{"damage_healed":0,"gold_gain":0,"player_choice":"Got Potions","damage_taken":0,"max_hp_gain":0,"max_hp_loss":0,"event_name":"Lab","floor":2,"gold_loss":0},{"damage_healed":0,"gold_gain":0,"player_choice":"Donut","damage_taken":0,"max_hp_gain":5,"max_hp_loss":0,"event_name":"Big Fish","floor":5,"gold_loss":0},{"damage_healed":0,"gold_gain":75,"player_choice":"Gold","damage_taken":11,"max_hp_gain":0,"max_hp_loss":0,"event_name":"betterThird:BetterGoop","floor":13,"gold_loss":0},{"damage_healed":0,"gold_gain":0,"player_choice":"Upgraded","damage_taken":0,"max_hp_gain":0,"max_hp_loss":0,"event_name":"Upgrade Shrine","floor":20,"gold_loss":0,"cards_upgraded":["theScribe:FocusedBolt"]},{"damage_healed":0,"gold_gain":0,"player_choice":"Trade","damage_taken":0,"relics_obtained":["NlothsMask"],"max_hp_gain":0,"max_hp_loss":0,"event_name":"FaceTrader","floor":21,"gold_loss":0},{"damage_healed":0,"gold_gain":0,"player_choice":"Copied","damage_taken":0,"max_hp_gain":0,"max_hp_loss":0,"event_name":"Duplicator","floor":24,"gold_loss":0,"cards_obtained":["theScribe:FocusedBolt"]}],"is_beta":false,"boss_relics":[{"not_picked":["theScribe:ClarityBossRelic","Kintsugi"],"picked":"Ectoplasm"}],"items_purged_floors":[0,14],"is_endless":false,"potions_floor_spawned":[1,4,6,10,27],"killed_by":"Champ","ascension_level":3}}