{"host":"jgyoyy5iuhtvyvtg","time":1608711318,"event":{"mods":["2.2 Compatiblity","BaseMod","Challenge The Spire","Colored Map","Conspire","Downfall","Hermit","Highlight Path","Infinite Spire","Lobotomy","LobotomyExtend","Minty Spire (QoL Compilation)","Quick Restart","Replay The Spire","Spikes Relics","StSLib","The Construct","The Disciple","The Jungle","Yuri Mod"],"gold_per_floor":[217,217,31,47,66,92,92,106,106,131,131,96,96,62,62,163,163,183,183,183,72,72,98,98,98,98,112,12,12,12,38,38,135,135,151,151,73,73,124,124,189,189,243,243,112,112,112,112,112,112,112],"floor_reached":52,"playtime":1916,"items_purged":["hermit:Strike_Hermit","SwitchConfidence"],"score":978,"play_id":"44ee3119-16d1-4452-9bdc-b9c4bfd008c6","local_time":"20201223001518","is_ascension_mode":true,"campfire_choices":[{"floor":7,"key":"REST"},{"data":"hermit:BlackWind","floor":11,"key":"SMITH"},{"data":"hermit:Virtue","floor":13,"key":"SMITH"},{"data":"hermit:BigShot","floor":15,"key":"SMITH"},{"data":"infinitespire:SevenWalls","floor":24,"key":"SMITH"},{"floor":29,"key":"REST"},{"data":"hermit:TakeAim","floor":32,"key":"SMITH"},{"data":"hermit:EyeOfTheStorm","floor":40,"key":"SMITH"},{"floor":42,"key":"REST"},{"data":"hermit:HeroicBravado","floor":44,"key":"SMITH"},{"floor":49,"key":"REST"}],"circlet_count":0,"master_deck":["hermit:Strike_Hermit","hermit:Strike_Hermit","hermit:Defend_Hermit","hermit:Defend_Hermit","hermit:Defend_Hermit","hermit:Defend_Hermit","hermit:Snapshot","hermit:Covet","hermit:Headshot","hermit:Snipe","hermit:BlackWind+1","hermit:TrackingShot","hermit:Virtue+1","hermit:GhostlyPresence","hermit:Dive","hermit:BigShot+1","hermit:Headshot+1","hermit:HeroicBravado+1","hermit:Quickdraw","infinitespire:SevenWalls+1","hermit:TakeAim+1","hermit:Enervate+1","hermit:Deadeye","hermit:DeadOrAlive","hermit:EyeOfTheStorm+1","hermit:Ricochet","hermit:Determination","hermit:Coalescence","expansioncontent:DashGenerateEvil","Doubt"],"relics":["hermit:Momento","LetterFromLob","Peace Pipe","Lizard Tail","Bronze Scales","Black Star","conspire:DecoderRing","ZombieTooth","Nunchaku","Replay:Accelerometer","GiantMaggot","Iron Hammer","hermit:BartenderGlass","Juzu Bracelet","BrokenLever","Smiling Mask","Guardian:PocketSentry","Ring of Searing","Bottled Lightning"],"acts_visited":["Exordium","Exordium","TheBeyond"],"potions_floor_usage":[6,10,16,23,33,35,35,41,41,50,50,50,50],"damage_taken":[{"damage":13,"enemies":"Jaw Worm","floor":1,"turns":4},{"damage":3,"enemies":"Small Slimes","floor":4,"turns":3},{"damage":0,"enemies":"conspire:RoseBush","floor":5,"turns":3},{"damage":25,"enemies":"3 Sentries","floor":6,"turns":9},{"damage":15,"enemies":"Large Slime","floor":8,"turns":3},{"damage":16,"enemies":"Gremlin Nob","floor":10,"turns":3},{"damage":0,"enemies":"Slime Boss","floor":16,"turns":5},{"damage":13,"enemies":"theJungle:GiantWrat","floor":18,"turns":7},{"damage":58,"enemies":"theJungle:MamaSnecko","floor":23,"turns":10},{"damage":6,"enemies":"Shell Parasite","floor":27,"turns":5},{"damage":16,"enemies":"theJungle:Cassacara","floor":31,"turns":7},{"damage":15,"enemies":"theJungle:FunGuy","floor":33,"turns":12},{"damage":1,"enemies":"3 Shapes","floor":35,"turns":4},{"damage":35,"enemies":"Nemesis","floor":41,"turns":9},{"damage":55,"enemies":"Awakened One","floor":50,"turns":12}],"seed_played":"6590376701399016092","potions_obtained":[{"floor":4,"key":"GamblersBrew"},{"floor":6,"key":"FearPotion"},{"floor":8,"key":"BlessingOfTheForge"},{"floor":10,"key":"infinitespire:BlackPotion"},{"floor":27,"key":"Strength Potion"},{"floor":31,"key":"Toxic Potion"}],"is_trial":false,"path_per_floor":["M","?","$","M","M","E","R","M","T","E","R","?","R","$","R","B",null,"M","AVR","?","$","?","E","R","?","T","M","$","R","?","E","R","B",null,"M","?","$","?","T","R","E","R","T","R","$","?","?","T","R","B",null,null],"character_chosen":"HERMIT","items_purchased":["hermit:Snipe","hermit:BlackWind","hermit:Headshot+1","hermit:TakeAim","hermit:EyeOfTheStorm","hermit:Determination","hermit:Coalescence"],"campfire_rested":4,"item_purchase_floors":[3,3,14,21,37,45,45],"current_hp_per_floor":[55,55,55,52,52,27,49,34,34,18,18,36,36,36,36,36,65,52,52,52,52,52,37,37,37,37,31,31,53,53,37,37,24,62,61,61,61,61,61,61,26,48,48,48,48,48,48,48,70,15,15],"gold":112,"neow_bonus":"HUNDRED_GOLD","is_daily":false,"chose_seed":false,"campfire_upgraded":7,"win_rate":0.0,"timestamp":1608711318,"path_taken":["M","?","$","M","M","E","R","M","T","E","R","?","R","$","R","BOSS","M","AVR","?","$","?","E","R","?","T","?","?","R","?","E","R","BOSS","M","?","$","?","?","R","E","R","T","R","$","?","?","?","R","BOSS"],"items_purchased_type":["Card","Card","Card","Card","Card","Card","Card"],"build_version":"2020-12-22","purchased_purges":2,"victory":true,"max_hp_per_floor":[75,75,75,75,75,75,75,75,75,75,75,75,75,75,75,75,75,75,75,75,75,75,75,75,75,75,75,75,75,75,75,75,75,75,75,75,75,75,75,75,75,75,75,75,75,75,75,75,75,75,75],"card_choices":[{"not_picked":["hermit:BigShot","hermit:Misfire"],"picked":"hermit:Headshot","floor":1},{"not_picked":["hermit:LowProfile","hermit:Manifest"],"picked":"hermit:TrackingShot","floor":4},{"not_picked":["hermit:Desperado","hermit:Malice"],"picked":"hermit:Virtue","floor":5},{"not_picked":["hermit:DeadOrAlive","hermit:Roulette"],"picked":"hermit:GhostlyPresence","floor":6},{"not_picked":["hermit:ItchyTrigger","hermit:Headshot"],"picked":"hermit:Dive","floor":8},{"not_picked":["hermit:Feint","hermit:Spite"],"picked":"hermit:BigShot","floor":10},{"not_picked":["hermit:FinalCanter","hermit:Dissolve"],"picked":"hermit:HeroicBravado","floor":16},{"not_picked":["hermit:CursedWeapon+1","hermit:LoneWolf"],"picked":"hermit:Quickdraw","floor":18},{"not_picked":["hermit:Snipe","hermit:LuckOfTheDraw","hermit:Misfire"],"picked":"SKIP","floor":23},{"not_picked":["hermit:Midnight","hermit:Snipe"],"picked":"hermit:Enervate+1","floor":27},{"not_picked":["hermit:Coalescence","hermit:NoHoldsBarred"],"picked":"hermit:Deadeye","floor":31},{"not_picked":["hermit:Reprieve","hermit:Dissolve"],"picked":"hermit:DeadOrAlive","floor":33},{"not_picked":["hermit:Snipe+1","hermit:ShadowCloak+1","hermit:HighCaliber+1"],"picked":"SKIP","floor":35},{"not_picked":["hermit:OverwhelmingPower","hermit:TrackingShot"],"picked":"hermit:Ricochet","floor":41},{"not_picked":["expansioncontent:Flail","conspire:Banana"],"picked":"expansioncontent:DashGenerateEvil","floor":46}],"player_experience":3177689,"relics_obtained":[{"floor":1,"key":"LetterFromLob"},{"floor":6,"key":"Peace Pipe"},{"floor":9,"key":"Lizard Tail"},{"floor":10,"key":"Bronze Scales"},{"floor":23,"key":"ZombieTooth"},{"floor":23,"key":"Nunchaku"},{"floor":26,"key":"Replay:Accelerometer"},{"floor":31,"key":"GiantMaggot"},{"floor":31,"key":"Iron Hammer"},{"floor":39,"key":"Juzu Bracelet"},{"floor":41,"key":"BrokenLever"},{"floor":41,"key":"Smiling Mask"},{"floor":43,"key":"Guardian:PocketSentry"},{"floor":47,"key":"Ring of Searing"},{"floor":48,"key":"Bottled Lightning"}],"event_choices":[{"damage_healed":0,"gold_gain":0,"player_choice":"Leave","damage_taken":0,"max_hp_gain":0,"max_hp_loss":0,"event_name":"conspire:Investor","floor":2,"gold_loss":0},{"damage_healed":18,"gold_gain":0,"player_choice":"Healed","damage_taken":0,"max_hp_gain":0,"max_hp_loss":0,"event_name":"The Cleric","floor":12,"gold_loss":35},{"damage_healed":0,"gold_gain":0,"player_choice":"1 cards matched","damage_taken":0,"max_hp_gain":0,"max_hp_loss":0,"event_name":"Match and Keep!","floor":25,"gold_loss":0,"cards_obtained":["SwitchConfidence"]},{"damage_healed":0,"gold_gain":0,"player_choice":"Memory 1","damage_taken":0,"max_hp_gain":0,"max_hp_loss":0,"event_name":"SensoryStone","floor":46,"gold_loss":0}],"is_beta":false,"boss_relics":[{"not_picked":["Replay:Ancient Bell","Fusion Hammer"],"picked":"Black Star"},{"not_picked":["construct:WeddingRing","Replay:Fungal Core"],"picked":"hermit:BartenderGlass"}],"items_purged_floors":[21,28],"is_endless":false,"potions_floor_spawned":[4,6,8,10,27,31],"ascension_level":6}}