{"host":"fjaupvxe7fzqrf4j","time":1608740042,"event":{"mods":["BaseMod","Minty Spire (QoL Compilation)","StSLib"],"gold_per_floor":[110,110,121,271,30,30,58,71,118,118,148,174,188,188,188,262,262,274,324,342,358,370,370,388,423,448,548,548,548,198,224,224,301,301,314,324,324,239,253,253,282,282,335,335,367,367,382,400,400,400,400,400,39,68,68],"floor_reached":56,"playtime":3111,"items_purged":["Doubt","Bash"],"score":2218,"play_id":"327ef36f-20da-4c37-9cbe-4d94c7af1897","local_time":"20201224001402","is_ascension_mode":true,"campfire_choices":[{"data":"Carnage","floor":6.0,"key":"SMITH"},{"data":"Sword Boomerang","floor":10.0,"key":"SMITH"},{"data":"Armaments","floor":15.0,"key":"SMITH"},{"data":"Battle Trance","floor":23.0,"key":"SMITH"},{"floor":28.0,"key":"RECALL"},{"data":"Pommel Strike","floor":32.0,"key":"SMITH"},{"data":"Entrench","floor":40.0,"key":"SMITH"},{"data":"Barricade","floor":42.0,"key":"SMITH"},{"data":"Power Through","floor":46.0,"key":"SMITH"},{"floor":49.0,"key":"REST"},{"data":"Shockwave","floor":52.0,"key":"SMITH"}],"circlet_count":0,"master_deck":["AscendersBane","Defend_R","Defend_R","Defend_R","Defend_R","Battle Trance+1","Carnage+1","Pommel Strike+1","Barricade+1","Sword Boomerang+1","Armaments+1","Corruption","Limit Break","Spot Weakness+1","Disarm+1","Havoc+1","Heavy Blade+1","Shrug It Off","Second Wind+1","Feed","Evolve+1","Entrench+1","Power Through+1","Shockwave+1","Impervious","Flame Barrier","Chrysalis","Disarm"],"relics":["Burning Blood","NeowsBlessing","Brimstone","Omamori","Dream Catcher","Anchor","Astrolabe","Centennial Puzzle","Art of War","Thread and Needle","Bottled Tornado","Vajra","Membership Card","HornCleat","PreservedInsect","Nunchaku","Black Star","Happy Flower","Gremlin Horn","Bronze Scales","InkBottle","Frozen Egg 2","Strange Spoon","Du-Vu Doll","Lantern","Bag of Marbles"],"acts_visited":["Exordium","TheCity","TheBeyond","TheEnding"],"potions_floor_usage":[55,55],"damage_taken":[{"damage":0.0,"enemies":"Small Slimes","floor":1.0,"turns":1.0},{"damage":0.0,"enemies":"Cultist","floor":3.0,"turns":1.0},{"damage":0.0,"enemies":"3 Sentries","floor":7.0,"turns":1.0},{"damage":5.0,"enemies":"2 Louse","floor":8.0,"turns":3.0},{"damage":18.0,"enemies":"Lagavulin","floor":12.0,"turns":4.0},{"damage":0.0,"enemies":"2 Fungi Beasts","floor":13.0,"turns":2.0},{"damage":22.0,"enemies":"The Guardian","floor":16.0,"turns":5.0},{"damage":0.0,"enemies":"Spheric Guardian","floor":18.0,"turns":3.0},{"damage":7.0,"enemies":"Shell Parasite","floor":20.0,"turns":4.0},{"damage":0.0,"enemies":"Centurion and Healer","floor":21.0,"turns":3.0},{"damage":13.0,"enemies":"Snake Plant","floor":22.0,"turns":4.0},{"damage":12.0,"enemies":"Cultist and Chosen","floor":24.0,"turns":3.0},{"damage":8.0,"enemies":"Book of Stabbing","floor":25.0,"turns":3.0},{"damage":0.0,"enemies":"Colosseum Slavers","floor":27.0,"turns":2.0},{"damage":21.0,"enemies":"Colosseum Nobs","floor":27.0,"turns":3.0},{"damage":7.0,"enemies":"Slavers","floor":31.0,"turns":3.0},{"damage":28.0,"enemies":"Collector","floor":33.0,"turns":5.0},{"damage":25.0,"enemies":"3 Darklings","floor":35.0,"turns":3.0},{"damage":5.0,"enemies":"3 Shapes","floor":36.0,"turns":5.0},{"damage":0.0,"enemies":"Maw","floor":39.0,"turns":6.0},{"damage":12.0,"enemies":"Reptomancer","floor":41.0,"turns":4.0},{"damage":0.0,"enemies":"Giant Head","floor":45.0,"turns":6.0},{"damage":0.0,"enemies":"Jaw Worm Horde","floor":47.0,"turns":4.0},{"damage":5.0,"enemies":"Spire Growth","floor":48.0,"turns":4.0},{"damage":24.0,"enemies":"Awakened One","floor":50.0,"turns":9.0},{"damage":1.0,"enemies":"Shield and Spear","floor":54.0,"turns":5.0},{"damage":0,"enemies":"The Heart","floor":55,"turns":11}],"seed_played":"5040446529384041908","potions_obtained":[{"floor":1.0,"key":"Block Potion"},{"floor":13.0,"key":"Block Potion"},{"floor":20.0,"key":"Fire Potion"},{"floor":22.0,"key":"Swift Potion"},{"floor":24.0,"key":"Energy Potion"},{"floor":27.0,"key":"FearPotion"},{"floor":31.0,"key":"ElixirPotion"},{"floor":39.0,"key":"BlessingOfTheForge"},{"floor":44.0,"key":"ColorlessPotion"},{"floor":45.0,"key":"LiquidMemories"}],"is_trial":false,"path_per_floor":["M","?","M","?","$","R","E","M","T","R","?","E","M","?","R","B",null,"M","?","M","M","M","R","M","E","T","?","R","?","$","E","R","B",null,"M","M","?","$","M","R","E","R","T","?","E","R","M","M","R","B",null,"R","$","E","B",null],"character_chosen":"IRONCLAD","items_purchased":["Brimstone","Pommel Strike","Membership Card","HornCleat","PreservedInsect","Entrench","Strange Spoon","PowerPotion","Flame Barrier","Chrysalis","Du-Vu Doll"],"campfire_rested":1,"item_purchase_floors":[5,5,30,30,30,38,53,53,53,53,53],"current_hp_per_floor":[74,74,75,75,75,75,75,75,75,75,75,63,69,69,69,53,70,75,75,74,75,68,68,62,60,60,51,51,51,51,50,50,28,63,48,53,53,53,62,62,60,60,60,60,66,66,75,80,97,83,97,97,97,105,109],"gold":68,"neow_bonus":"THREE_ENEMY_KILL","is_daily":false,"chose_seed":true,"campfire_upgraded":9,"win_rate":0.0,"timestamp":1608740042,"path_taken":["M","?","?","?","$","R","E","M","T","R","?","E","M","?","R","BOSS","M","?","M","?","M","R","M","E","T","?","R","?","$","E","R","BOSS","M","?","?","$","M","R","E","R","T","?","E","R","?","M","R","BOSS","R","$","E","BOSS"],"items_purchased_type":["Relic","Card","Relic","Relic","Relic","Card","Relic","Potion","Card","Card","Relic"],"build_version":"2020-12-22","purchased_purges":2,"victory":true,"max_hp_per_floor":[75,75,75,75,75,75,75,75,75,75,75,75,75,75,75,75,75,75,75,75,75,75,75,75,75,75,75,75,75,75,75,75,75,75,79,83,83,83,86,86,90,90,90,90,90,90,93,97,97,101,101,101,101,105,109],"card_choices":[{"not_picked":["Infernal Blade","Warcry"],"picked":"Battle Trance","floor":1.0},{"not_picked":["Anger","Iron Wave"],"picked":"Carnage","floor":3.0},{"not_picked":["Warcry","Flame Barrier"],"picked":"Barricade","floor":7.0},{"not_picked":["Havoc","Perfected Strike"],"picked":"Sword Boomerang","floor":8.0},{"not_picked":["Rampage","Sword Boomerang"],"picked":"Armaments","floor":12.0},{"not_picked":["Wild Strike","Twin Strike"],"picked":"Corruption","floor":13.0},{"not_picked":["Corruption","Exhume"],"picked":"Limit Break","floor":16.0},{"not_picked":["Body Slam","Anger"],"picked":"Heavy Blade+1","floor":18.0},{"not_picked":["Sever Soul","Havoc","Perfected Strike"],"picked":"SKIP","floor":20.0},{"not_picked":["Armaments","Hemokinesis","Iron Wave+1"],"picked":"SKIP","floor":21.0},{"not_picked":["Fiend Fire","Pommel Strike","Anger"],"picked":"SKIP","floor":22.0},{"not_picked":["Reckless Charge","Sword Boomerang","Clash"],"picked":"SKIP","floor":24.0},{"not_picked":["Infernal Blade","Bloodletting","True Grit"],"picked":"SKIP","floor":25.0},{"not_picked":["Spot Weakness","Havoc"],"picked":"Shrug It Off","floor":27.0},{"not_picked":["Entrench","Armaments"],"picked":"Second Wind+1","floor":31.0},{"not_picked":["Corruption","Double Tap"],"picked":"Feed","floor":33.0},{"not_picked":["Thunderclap","Sever Soul"],"picked":"Evolve+1","floor":35.0},{"not_picked":["Shrug It Off","Spot Weakness","Warcry"],"picked":"SKIP","floor":36.0},{"not_picked":["Headbutt","Thunderclap","Blood for Blood"],"picked":"SKIP","floor":39.0},{"not_picked":["Iron Wave","Body Slam","Bludgeon"],"picked":"SKIP","floor":41.0},{"not_picked":["Immolate","Rampage"],"picked":"Power Through","floor":45.0},{"not_picked":["Pommel Strike","Clash"],"picked":"Shockwave","floor":47.0},{"not_picked":["Clash","Thunderclap","Iron Wave"],"picked":"SKIP","floor":48.0},{"not_picked":["Sentinel","Anger"],"picked":"Impervious","floor":49.0},{"not_picked":["Rupture+1","True Grit"],"picked":"Disarm","floor":54.0}],"player_experience":258231,"relics_obtained":[{"floor":7.0,"key":"Omamori"},{"floor":12.0,"key":"Anchor"},{"floor":25.0,"key":"Centennial Puzzle"},{"floor":26.0,"key":"Art of War"},{"floor":27.0,"key":"Thread and Needle"},{"floor":27.0,"key":"Bottled Tornado"},{"floor":31.0,"key":"Nunchaku"},{"floor":41.0,"key":"Happy Flower"},{"floor":41.0,"key":"Gremlin Horn"},{"floor":43.0,"key":"Bronze Scales"},{"floor":45.0,"key":"InkBottle"},{"floor":45.0,"key":"Frozen Egg 2"},{"floor":54.0,"key":"Lantern"},{"floor":54.0,"key":"Bag of Marbles"}],"event_choices":[{"cards_removed":["Strike_R"],"damage_healed":0.0,"max_hp_gain":0.0,"max_hp_loss":0.0,"gold_gain":0.0,"event_name":"Purifier","player_choice":"Purged","floor":2.0,"gold_loss":0.0,"damage_taken":0.0},{"damage_healed":0.0,"max_hp_gain":0.0,"max_hp_loss":0.0,"gold_gain":150.0,"event_name":"Liars Game","player_choice":"AGREE","floor":4.0,"gold_loss":0.0,"damage_taken":0.0,"cards_obtained":["Doubt"]},{"damage_healed":0.0,"max_hp_gain":0.0,"max_hp_loss":0.0,"gold_gain":30.0,"event_name":"Dead Adventurer","player_choice":"Searched \u00272\u0027 times","floor":11.0,"gold_loss":0.0,"damage_taken":0.0,"relics_obtained":["Dream Catcher"]},{"cards_removed":["Strike_R"],"damage_healed":0.0,"max_hp_gain":0.0,"max_hp_loss":0.0,"gold_gain":0.0,"event_name":"Living Wall","player_choice":"Forget","floor":14.0,"gold_loss":0.0,"damage_taken":0.0},{"damage_healed":0.0,"max_hp_gain":0.0,"max_hp_loss":0.0,"gold_gain":100.0,"event_name":"The Joust","player_choice":"Bet on Murderer","floor":19.0,"gold_loss":50.0,"damage_taken":0.0},{"damage_healed":0.0,"max_hp_gain":0.0,"max_hp_loss":0.0,"gold_gain":0.0,"event_name":"Colosseum","player_choice":"Fight","floor":27.0,"gold_loss":0.0,"damage_taken":0.0},{"damage_healed":0.0,"max_hp_gain":0.0,"max_hp_loss":0.0,"gold_gain":0.0,"event_name":"Colosseum","player_choice":"Fought Nobs","floor":27.0,"gold_loss":0.0,"damage_taken":0.0},{"damage_healed":0.0,"max_hp_gain":0.0,"max_hp_loss":0.0,"gold_gain":0.0,"event_name":"WeMeetAgain","player_choice":"Gave Potion","floor":29.0,"gold_loss":0.0,"damage_taken":0.0,"relics_obtained":["Vajra"]},{"damage_healed":0.0,"max_hp_gain":0.0,"max_hp_loss":0.0,"gold_gain":0.0,"event_name":"Tomb of Lord Red Mask","player_choice":"Ignored","floor":37.0,"gold_loss":0.0,"damage_taken":0.0},{"damage_healed":0.0,"max_hp_gain":0.0,"max_hp_loss":0.0,"gold_gain":0.0,"event_name":"Lab","player_choice":"Got Potions","floor":44.0,"gold_loss":0.0,"damage_taken":0.0}],"is_beta":false,"boss_relics":[{"not_picked":["Pandora\u0027s Box","Sozu"],"picked":"Astrolabe"},{"not_picked":["Mark of Pain","Runic Cube"],"picked":"Black Star"}],"items_purged_floors":[5,38],"is_endless":false,"potions_floor_spawned":[1,13,20,22,24,27,27,31,39,45],"ascension_level":15}}