{"host":"6e4d2nejd5141r00","time":1608761696,"event":{"mods":["Act Like it!","BaseMod","Better Synergies","Better Third Choice","BetterRewards","CapriCore","Colored Map","Colored Powertips","GifTheSpireLib","Infinite Spire","Lobotomy","LobotomyExtend","Minty Spire (QoL Compilation)","Pale of the Ancients","Relic Stats","Replay The Spire","StSLib","Wandering Minibosses"],"gold_per_floor":[118,132,148,203,203,223,233,262,262,280,309,309,309,321,321,422,422,432,448,458,458,470,500,517,517,517],"floor_reached":25,"playtime":1523,"items_purged":[],"score":339,"play_id":"f29d0283-cc71-42c4-824c-402e9727a05c","local_time":"20201223231456","is_ascension_mode":false,"campfire_choices":[],"circlet_count":0,"master_deck":["SpecialBullet","SpecialBullet","SpecialBullet","SpecialBullet","SpecialBullet","SpecialBullet","SpecialBullet","SpecialBullet","InformationCode","SecurityCode","TrainingCode","WristCuter","RedEyes+1","ShedSkin+1","Soda","Wingbeat","Mimicry","Soda","UniverseFragment","Bloodbath","Pinks","BlackArmy","OSAHOGD"],"relics":["CogitoBucket","LetterFromLob","ReplayFunnel","Replay:Baseball","War Paint","HellTrain","Orichalcum","ChewingGum","BehaviorAdjustment","Singing Bowl","Bag of Preparation"],"acts_visited":["Exordium","TheCity"],"potions_floor_usage":[25,25],"damage_taken":[{"damage":10.0,"enemies":"Small Slimes","floor":1.0,"turns":3.0},{"damage":12.0,"enemies":"2 Louse","floor":2.0,"turns":2.0},{"damage":0.0,"enemies":"Cultist","floor":3.0,"turns":2.0},{"damage":36.0,"enemies":"Exordium Thugs","floor":6.0,"turns":7.0},{"damage":17.0,"enemies":"3 Louse","floor":7.0,"turns":3.0},{"damage":19.0,"enemies":"Lagavulin","floor":8.0,"turns":4.0},{"damage":42.0,"enemies":"Looter","floor":10.0,"turns":9.0},{"damage":15.0,"enemies":"3 Sentries","floor":11.0,"turns":5.0},{"damage":0.0,"enemies":"Lots of Slimes","floor":14.0,"turns":2.0},{"damage":0.0,"enemies":"Fading Forest","floor":16.0,"turns":11.0},{"damage":0.0,"enemies":"Shell Parasite","floor":18.0,"turns":4.0},{"damage":60.0,"enemies":"Chosen","floor":19.0,"turns":5.0},{"damage":4.0,"enemies":"Shelled Parasite and Fungi","floor":20.0,"turns":5.0},{"damage":0,"enemies":"Snecko","floor":22,"turns":10},{"damage":10,"enemies":"Book of Stabbing","floor":23,"turns":5},{"damage":0,"enemies":"Sentry and Sphere","floor":24,"turns":5},{"damage":97,"enemies":"Centurion and Healer","floor":25,"turns":5}],"seed_played":"5002325115806293528","potions_obtained":[{"floor":1.0,"key":"DistilledChaos"},{"floor":3.0,"key":"DuplicationPotion"},{"floor":4.0,"key":"Strength Potion"},{"floor":7.0,"key":"AttackPotion"},{"floor":18.0,"key":"Adrenaline Potion"},{"floor":22,"key":"Ancient Potion"},{"floor":24,"key":"Explosive Potion"}],"is_trial":false,"path_per_floor":["M","M","M","?","?","M","M","E","T","M","E","R","E","M","R","B",null,"M","M","M","?","M","E","M","M"],"character_chosen":"Angela","items_purchased":[],"campfire_rested":0,"item_purchase_floors":[],"current_hp_per_floor":[68,64,70,42,80,60,51,43,43,41,35,35,35,48,48,88,88,88,32,40,40,61,66,92,0,0],"gold":517,"neow_bonus":"THREE_CARDS","is_daily":false,"chose_seed":false,"campfire_upgraded":0,"win_rate":0.0,"timestamp":1608761696,"path_taken":["M","M","M","?","?","M","M","E","T","M","E","R","E","M","R","BOSS","M","M","M","?","M","E","M","M"],"items_purchased_type":[],"build_version":"2020-12-22","purchased_purges":0,"victory":false,"max_hp_per_floor":[70,70,70,70,80,80,80,80,80,80,80,80,80,84,84,88,88,88,88,88,88,94,96,102,102,102],"relic_stats":{"Singing Bowl":6,"counters":[20,90],"Bag of Preparation":[4],"War Paint":["RedEyes","ShedSkin"],"Orichalcum":[216],"obtain_stats":[{"ReplayFunnel":4,"CogitoBucket":0,"Replay:Baseball":8,"Singing Bowl":21,"ChewingGum":17,"BehaviorAdjustment":19,"LetterFromLob":1,"Bag of Preparation":23,"War Paint":9,"HellTrain":10,"Orichalcum":11},{"ReplayFunnel":3,"CogitoBucket":0,"Replay:Baseball":6,"Singing Bowl":15,"ChewingGum":11,"BehaviorAdjustment":14,"LetterFromLob":1,"Bag of Preparation":17,"War Paint":6,"HellTrain":8,"Orichalcum":9},{"ReplayFunnel":7,"CogitoBucket":0,"Replay:Baseball":21,"Singing Bowl":64,"ChewingGum":49,"BehaviorAdjustment":59,"LetterFromLob":3,"Bag of Preparation":79,"War Paint":21,"HellTrain":31,"Orichalcum":36}]},"card_choices":[{"not_picked":["Laetitia_ego"],"picked":"WristCuter","floor":1.0},{"not_picked":["CherryBlossom"],"picked":"RedEyes","floor":2.0},{"not_picked":["CherryBlossom"],"picked":"Pinks","floor":3.0},{"not_picked":["TodaysExpression"],"picked":"ShedSkin","floor":4.0},{"not_picked":["FourthMatchFlame"],"picked":"Soda","floor":4.0},{"not_picked":["WallGazer","OldLady"],"picked":"QueenOfHatred","floor":6.0},{"not_picked":["Soda","FeatherOfHonor"],"picked":"SKIP","floor":6.0},{"not_picked":["InTheNameOfLoveAndHate"],"picked":"Wingbeat","floor":7.0},{"not_picked":["Penitence"],"picked":"Mimicry","floor":8.0},{"not_picked":["OSAHOGD","ShyLook"],"picked":"DespairKnight","floor":10.0},{"not_picked":["WristCuter"],"picked":"Soda","floor":10.0},{"not_picked":["ShedSkin","Discord"],"picked":"SKIP","floor":11.0},{"not_picked":["HappyTeddy","CherryBlossoms"],"picked":"UniverseFragment","floor":14.0},{"not_picked":["Wingbeat","Gaze"],"picked":"SKIP","floor":14.0},{"not_picked":["OldLady","CrumblingArmor"],"picked":"Bloodbath","floor":16.0},{"not_picked":["ParadiseLost"],"picked":"Pinks","floor":16.0},{"not_picked":["FourthMatchFlame","WristCuter"],"picked":"SKIP","floor":18.0},{"not_picked":["Laetitia_ego","Penitence"],"picked":"SKIP","floor":19.0},{"not_picked":["Horn","Noise"],"picked":"SKIP","floor":20},{"not_picked":["CherryBlossoms","MHz"],"picked":"BlackArmy","floor":22},{"not_picked":["Galaxy","Lantern"],"picked":"Singing Bowl","floor":22},{"not_picked":["Moonlight+1","CUTE"],"picked":"Singing Bowl","floor":23},{"not_picked":["Rudolta","SingingMachine"],"picked":"OSAHOGD","floor":24},{"not_picked":["Reverberation+1","FourthMatchFlame"],"picked":"Singing Bowl","floor":24}],"player_experience":163779,"relics_obtained":[{"floor":1.0,"key":"LetterFromLob"},{"floor":4.0,"key":"ReplayFunnel"},{"floor":8.0,"key":"Replay:Baseball"},{"floor":9.0,"key":"War Paint"},{"floor":11.0,"key":"Orichalcum"},{"floor":23,"key":"Bag of Preparation"}],"event_choices":[{"cards_removed":["Pinks"],"damage_healed":28.0,"max_hp_gain":10.0,"max_hp_loss":0.0,"gold_gain":0.0,"event_name":"Bonfire Elementals","player_choice":"Offered Rare","floor":5.0,"gold_loss":0.0,"damage_taken":0.0}],"is_beta":false,"boss_relics":[{"not_picked":["Tiny House","Replay:Bronze Core"],"picked":"ChewingGum"}],"items_purged_floors":[],"is_endless":false,"potions_floor_spawned":[1,3,7,18,22,24],"killed_by":"Centurion and Healer","ascension_level":0}}