{"host":"3zmyosrb19tilrsv","time":1608690372,"event":{"mods":["AchievementEnabler","BaseMod","Colored Powertips","Marisa????????","Minty Spire (QoL Compilation)","Permanent Neow","StSLib","The Cursed","The Disciple","The Servant 0.9.4"],"gold_per_floor":[109,109,124,144,244,244,262,272,272,272,272,305,7,21,21,126,126,136,148,162,162,162],"floor_reached":21,"playtime":1891,"items_purged":[],"score":183,"play_id":"cdc0307d-69f0-4054-ae47-998ceeefc839","local_time":"20201222182612","is_ascension_mode":false,"campfire_choices":[{"data":"MagicChant","floor":6,"key":"SMITH"},{"floor":10,"key":"REST"},{"floor":15,"key":"REST"}],"circlet_count":0,"master_deck":["Strike_MRS","Strike_MRS","Strike_MRS","Strike_MRS","Defend_MRS","Defend_MRS","Defend_MRS","Defend_MRS","MasterSpark","UpSweep","MysteriousBeam","GalacticHalo","MagicChant+1","PulseMagic","AsteroidBelt","PropBag","UltimateShortwave","EnergyFlow+1"],"relics":["MiniHakkero","Potion Belt","Orichalcum","Pantograph","SlaversCollar","Sundial"],"acts_visited":["Exordium","TheCity"],"potions_floor_usage":[16,16,20,21],"damage_taken":[{"damage":5,"enemies":"Small Slimes","floor":1,"turns":3},{"damage":0,"enemies":"Cultist","floor":3,"turns":4},{"damage":2,"enemies":"2 Louse","floor":4,"turns":3},{"damage":30,"enemies":"Gremlin Gang","floor":7,"turns":6},{"damage":2,"enemies":"Blue Slaver","floor":8,"turns":2},{"damage":35,"enemies":"3 Sentries","floor":12,"turns":7},{"damage":4,"enemies":"Looter","floor":14,"turns":2},{"damage":37,"enemies":"The Guardian","floor":16,"turns":9},{"damage":38,"enemies":"3 Byrds","floor":18,"turns":9},{"damage":21,"enemies":"Chosen","floor":19,"turns":5},{"damage":26,"enemies":"Shelled Parasite and Fungi","floor":20,"turns":6},{"damage":21,"enemies":"Snake Plant","floor":21,"turns":5}],"seed_played":"8777362103119890479","potions_obtained":[{"floor":3,"key":"DistilledChaos"},{"floor":4,"key":"GamblersBrew"},{"floor":8,"key":"FairyPotion"},{"floor":18,"key":"BottledSpark"}],"is_trial":false,"path_per_floor":["M","?","M","M","?","R","M","M","T","R","?","E","$","M","R","B",null,"M","M","M","M"],"character_chosen":"MARISA","items_purchased":["Pantograph","Energy Potion"],"campfire_rested":2,"item_purchase_floors":[13,13],"current_hp_per_floor":[70,70,70,68,68,68,38,36,36,58,58,23,23,19,41,29,75,37,16,15,0,0],"gold":162,"neow_bonus":"THREE_CARDS","is_daily":false,"chose_seed":false,"campfire_upgraded":1,"win_rate":0.0,"timestamp":1608690372,"path_taken":["M","?","M","M","?","R","M","?","T","R","?","E","$","M","R","BOSS","M","M","M","M"],"items_purchased_type":["Relic","Potion"],"build_version":"2020-12-13","purchased_purges":0,"victory":false,"max_hp_per_floor":[75,75,75,75,75,75,75,75,75,75,75,75,75,75,75,75,75,75,75,75,75,75],"card_choices":[{"not_picked":["DC","WitchOfGreed"],"picked":"MysteriousBeam","floor":0},{"not_picked":["MysteriousBeam","NonDirectionalLaser"],"picked":"GalacticHalo","floor":1},{"not_picked":["ChargingUp","DC"],"picked":"MagicChant","floor":3},{"not_picked":["GravityBeat","LuminesStrike"],"picked":"PulseMagic","floor":4},{"not_picked":["DoubleSpark","MeteoricShower","NonDirectionalLaser"],"picked":"SKIP","floor":7},{"not_picked":["DoubleSpark","StarlightTyphoon","ShootingEcho"],"picked":"SKIP","floor":8},{"not_picked":["CollectingQuirk","ShootingEcho"],"picked":"AsteroidBelt","floor":12},{"not_picked":["Acceleration","WitchLeyline"],"picked":"PropBag","floor":14},{"not_picked":["CasketOfStar","FinalSpark"],"picked":"UltimateShortwave","floor":16},{"not_picked":["DC","Orbital+1"],"picked":"EnergyFlow+1","floor":18},{"not_picked":["MilkyWay","AlicesGift","AsteroidBelt"],"picked":"SKIP","floor":19},{"not_picked":["MeteoricShower","MachineGunSpark+1","GrandCross"],"picked":"SKIP","floor":20}],"player_experience":15583,"relics_obtained":[{"floor":9,"key":"Potion Belt"},{"floor":12,"key":"Orichalcum"}],"event_choices":[{"damage_healed":0,"gold_gain":0,"player_choice":"Ignored","damage_taken":0,"max_hp_gain":0,"max_hp_loss":0,"event_name":"Liars Game","floor":2,"gold_loss":0},{"damage_healed":0,"gold_gain":100,"player_choice":"Pray","damage_taken":0,"max_hp_gain":0,"max_hp_loss":0,"event_name":"Golden Shrine","floor":5,"gold_loss":0},{"damage_healed":0,"gold_gain":0,"player_choice":"0 cards matched","damage_taken":0,"max_hp_gain":0,"max_hp_loss":0,"event_name":"Match and Keep!","floor":11,"gold_loss":0,"cards_obtained":[]}],"is_beta":false,"boss_relics":[{"not_picked":["ExperimentalFamiliar","Runic Pyramid"],"picked":"SlaversCollar"}],"items_purged_floors":[],"is_endless":false,"potions_floor_spawned":[3,4,8,18],"killed_by":"Snake Plant","ascension_level":0}}