{"host":"y8lj6eu4rxnc2qvr","time":1608764800,"event":{"mods":["BaseMod","Downfall","Minty Spire (QoL Compilation)","StSLib"],"gold_per_floor":[17,27,47,66,84,115,115,135,162,162,221,67,67,85,85,189,189,201,126,146,171,171,198,198,198,198],"floor_reached":25,"playtime":1030,"items_purged":["Lockon"],"score":223,"play_id":"3c270b9c-ca50-4a3a-844f-0b1bf41e2aa4","local_time":"20201223180640","is_ascension_mode":false,"campfire_choices":[{"data":"Gash","floor":7,"key":"SMITH"},{"floor":13,"key":"REST"},{"floor":15,"key":"REST"},{"data":"Cold Snap","floor":24,"key":"SMITH"}],"circlet_count":0,"master_deck":["Strike_B","Strike_B","Strike_B","Defend_B","Defend_B","Defend_B","Defend_B","Zap","Dualcast","Gash+1","Cold Snap","FTL","Coolheaded","Electrodynamics","Conserve Battery","Go for the Eyes","Blizzard","Cold Snap+1","Seek","Redo","Glacier","Reinforced Body"],"relics":["Cracked Core","Incense Burner","Thread and Needle","Tiny Chest","Du-Vu Doll","Velvet Choker","Juzu Bracelet","Vajra"],"acts_visited":["Exordium","TheCity"],"potions_floor_usage":[6,11],"damage_taken":[{"damage":10,"enemies":"Small Slimes","floor":1,"turns":3},{"damage":0,"enemies":"2 Louse","floor":2,"turns":2},{"damage":0,"enemies":"Jaw Worm","floor":3,"turns":3},{"damage":4,"enemies":"Lots of Slimes","floor":4,"turns":4},{"damage":6,"enemies":"2 Fungi Beasts","floor":5,"turns":4},{"damage":17,"enemies":"Lagavulin","floor":6,"turns":5},{"damage":23,"enemies":"Gremlin Gang","floor":8,"turns":3},{"damage":12,"enemies":"Lagavulin Event","floor":11,"turns":4},{"damage":0,"enemies":"3 Louse","floor":14,"turns":1},{"damage":19,"enemies":"Slime Boss","floor":16,"turns":8},{"damage":0,"enemies":"Chosen","floor":18,"turns":4},{"damage":2,"enemies":"Spheric Guardian","floor":20,"turns":4},{"damage":2,"enemies":"Book of Stabbing","floor":23,"turns":9},{"damage":61,"enemies":"Slavers","floor":25,"turns":4}],"seed_played":"1583351244009350001","potions_obtained":[{"floor":1,"key":"champ:CounterPotion"},{"floor":2,"key":"Strength Potion"},{"floor":4,"key":"PowerPotion"},{"floor":8,"key":"BlessingOfTheForge"},{"floor":14,"key":"SteroidPotion"}],"is_trial":false,"path_per_floor":["M","M","M","M","M","E","R","M","T","?","?","$","R","M","R","B",null,"M","?","M","T","?","E","R","E"],"character_chosen":"DEFECT","items_purchased":["Blizzard"],"campfire_rested":2,"item_purchase_floors":[12],"current_hp_per_floor":[65,65,65,61,55,38,38,15,15,15,3,3,25,25,47,28,75,75,75,73,73,59,57,57,0,0],"gold":198,"neow_bonus":"ONE_RARE_RELIC","is_daily":false,"chose_seed":false,"campfire_upgraded":2,"win_rate":0.0,"timestamp":1608764800,"path_taken":["M","M","M","M","M","E","R","M","T","?","?","$","R","M","R","BOSS","M","?","M","?","?","E","R","E"],"items_purchased_type":["Card"],"build_version":"2020-12-22","purchased_purges":1,"victory":false,"max_hp_per_floor":[75,75,75,75,75,75,75,75,75,75,75,75,75,75,75,75,75,75,75,75,75,80,80,80,80,80],"card_choices":[{"not_picked":["Heatsinks","Steam Power"],"picked":"Gash","floor":1},{"not_picked":["Coolheaded","Aggregate"],"picked":"Cold Snap","floor":2},{"not_picked":["Streamline","Reinforced Body"],"picked":"FTL","floor":3},{"not_picked":["Steam Power","Double Energy"],"picked":"Coolheaded","floor":4},{"not_picked":["Turbo","Recycle"],"picked":"Electrodynamics","floor":5},{"not_picked":["Darkness","Storm"],"picked":"Lockon","floor":6},{"not_picked":["Skim","Stack"],"picked":"Conserve Battery","floor":8},{"not_picked":["Stack","Streamline"],"picked":"Go for the Eyes","floor":11},{"not_picked":["Coolheaded","Storm"],"picked":"Cold Snap","floor":14},{"not_picked":["Machine Learning","Buffer"],"picked":"Seek","floor":16},{"not_picked":["Hologram","Double Energy"],"picked":"Redo","floor":18},{"not_picked":["FTL","Hello World"],"picked":"Glacier","floor":20},{"not_picked":["Multi-Cast","Heatsinks"],"picked":"Reinforced Body","floor":23}],"player_experience":43806,"relics_obtained":[{"floor":6,"key":"Thread and Needle"},{"floor":9,"key":"Tiny Chest"},{"floor":11,"key":"Du-Vu Doll"},{"floor":21,"key":"Juzu Bracelet"},{"floor":23,"key":"Vajra"}],"event_choices":[{"damage_healed":0,"gold_gain":0,"player_choice":"Ignored","damage_taken":0,"max_hp_gain":0,"max_hp_loss":0,"event_name":"Shining Light","floor":10,"gold_loss":0},{"damage_healed":0,"gold_gain":0,"player_choice":"Searched \u00271\u0027 times","damage_taken":0,"max_hp_gain":0,"max_hp_loss":0,"event_name":"Dead Adventurer","floor":11,"gold_loss":0},{"cards_removed":["Strike_B"],"damage_healed":0,"gold_gain":0,"player_choice":"Gave Gold","damage_taken":0,"max_hp_gain":0,"max_hp_loss":0,"event_name":"Beggar","floor":19,"gold_loss":75},{"damage_healed":0,"gold_gain":0,"player_choice":"Shed Blood","damage_taken":19,"max_hp_gain":5,"max_hp_loss":0,"event_name":"Forgotten Altar","floor":22,"gold_loss":0}],"is_beta":false,"boss_relics":[{"not_picked":["Astrolabe","Busted Crown"],"picked":"Velvet Choker"}],"items_purged_floors":[12],"is_endless":false,"potions_floor_spawned":[1,2,4,8,14,18,20,23],"killed_by":"Slavers","ascension_level":0}}